2640 4626
207 193 251 264 46
455 205 735 256 ruscoaananun
752 207 1030 258 orsruranonon

208 353 294 427 qnae
315 323 358 396 ad
379 339 503 396 rectam
519 322 652 397 vivendi
669 322 756 396 viam
774 324 994 423 pertinerent,
1020 325 1104 397 ratio
1128 341 1161 400 et
1178 325 1280 400 disci-

207 427 300 527 plina
317 425 429 498 studio
445 425 644 525 sapientiae,
671 454 754 524 qnae
771 424 987 525 philosophia
1007 427 1145 517 dicitnr,
1173 431 1279 502 conti-

205 545 355 616 neretur;
390 527 455 600 hoc
481 527 563 599 rnihi
589 528 716 600 Latinis
742 528 858 601 litteris
891 528 1122 602 illustrandum
1156 533 1277 630 putavi.

206 661 293 720 non,
327 630 405 730 quia
425 629 640 731 philosophia
665 630 801 705 Graecis
829 646 861 703 et
885 630 1002 703 litteris
1027 649 1059 704 ct
1082 631 1277 706 doctoribus

206 734 335 834 percipi
360 761 429 805 non
454 749 585 834 posset:
623 733 684 805 sed
709 761 819 806 meum
845 761 977 833 semper
1011 733 1172 806 indicium
1207 735 1277 822 suit,

206 837 317 909 omnia
342 851 475 907 nostros
502 851 558 907 ant
583 834 747 908 invenisse
780 864 842 935 per
873 864 908 908 se
943 851 978 907 sa
1005 836 1144 925 ientins,
1177 865 1275 937 quarn

206 939 372 1025 Graecos;
399 952 455 1009 ant
475 953 608 1036 accepta
631 937 672 1009 ab
696 936 761 1010 illis
781 936 901 1011 secisse
922 864 1076 1026 meliora,
1103 967 1187 1038 quae
1205 941 1275 1040 qni-

206 1042 281 1114 dem
294 1041 395 1138 digna
411 1039 610 1126 statuissent,
627 1041 661 1111 in
677 1039 799 1138 quibus
816 1039 1030 1112 elaborarent.
1056 1054 1088 1118 2.
1105 1044 1191 1114 Nam
1208 1060 1276 1114 mo:

207 1173 260 1217 res
276 1159 308 1216 et
328 1141 477 1215 instituta
489 1142 573 1214 vitae
589 1170 707 1241 resque
733 1141 931 1214 domesticas
956 1172 993 1215 ac
1017 1142 1191 1216 familiaris
1216 1173 1274 1216 nos

205 1245 355 1346 profecto
378 1262 408 1318 et
421 1243 546 1317 melius
563 1261 695 1318 tuemur
710 1261 742 1317 et
760 1244 896 1319 lautius:
923 1273 992 1317 rem
1012 1273 1088 1317 vero
1107 1246 1274 1344 publicam

251 1450 419 1520 pertinerent
431 1447 648 1512 -2c0ntineretnrl
670 1447 724 1497 Ex·
753 1445 848 1509 ,dodae
861 1446 886 1496 h.
906 1464 927 1496 e.
950 1447 998 1509 via,
1018 1465 1067 1515 qua
1082 1459 1149 1498 artes
1166 1448 1274 1500 tradun-

206 1517 338 1588 apectabas
358 1517 495 1586 pertinent
519 1525 545 1564 et
566 1515 722 1576 continetur.
756 1524 800 1563 tur
821 1515 862 1564 vel
886 1513 1024 1565 discuntur.
1058 1517 1217 1585 Disciplina
1241 1528 1275 1568 est

205 1587 328 1653 Expressa
344 1583 459 1633 estenim
474 1582 599 1631 sententia
614 1598 723 1647 genera·
757 1581 818 1631 artis
833 1581 874 1633 vel
891 1581 1023 1632 doctrinae
1046 1582 1153 1634 alicmus
1175 1584 1275 1652 σύστη-

204 1653 236 1705 lis
251 1652 277 1702 h.
293 1669 316 1702 a.
331 1669 369 1713 ea,
385 1668 449 1718 quae
464 1666 516 1700 non
530 1649 611 1699 solum
623 1647 724 1716 inillud
758 1667 807 1717 μοι,

207 1731 307 1788 tempus
322 1718 397 1780 cadit,
432 1734 490 1767 uum
508 1715 595 1766 Cicero
605 1714 724 1785 philoso-
808 1735 875 1787 quae
894 1717 1072 1797 philosophia
1095 1718 1206 1787 dicitnr)
1233 1721 1275 1769 ln·

205 1787 290 1856 phiam
311 1785 397 1837 latinis
415 1735 517 1834 (litteris
547 1783 723 1833 illustrandam
756 1784 879 1835 dicativus
892 1803 920 1836 m
936 1787 1053 1836 oratione
1069 1787 1120 1836 obli
1139 1805 1180 1850 ua,
1200 1805 1275 1855 prae-

225 1855 320 1916 ntavit,
338 1853 383 1904 sed
397 1852 466 1902 omni
487 1861 603 1918 tempore
617 1851 722 1903 eandem
757 1870 843 1919 gresso
852 1864 967 1920 tempore
976 1805 1223 1921 liraemrito,locum
1230 1854 1274 1905 ha-

205 1872 284 1973 habet
309 1922 367 1971 vim.
400 1922 493 1972 Verum
516 1918 654 1968 tenendum
677 1928 723 1981 est,
756 1921 801 1970 bet
815 1920 842 1969 in
855 1920 885 1969 iis
901 1921 1133 1984 enunciationibus,
1151 1939 1274 1989 quaeer-

207 2007 283 2059 quum
299 2000 396 2039 veteres
411 1984 548 2055 scripto'res
556 1986 658 2049 latinos,
669 1996 724 2035 tum
757 1987 902 2055 plicationis
924 1987 1132 2038 illustrationisve
1157 2007 1273 2040 camma

205 2058 312 2109 maxime
329 2056 476 2106 Ciceronem
492 2054 519 2103 in
537 2054 657 2103 orationis
673 2053 721 2102 ob·
757 2054 880 2122 scriptore
897 2054 999 2104 additae
1017 2066 1084 2105 sunt.
1115 2058 1147 2106 V.
1162 2057 1273 2108 Heldad

205 2127 291 2194 liquae
311 2122 529 2173 enunciationibus
551 2138 616 2188 quae
630 2121 723 2172 dicun·
758 2124 828 2172 Caes.
845 2125 874 2172 B.
890 2124 922 2173 G.
943 2124 963 2184 1,
979 2127 1018 2180 18.
1034 2141 1062 2190 p.
1080 2127 1122 2181 26.
1140 2133 1167 2174 et
1183 2125 1273 2177 Rame-

204 2204 249 2244 tur
262 2190 414 2241 secundariis
428 2199 593 2268 posttempus
605 2198 723 2256 praeter·
756 2189 822 2240 horn
837 2190 895 2239 Lat.
913 2191 958 2241 Gr.
972 2193 999 2306 1.
1018 2194 1076 2249 196.
1094 2209 1119 2258 p.
1133 2195 1196 2251 618.
1215 2210 1253 2260 aq.

206 2261 271 2310 itum
279 2259 354 2308 etiam
362 2267 416 2307 tum
430 2255 723 2324 amperfcctnmetplus-
807 2257 918 2307 Graecis
932 2269 958 2307 et
982 2259 1071 2313 itteris
1081 2271 1107 2308 et
1115 2257 1273 2326 doctoribus)

205 2326 345 2395 qnamperf.
353 2325 473 2375 adhibere
480 2324 570 2386 solere,
578 2340 722 2391 quamsen-
756 2323 798 2375 Sic
814 2325 847 2374 N.
862 2325 894 2373 D.
910 2326 942 2374 11.
959 2328 1001 2383 35.
1017 2334 1078 2392 post
1098 2336 1200 2389 autem,
1218 2347 1273 2378 cer-

206 2396 287 2445 tantia
296 2395 383 2456 fertur,
400 2410 464 2460 quae
474 2393 559 2442 nonin
571 2409 646 2443 unum
654 2402 722 2443 tem-
755 2391 868 2445 tioribus
882 2392 980 2461 signis,
998 2393 1073 2470 quale
1087 2393 1121 2443 sit
1134 2393 1161 2445 id
1179 2395 1273 2464 dequo

206 2480 252 2532 pus
276 2472 304 2511 et
322 2461 350 2510 in
366 2478 443 2510 unum
458 2459 602 2520 hominem,
627 2459 672 2510 sed
696 2458 723 2509 in
756 2459 930 2520 dubitaverat,
961 2460 1052 2526 incipit
1073 2460 1209 2528 suspicari.
1242 2464 1273 2513 V.

206 2530 290 2580 omnia
298 2540 414 2594 tempora
426 2538 454 2577 et
467 2527 493 2575 in
509 2544 595 2577 omnes
608 2525 723 2578 homines
756 2525 886 2577 Heindorf
898 2526 931 2576 ad
945 2526 1020 2577 eund.
1044 2527 1101 2578 libr.
1120 2546 1142 2578 c.
1160 2534 1216 2593 21,
1231 2531 1271 2589 54.

206 2598 282 2649 cadit.
316 2597 358 2645 stc
379 2594 446 2644 infra
460 2596 491 2643 11.
508 2600 550 2654 25,
568 2597 609 2651 61.
644 2594 723 2641 Pom·
755 2612 781 2661 p.
797 2597 856 2653 168.
872 2621 905 2634 -
919 2594 989 2644 Infm
1003 2596 1045 2644 ΙΙΙ.
1062 2599 1101 2658 16,
1117 2597 1159 2653 34.
1175 2598 1273 2649 adver-

202 2665 273 2734 peins
289 2662 417 2726 narrabat,
434 2660 596 2711 Posidonimn
613 2659 724 2726 graviter
756 2662 797 2711 ais
812 2660 931 2711 casibus:
950 2661 992 2712 ubi
1006 2662 1105 2713 uberius
1117 2663 1189 2715 hunc
1203 2665 1273 2719 abla-

205 2731 351 2799 etcopiose
369 2729 401 2778 de
421 2728 473 2778 hoc
490 2728 562 2794 ipso,
587 2726 651 2776 nihil
670 2742 724 2776 esse
756 2728 803 2780 tivi
817 2729 926 2780 absoluti
943 2745 1016 2779 usum
1032 2747 1201 2797 exponemus.

203 2801 315 2860 bonum,
332 2796 381 2847 nisi
408 2794 477 2864 quod
492 2794 628 2845 honestum
646 2806 723 2858 esset,
807 2798 968 2866 sapientius,
988 2815 1066 2865 quam
1079 2799 1216 2862 Graecos,
1232 2800 1272 2866 ct.)

204 2868 338 2917 cubantem
352 2863 391 2913 dis
409 2862 527 2913 atavisse.
553 2861 620 2911 Illud
632 2859 723 2912 bonurn
756 2865 829 2914 Hanc
845 2865 934 2914 Cicero
954 2865 1103 2915 sententiam
1126 2867 1208 2919 nimio
1228 2886 1272 2936 pa-

205 2953 264 2985 esse
272 2948 312 2983 res
327 2942 364 2982 est
374 2880 499 2993 aliaoluta,
511 2929 556 2979 sed
563 2928 588 2978 h.
607 2928 625 2979 l.
641 2946 723 2979 enan·
754 2932 821 2982 triae
843 2947 930 2981 amore
951 2931 1102 2983 obcaecatus
1123 2943 1151 2983 et
1166 2935 1273 2987 fortasse

206 3001 282 3052 ciatio
292 3001 348 3050 nisi
354 2997 596 3116 (puodbonumesset
604 3006 723 3065 tanquam
757 3017 787 3049 eo
810 2998 917 3049 consilio
940 2997 1041 3050 videtur
1062 3001 1219 3067 protulisse,
1248 3013 1273 3053 nt

204 3067 331 3121 sententia
379 3064 488 3116 osidonii
520 3064 622 3132 propria
656 3065 723 3115 elata
756 3068 929 3117 Romanorum
953 3066 1050 3117 animos
1072 3064 1105 3117 ad
1129 3068 1273 3123 litterarum

203 3146 250 3189 eet.
284 3135 347 3186 Mox
360 3133 437 3183 Taso.
452 3133 473 3195 1,
491 3132 516 3194 4,
533 3138 557 3189 7.
575 3130 641 3183 hanc
655 3132 722 3182 enirn
755 3133 865 3183 studium
878 3134 1079 3201 persequendum
1087 3135 1272 3189 exhortaretur.

237 3204 345 3254 rfectam
361 3198 548 3269 philosophiam
565 3217 665 3268 semper
679 3200 722 3250 iu-
755 3201 837 3262 Vide,
855 3199 964 3267 quaeda
986 3201 1128 3253 litterarum
1144 3213 1174 3254 et
1187 3205 1273 3273 philo-

202 3221 294 3334 dlcavi
312 3285 375 3336 quae
390 3267 423 3318 dc
434 3266 547 3317 maximis
564 3267 722 3335 quaestioni·
755 3268 859 3347 sophiae
882 3267 967 3319 studio
986 3268 1054 3335 apud
1067 3271 1202 3323 Romanos
1218 3290 1273 3324 mo-

203 3340 250 3392 bns
273 3337 376 3404 copiose
401 3334 615 3414 posset-dicere.
656 3334 721 3384 thid.
755 3353 853 3385 nunnus
867 3335 922 3385 inl.
941 3335 965 3385 d.
983 3335 1075 3388 chic.
1092 3337 1272 3408 pb.p.6.sqq.

204 3411 226 3477 §.
237 3410 263 3464 8.
278 3406 315 3454 ita
330 3402 459 3465 facillime,
476 3402 537 3482 quid
553 3402 605 3452 veri
619 3401 721 3452 similli-
755 3403 871 3453 Geterum
887 3402 1151 3455 eandemsentantiam
1168 3424 1272 3476 expres-

203 3491 271 3524 mum
288 3483 365 3535 esset,
382 3469 489 3521 insanin
502 3488 577 3539 posse
602 3473 720 3520 Socrates
754 3470 827 3520 aitde
843 3474 913 3520 Orat.
928 3473 947 3521 l.
964 3471 990 3534 1,
1006 3476 1046 3529 15.
1072 3473 1198 3539 „Ingenia
1207 3491 1272 3535 vero,

199 3539 379 3592 arbitrabatur.
398 3540 441 3589 111.
457 3542 482 3599 3,
498 3542 523 3595 6.
542 3539 574 3587 dc
590 3537 646 3586 Fin.
663 3538 682 3586 Ι.
695 3542 720 3598 5,
754 3547 783 3588 ut
799 3537 884 3588 multis
904 3539 980 3588 rebus
1002 3557 1134 3605 possumus
1150 3541 1272 3605 iudicare,

205 3609 245 3668 14.
265 3606 415 3687 (Epicurum)
430 3623 478 3671 ego
495 3606 627 3655 arbitror·
637 3604 721 3653 omnia
754 3615 898 3656 nostrorum
912 3604 1042 3657 hominum
1058 3607 1168 3659 multum
1184 3608 1272 3661 ceteris

203 3674 345 3737 tradidisse,
362 3690 425 3754 puae
454 3672 593 3723 ertinerent
609 3671 642 3720 ad
655 3670 721 3721 bene
753 3672 896 3723 hominibus
914 3673 1024 3725 omnium
1033 3674 1147 3740 gentium
1160 3676 1272 3746 praesti·

203 3744 327 3793 beateae
348 3758 423 3792 vrven
441 3757 490 3790 um.
522 3740 560 3788 Cf.
578 3738 721 3789 llatrrshorn
753 3743 867 3789 terunt.“

203 3813 261 3862 Lat.
278 3760 364 3860 inam.
381 3810 404 3876 1.
419 3811 520 3885 191111.
536 3811 595 3864 621.
621 3873 626 3884 ¹
772 3875 777 3885 .
805 3810 826 3876 §.
844 3812 871 3867 2.
888 3820 915 3858 et
936 3808 1030 3861 melius
1046 3821 1149 3861 tuentur
1165 3825 1195 3863 et
1213 3813 1271 3864 latt-

252 3879 324 3928 ratio
340 3889 366 3926 et
380 3874 536 3943 disciplina)
553 3877 657 3940 Saepius
672 3872 721 3924 hac
753 3877 821 3941 trus)
839 3875 981 3927 Attendant
989 3877 1085 3929 tirones
1099 3878 1133 3928 ad
1140 3878 1212 3932 hanc
1220 3880 1272 3930 ele-

204 3945 268 3997 duae
283 3962 360 3996 voces
376 3943 478 3992 iunctae
491 3941 667 4008 reperiuntur,
692 3951 720 3990 ut
753 3953 855 4008 gantem
868 3944 1002 3995 verborum
1015 3945 1231 4009 collocationem,
1248 3947 1272 3996 in

204 4013 236 4064 de
245 4013 293 4064 off.
310 4014 352 4062 111.
364 4012 391 4068 4,
407 4014 452 4066 20.
478 4008 550 4071 „Erit
564 4018 648 4057 arnam
656 4008 720 4058 haec
754 4029 804 4077 qna
817 4011 914 4062 solutae
929 4012 1052 4063 orationis
1067 4030 1172 4065 caesura
1189 4015 1271 4066 cerni-

141 4076 146 4085 “
203 4080 313 4132 formula
327 4077 471 4128 Stoicorum
494 4076 588 4127 rationi
604 4076 720 4144 discipli·
752 4087 807 4128 tur:
832 4096 882 4146 qua
895 4079 1017 4142 efficitur,
1036 4090 1066 4137 ut
1082 4081 1167 4132 oratio
1182 4099 1271 4133 nume-

203 4165 301 4216 naeqne
315 4145 423 4195 maxime
439 4148 635 4194 conseatanea.“
658 4148 719 4196 Ra·
752 4145 834 4196 rosius
849 4146 936 4198 cadat:
954 4146 1026 4199 cuius
1041 4148 1141 4213 generis
1156 4149 1272 4217 exempla

202 4221 240 4268 tio
256 4212 394 4281 respondet
414 4228 505 4278 gram
527 4212 652 4277 vocabulo
673 4212 720 4280 μέ·
752 4214 821 4282 apud
842 4213 1006 4278 Ciceronem,
1031 4214 1146 4283 inprimit
1169 4217 1198 4271 ia
1223 4216 1271 4271 ein
