2640 4626
102 216 123 280 2
220 210 223 219 ’
507 219 768 271 rnorsconans

103 344 245 406 libidines
263 352 294 402 et
311 362 447 421 quaeque
470 340 617 400 scelerum
636 361 744 418 genera
764 341 877 400 civium
901 341 1015 400 animos
1039 360 1178 419 pessum-

104 449 227 507 dabant.
280 444 337 504 His
360 444 481 523 quidem
503 443 708 522 temporibus,
739 443 772 502 in
797 441 856 503 hac
880 464 982 502 rerum
1007 450 1097 520 atque
1123 443 1180 501 otii

104 548 275 622 affluentia,
306 546 353 606 uti
370 547 403 604 in
425 545 581 605 deterioris
599 543 713 621 ingenii
729 543 904 603 hominibus
922 544 1063 604 luxuriae
1084 543 1179 603 volu-

104 661 284 732 ptatumque
300 648 411 728 cupido
430 647 633 706 excitabam:
657 646 701 703 ita
712 645 746 704 in
762 646 977 706 excelsioribus
991 646 1098 705 animis
1111 668 1179 705 ma-

105 774 198 832 gnum
216 750 368 830 quoddam
385 749 493 809 mentis
511 748 659 807 doctrinis
676 746 858 806 excolendae
876 758 1016 807 exortum
1033 757 1078 806 est
1096 749 1179 807 desi-

106 855 231 915 derium.
273 853 379 931 Itaque
395 872 430 910 eo
445 861 597 928 tempore,
619 870 679 927 quo
696 848 890 929 philosophia
906 849 1091 909 efflorescere
1107 870 1178 909 coe-

106 957 168 1036 pit,
198 965 229 1014 et
244 955 450 1013 Romanorum
466 952 559 1010 animi
574 952 613 1010 ad
631 951 664 1010 id
687 951 822 1010 studium
843 951 1084 1031 persequendum
1107 953 1180 1009 satis

107 1057 222 1117 exculti
236 1055 435 1130 videbantur,
458 1054 601 1131 antiquus
615 1073 717 1112 rerum
735 1052 928 1132 publicarum
945 1062 1039 1112 status
1053 1054 1179 1132 populi-

107 1180 165 1236 que
182 1157 336 1234 ingenium
355 1165 571 1241 commutatum
588 1157 677 1235 plane
695 1164 759 1214 erat
775 1165 866 1233 atque
884 1176 1072 1215 conversum.

191 1258 334 1318 Omnium
355 1260 416 1318 fere
436 1257 667 1336 disciplinarum
684 1256 861 1336 philosophi
878 1278 893 1316 c
910 1258 1035 1316 Graecia
1053 1258 1178 1316 Romam

108 1360 395 1437 commigraverunt,
417 1359 519 1438 ibique
535 1381 650 1418 summa
663 1358 938 1419 illustrissimonrm
953 1359 1092 1418 virorum
1105 1380 1178 1437 per-

107 1464 239 1520 fruentes
268 1461 414 1539 dignitate
439 1462 471 1519 in
497 1481 602 1519 eorum
624 1461 764 1520 domibus
794 1459 892 1519 sedern
923 1481 1007 1518 suam
1035 1461 1178 1521 fixerunt.

108 1564 191 1623 Inter
208 1584 256 1622 eas
272 1562 457 1641 disciplinas,
479 1581 555 1639 quae
569 1561 785 1620 studiosissime
801 1562 979 1620 colebantur
993 1584 1011 1620 a
1027 1564 1180 1638 Romanis,

108 1665 185 1724 duae
213 1664 403 1743 potissimum
434 1662 635 1722 nominandae
662 1673 750 1738 sunt,
788 1683 864 1741 quae
893 1663 984 1741 plane
1012 1666 1180 1723 contrariae

108 1774 211 1841 erant,
233 1765 357 1825 stoicam
372 1765 441 1824 dico
457 1775 488 1825 et
502 1765 682 1845 epicuream.
719 1765 838 1824 Etenim
851 1764 898 1824 uti
910 1766 1116 1824 Romanorum
1129 1767 1180 1824 in-

108 1867 229 1945 genium
251 1866 285 1924 in
308 1867 374 1926 vita
395 1876 449 1926 aut
471 1866 510 1925 ad
530 1867 668 1926 tetricam
687 1867 838 1944 quandam
856 1866 1046 1927 severitatem
1067 1879 1121 1927 aut
1142 1869 1180 1927 ad

108 1967 232 2028 effusam
256 1968 412 2027 luxuriam
434 1968 617 2029 inclinabat:
646 1969 689 2028 ita
715 1968 748 2027 in
773 1967 968 2047 philosophia
993 1980 1046 2029 aut
1069 1970 1182 2030 stoicae

109 2069 229 2129 scholae
247 2070 451 2130 austeritatem
471 2080 524 2129 aut
546 2072 702 2151 epicureae
721 2070 880 2130 mollitiem
902 2071 1106 2150 amplexatum
1127 2084 1180 2133 est.

108 2172 209 2230 Stoica
224 2171 395 2251 disciplina,
418 2193 520 2231 omnes
537 2182 675 2234 externas
688 2193 736 2232 res
752 2173 906 2251 negligens
920 2182 1010 2251 atque
1026 2196 1180 2253 spernens,

109 2273 271 2352 splendore
295 2289 330 2333 arc
355 2272 575 2351 magnificentia
597 2283 826 2355 praeceptorum
850 2284 974 2352 ornata,
1009 2279 1182 2337 excelsioris

107 2374 221 2452 ingenii
249 2375 418 2452 Romanos,
448 2376 501 2454 qui
529 2377 689 2457 pristinam
718 2377 804 2437 illam
831 2398 952 2437 morum
981 2379 1180 2456 severitatem,

108 2476 286 2554 gravitatem
312 2486 401 2556 atque
427 2480 540 2557 ingenii
554 2480 747 2540 altitudinem
761 2479 909 2556 retinere,
937 2489 967 2539 et
989 2501 1053 2540 rem
1073 2481 1179 2559 publi-

109 2598 173 2635 cam
189 2579 344 2655 praeclare
364 2588 395 2638 et
412 2578 537 2640 honeste
556 2601 658 2658 gerere
679 2580 855 2657 studebant,
884 2582 1009 2641 mirifice
1034 2584 1179 2661 capiebat.

108 2679 256 2757 Epicurea
284 2678 496 2758 philosophia,
526 2702 602 2759 quae
627 2691 656 2740 et
679 2682 802 2759 cognitu
825 2683 896 2741 satis
920 2684 1016 2743 facilis
1042 2694 1121 2758 erat,
1152 2697 1180 2744 et

107 2778 228 2839 blandis
243 2780 412 2859 voluptatis
428 2781 580 2842 illecebris
597 2784 760 2860 invitabat,
790 2785 826 2843 iis
846 2785 976 2843 maxime
999 2795 1084 2863 grata
1106 2797 1180 2862 erat,

108 2881 160 2957 qui
178 2902 195 2938 a
212 2901 246 2939 re
262 2881 387 2959 publica
403 2884 526 2960 remoti,
548 2886 642 2963 magis
660 2886 718 2945 sibi
736 2887 897 2961 vivebant,
929 2897 958 2945 et
976 2889 1111 2966 corporis
1131 2889 1180 2946 vel

108 2981 200 3049 animi
223 2983 432 3061 voluptatibus
453 2986 532 3063 frui,
565 3009 654 3066 quam
682 2988 777 3049 vitam
803 2989 987 3065 negotiosam
1015 2990 1180 3065 transigere

108 3082 267 3141 malebant.
898 3167 910 3207 ⁶

228 3338 270 3398 II.
313 3342 363 3399 De
388 3343 528 3403 Cicerone
549 3349 671 3425 eiusque
685 3347 836 3403 aniame
853 3346 1059 3425 philosophia.

190 3490 256 3549 Etsi
279 3493 369 3553 multi
394 3504 459 3553 tum
480 3497 609 3555 Romani
634 3494 844 3576 philosophiae
865 3518 986 3576 operam
1009 3501 1178 3577 navabant,

108 3600 224 3666 tamen,
247 3612 341 3670 quum
355 3616 388 3655 ea
402 3597 494 3656 ferme
509 3618 574 3656 non
591 3620 608 3655 a
624 3598 747 3656 Graecis
763 3598 858 3673 tradi,
880 3602 1051 3680 graecisque
1069 3603 1180 3663 litteris

108 3692 257 3751 contineri
272 3698 396 3773 soleret,
418 3707 448 3756 et
461 3719 614 3778 perpauca
630 3708 747 3758 tanturn
763 3721 877 3778 perque
890 3703 991 3779 exigui
1004 3705 1096 3782 pretii
1111 3727 1179 3764 rno-

107 3803 251 3852 numenta
273 3796 368 3856 latina
389 3799 496 3859 relicta
523 3811 635 3859 essent:
664 3800 730 3859 fieri
749 3822 812 3860 non
832 3804 947 3881 potuit,
978 3815 1014 3864 ut
1030 3806 1085 3864 illa
1104 3808 1180 3866 lacte

107 3894 305 3957 effloresceret
320 3909 351 3957 et
365 3921 472 3978 magna
488 3902 672 3961 incrementa
690 3914 818 3983 caperet.
861 3906 967 3983 Itaque
984 3909 1099 3983 Cicero,
1121 3910 1178 3967 lla-

107 3999 206 4075 granti
218 4000 334 4077 patriae
351 4023 450 4061 amore
467 4005 606 4081 agitatus,
627 4005 682 4082 uti,
704 4025 798 4083 quum
812 4008 845 4065 in
861 4009 989 4086 gerenda
1004 4031 1037 4070 rc
1055 4011 1179 4089 publica

106 4109 295 4177 versaretur,
318 4124 436 4163 omnem
450 4107 483 4163 in
499 4127 533 4164 ea
548 4127 685 4186 operam,
708 4130 810 4168 omnes
825 4130 912 4170 curas
925 4113 1181 4190 cogitationesque

104 4212 256 4279 posuerat,
278 4204 450 4285 civiumque
465 4208 592 4269 salutem
608 4188 698 4287 atque
713 4211 951 4274 incolumitatem
966 4215 1062 4274 modis
1078 4216 1178 4276 omni-
