2640 4626
543 200 672 253 cinna
689 202 710 251 1.
726 205 771 261 π.
955 160 958 173 ’
1153 200 1193 267 97

114 321 237 394 tuisset
254 316 386 393 imitari.
436 317 561 391 XXVI.
586 321 643 398 64.
668 316 757 392 Mihi
782 347 925 396 verone
949 321 1030 397 haec
1057 325 1193 425 quidem

112 421 252 496 notiora
272 438 305 495 et
324 419 505 494 illustriora
517 446 629 495 carere
642 420 676 493 vi
690 420 803 495 divina
820 422 983 511 videntur,
1008 441 1045 498 ut
1061 454 1123 526 ego
1137 446 1193 502 aut

113 541 251 627 poetam
267 552 366 622 grave
377 521 578 623 plenumque
593 548 726 596 carmen
736 522 809 598 sine
819 524 954 599 coelesti
970 527 1081 628 aliquo
1100 560 1192 606 men-

112 627 160 701 tis
183 626 343 700 instinctu
368 641 481 726 putent
502 624 667 715 fundere,
691 641 748 699 aut
771 625 992 728 eloquentiam
1015 630 1087 706 sine
1112 661 1192 736 qua-

112 730 195 804 dam
217 729 249 802 vi
275 727 427 804 maiore⁹
452 725 571 817 fluere,
605 724 829 802 abundantem
853 732 1049 806 sonantibus
1071 736 1192 826 verbis,

111 831 342 930 uberibusque
360 829 539 905 sententiis.
589 829 808 931 Philosophia
829 861 926 923 vero,
951 836 1100 911 omniurn
1123 866 1193 913 ma-

111 953 166 1009 ter
192 933 331 1022 artium,
358 932 441 1032 quid
457 948 506 1007 est
521 929 629 1020 aliud,
653 932 739 1020 nisi,
765 950 801 1006 ut
822 935 917 1008 Plato
941 937 986 1009 ait
999 949 1028 1026 1,
1055 938 1192 1031 donum,

111 1055 154 1111 ut
173 1065 253 1137 ego,
279 1035 448 1109 inventum
466 1034 631 1108 deorum?
680 1036 771 1109 Haec
796 1064 859 1110 nos
885 1038 1030 1138 primum
1053 1041 1097 1114 ad
1118 1040 1193 1117 illo-

112 1168 192 1214 rum
210 1137 344 1227 cultum,
370 1136 491 1211 deinde
511 1137 555 1209 ad
570 1136 623 1209 ius
646 1136 836 1226 hominum,
861 1142 954 1239 quod
971 1141 1070 1215 situm
1090 1145 1191 1218 estin

111 1241 249 1343 generis
265 1239 403 1315 humani
420 1239 593 1327 societate,
617 1255 688 1311 tum
711 1241 755 1313 ad
772 1240 969 1316 modestiam
990 1246 1192 1343 magnitudi-

109 1355 259 1445 nemque
271 1341 374 1416 animi
389 1342 548 1432 erudivit}
574 1341 755 1441 eademque
775 1343 816 1415 ab
833 1343 957 1433 animo,
971 1349 1190 1448 tamquamab

112 1445 234 1533 oculis,
252 1445 425 1544 caliginem
441 1444 589 1545 dispulit,
614 1461 652 1517 ut
667 1445 778 1518 omnia
792 1473 922 1548 supera,
938 1447 1054 1537 infera,
1072 1451 1191 1549 prima,

112 1548 251 1638 ultima,
286 1547 395 1622 media
421 1547 617 1621 videremus.

218 1660 276 1732 65.
300 1651 443 1724 Prorsus
467 1649 549 1724 haec
566 1648 678 1722 divina
703 1649 786 1724 mihi
801 1649 933 1723 videtur
956 1652 1017 1740 vis,
1043 1681 1127 1752 quae
1142 1671 1192 1727 tot

111 1781 170 1827 res
187 1750 325 1838 efficiat,
352 1769 383 1825 et
401 1768 517 1824 tantas.
568 1750 663 1848 Quid
684 1768 733 1823 est
750 1752 838 1824 enim
854 1754 1016 1827 memoria
1029 1784 1141 1829 rernm
1160 1773 1192 1831 et

112 1854 319 1929 verborum?
345 1854 427 1953 quid
443 1881 545 1953 porro
571 1853 741 1926 inventio?
773 1854 924 1953 profecto
948 1856 1001 1945 id,
1035 1886 1101 1957 quo
1128 1888 1190 1934 nec

112 1958 152 2031 in
169 1957 233 2031 deo
251 1956 433 2057 quidquam
450 1954 556 2029 maius
574 1953 712 2053 intelligi
726 1973 844 2055 potest
868 1959 1042 2033 nonenim
1058 1961 1191 2035 ambro-

184 2143 259 2202 9Sic
276 2144 349 2193 ABL.
369 2141 450 2194 Gebh.
472 2142 532 2193 Ern.
549 2169 585 2181 -
601 2145 643 2192 Or.
668 2159 690 2192 c.
710 2141 741 2192 tt.
766 2143 883 2195 SECVM.
907 2147 1009 2197 maiore
1024 2146 1140 2215 quadam
1153 2150 1190 2199 oi.

115 2218 131 2271 1
150 2213 182 2262 R.
200 2214 299 2261 Oxonn.
318 2227 413 2274 omnes,
430 2212 462 2260 D.
481 2209 564 2259 omitt.
581 2210 636 2260 ait:
654 2211 697 2260 Or.
714 2208 785 2260 uncis
802 2211 977 2265 circumdedit.
992 2214 1081 2264 Recte.

112 2357 151 2369 -
166 2330 300 2398 potuisset
321 2328 432 2392 imitari)
459 2326 583 2377 Attendas
605 2325 638 2376 ad
671 2326 804 2377 modorum
818 2327 946 2397 (rhythmi)
964 2331 1123 2382 suavitatem.
1149 2332 1191 2383 sic

113 2397 269 2513 sipgplarem
283 2394 639 2512 conditionalistenunciatio-
671 2393 864 2511 diciturtplena
877 2414 929 2446 vox
941 2414 991 2513 pro
1009 2415 1112 2449 canora.
1161 2466 1179 2517 h

113 2478 638 2609 ffidirrtinvil?inqiiii(idolii(irlirssiqdiiiiqieeil3
672 2546 695 2579 c.
709 2463 1189 2598 Sioiqiditamsddtuirae)ipidovdlreiei,

114 2599 215 2649 fectum
234 2596 384 2647 subiunctivi
398 2607 509 2664 positum
518 2607 571 2648 est:
591 2614 638 2647 cn·
672 2606 699 2646 et
716 2596 807 2647 mentis
823 2597 918 2648 viribus
936 2598 1056 2660 excitari,
1074 2609 1100 2649 et
1120 2600 1190 2668 quasi

113 2666 158 2717 ius
166 2666 265 2733 generis
275 2664 388 2733 exempla
395 2665 458 2715 licet
465 2665 563 2715 rariora
577 2664 636 2725 sint,
671 2663 757 2714 divino
768 2664 878 2731 quodam
886 2666 976 2733 spiritu
984 2666 1093 2716 indari.“
1109 2667 1190 2718 Prae-

113 2748 207 2785 eornm
230 2743 315 2811 tamen
335 2732 402 2783 ratio
424 2732 564 2812 rectissime
583 2747 639 2809 sese
672 2732 741 2781 clare
758 2732 852 2811 cecinit
876 2734 979 2813 Ovidius
1001 2734 1069 2812 Fast.
1096 2736 1146 2795 VI,
1164 2745 1189 2794 s.

112 2799 639 2934 libiadiilbli⁰l¹lfflllilli}
672 2800 970 2934 titdttjtttlts
986 2802 1190 2927 li‘lllisslfi

114 2934 306 2987 autemexhnc
316 2934 464 3001 simpliciter
472 2934 557 3001 posita
574 2950 640 2983 con·
672 2933 741 2983 mina
752 2934 843 2984 mentis
858 2934 962 2986 habet.“
995 2935 1053 2986 Alia
1065 2935 1189 3004 suppedi—

114 3003 218 3055 ditione
230 3001 341 3062 efficitur
355 3002 521 3068 consequutio
535 3000 641 3054 duobe—
673 3010 713 3051 tat
735 3001 850 3052 Davisius
874 3003 907 3053 nd
926 3002 953 3053 h.
973 3003 992 3053 l.
1014 3013 1041 3054 et
1056 3003 1090 3054 ad
1102 3004 1188 3054 Divin.

114 3071 204 3132 τικῶς
221 3069 382 3149 exprimitur,
399 3069 425 3118 h.
445 3087 467 3119 e.
485 3069 529 3131 ita,
548 3078 577 3118 ut
594 3067 640 3118 sub
672 3070 700 3131 1,
719 3072 760 3125 37.

115 3138 197 3192 artis
220 3137 369 3216 qmbusdam
392 3136 577 3186 conditionibus
596 3136 641 3186 fu·
723 3136 980 3204 donum-deorum)
998 3138 1064 3188 Plat.
1073 3139 1191 3190 Timaeus

114 3216 177 3258 tura
198 3206 295 3256 fnisset.
328 3204 460 3254 Sententia
476 3203 553 3270 igitur
567 3203 640 3253 buius
672 3208 768 3271 p.533.
784 3205 816 3253 Ι).
836 3203 937 3270 (p.338.
953 3206 985 3255 Τ.
1004 3206 1053 3255 tx.
1068 3206 1108 3256 ed.
1122 3206 1189 3274 sip.)

114 3274 171 3326 loci
184 3273 240 3323 aliis
255 3271 339 3323 verbis
354 3271 392 3321 ita
409 3281 496 3339 potest
510 3270 636 3321 exhiberi:
674 3270 712 3320 Cf.
731 3270 811 3321 Cicer.
827 3270 859 3320 de
871 3273 947 3322 Univ.
962 3290 985 3323 c.
1001 3273 1042 3331 14.
1061 3272 1094 3323 de
1109 3274 1191 3340 Legg.

117 3340 198 3404 Quod
212 3340 235 3390 si
249 3357 297 3408 pro
316 3349 387 3391 certo
398 3338 531 3406 ponimus,
548 3338 599 3389 hoc
614 3337 641 3387 in
672 3338 692 3398 l,
707 3342 752 3395 22.
770 3337 812 3387 ubi
821 3338 854 3387 cf.
868 3339 1081 3390 Darishcadem.
1094 3341 1115 3391 1.
1127 3344 1189 3403 28.

117 3407 286 3460 mundorfien'
302 3406 357 3457 sine
366 3406 415 3456 deo
425 3423 477 3457 non
490 3424 579 3474 posse:
596 3422 641 3456 se·
672 3404 759 3472 ibique
771 3405 897 3455 Goerenz.
915 3423 942 3472 p.
956 3407 998 3465 14.
1122 3438 1128 3445 -

117 3476 228 3545 quitur,
245 3485 274 3526 ut
286 3473 467 3537 Archimedes,
492 3474 549 3524 nisi
566 3473 641 3523 dioi—
724 3471 874 3540 eademque)
898 3470 1025 3523 Particnls
1048 3471 1124 3523 affixa

115 3561 184 3596 num
208 3543 347 3612 ingenium
360 3540 513 3602 habuisset,
538 3539 641 3590 eosdem
672 3556 750 3606 saepe
764 3538 814 3589 vim
829 3536 968 3605 colligendi
979 3538 1065 3601 babet,
1081 3539 1132 3589 uti
1150 3554 1192 3591 em

116 3620 206 3663 motus
223 3627 276 3661 non
292 3609 418 3678 potuisset
424 3607 526 3659 imitari.
544 3608 642 3657 Graece
673 3607 768 3667 valeat,
786 3606 871 3673 quod:
889 3616 918 3656 ut
931 3606 1019 3673 paucis
1035 3624 1091 3658 com
1110 3607 1192 3659 lectar

116 3678 246 3731 hiclocus
259 3677 296 3728 sic
313 3677 419 3745 exprimi
432 3684 533 3744 potest:
551 3675 578 3727 εἰ
591 3670 642 3742 μὲν
673 3672 766 3791 gnra),
782 3682 903 3723 monente
915 3674 1056 3726 Goerenzio
1109 3676 1164 3743 Iaeg
1182 3709 1190 3726 .

116 3741 273 3801 οὖντοῦτο
283 3741 313 3797 do
327 3745 367 3797 eoi
376 3742 470 3814 κόσμῳ
487 3741 554 3795 ἄνευ
567 3741 642 3794 θεοῦ
699 3742 924 3807 .7‚15.p.125.
958 3742 1027 3793 infre
1042 3760 1065 3794 c.
1082 3743 1129 3807 34,
1146 3748 1190 3803 82.

115 3812 266 3882 γίγνεσθαι
289 3796 522 3870 odddvorrts,
543 3806 642 3862 orid'dv
674 3810 712 3858 Ut
733 3806 834 3858 credam
855 3808 893 3859 itu
915 3825 986 3873 esso,
1012 3827 1088 3878 qnam
1109 3809 1193 3863 estid

118 3878 152 3936 ds
165 3881 202 3950 τῇ
226 3878 335 3951 σφαίρᾳ
351 3876 402 3940 τὰς
417 3875 506 3938 αὐτὰς
522 3875 642 3944 κινήσεις
675 3874 715 3925 exi
735 3875 806 3925 uum!
824 3884 851 3926 at
874 3875 965 3928 falsum
989 3894 1043 3929 esse
1065 3878 1190 3931 arbitror:

118 3945 251 4016 d'Aozqs
272 3947 322 4014 δης
341 3943 409 3999 ἄνευ
423 3945 507 3998 θείου
525 3945 578 3998 sori
598 3961 641 4011 μι·
676 3953 704 3992 et
717 3892 749 3993 it
766 3941 915 4011 plerumque
930 3944 985 3995 sine
1006 3962 1099 4009 sensu,
1122 3960 1213 3997 nonu

118 4017 242 4086 petrem
280 4012 480 4080 δυνήσατο.
512 4036 513 4040 ’
578 4032 581 4040 ·
675 4011 895 4079 nunquametiam
912 4014 1191 4081 cnmrolnptatezro-

172 4081 345 4135 cmxxvi.
363 4081 405 4138 64.
442 4096 508 4130 rave
540 4078 644 4129 lenum·
677 4090 781 4148 saneque
796 4077 847 4130 boc
869 4079 926 4130 leve
942 4089 998 4143 est,
1020 4081 1193 4148 qualecunque

118 4148 183 4223 qu'e)
201 4152 292 4202 Grave
312 4147 412 4198 referen
431 4165 472 4197 um
488 4097 590 4198 videtur
611 4146 644 4197 ad
678 4156 717 4197 est
723 4161 731 4206 3
754 4145 863 4197 fiteninr
877 4146 913 4197 ad
926 4156 1049 4215 punctum
1061 4157 1113 4198 tem
1148 4145 1192 4195 ris.

119 4216 306 4279 sententiarum
316 4215 475 4278 ubertatem,
491 4215 599 4284 plenum
611 4214 645 4265 ad
679 4215 767 4276 ο.49,
786 4217 843 4272 118.
860 4214 916 4266 Nos
930 4232 992 4265 vero
1007 4162 1147 4274 -5r1idi0
1160 4229 1193 4262 ue

966 4285 984 4350 7
