2640 4626
192 182 257 252 358
439 186 1019 241 ruscumnnnummsrurarronun

194 309 389 414 philosophi
410 306 558 379 omnium
577 305 847 405 disciplinarum,
872 308 938 380 nisi
956 337 1040 408 quos
1059 336 1079 380 a
1104 326 1197 382 recta
1220 339 1271 384 ra-

194 416 285 488 tione
309 428 427 484 natura
449 410 569 483 vitiosa
594 409 803 498 detorsisset,
829 411 946 485 eodem
970 411 1036 491 hoc
1062 411 1177 486 animo
1202 442 1272 488 esse

195 530 382 618 potuerunt.

298 623 355 696 91.
407 615 577 702 Socrates,
603 615 638 686 in
653 642 778 714 pompa
795 642 897 714 quum
913 643 1033 712 magna
1049 615 1100 688 vis
1125 617 1199 690 auri
1223 648 1271 692 ar-

196 720 351 820 gentique
374 717 531 804 serretur,
567 721 685 811 Quam
708 718 823 789 multa
850 745 921 788 non
946 717 1133 803 dcsrilero!
1156 720 1271 821 inquit.

199 828 423 906 Xenocrates,
448 847 549 918 quum
568 818 667 918 legati
696 818 737 892 ab
755 819 944 893 Alexandro
971 820 1216 920 quinquaginta
1244 825 1271 897 ei

197 926 319 999 talenta
342 921 544 1009 attulissent,
578 950 662 1021 quae
697 938 766 994 erat
800 921 942 1022 pecunia
965 924 1176 1022 temporibus
1197 925 1271 1014 illis,

197 1026 340 1102 Athenis
355 1025 566 1125 praesertim,
591 1024 751 1113 maxima,
776 1024 915 1097 abduxit
935 1024 1059 1124 legatos
1084 1027 1129 1098 ad
1155 1057 1268 1102 cenam

199 1133 234 1203 in
260 1127 493 1225 Academiamj
527 1127 569 1199 iis
595 1128 751 1227 apposuit
774 1144 920 1214 tantum,
955 1129 1045 1227 quod
1070 1130 1152 1202 satis
1176 1149 1270 1221 esset,

198 1231 287 1305 nullo
315 1245 484 1329 apparatu.
520 1257 621 1328 quum
644 1229 807 1329 postridie
829 1246 984 1327 rogarent
1009 1259 1100 1319 eum,
1128 1234 1184 1306 cui
1210 1264 1269 1307 nu-

198 1334 318 1408 merari
337 1333 486 1421 iuberet:
530 1331 654 1430 Quid?
684 1344 743 1405 'uos
768 1331 951 1418 besterna,
985 1331 1109 1434 inquit,
1142 1340 1266 1410 cenula

198 1465 270 1509 non
286 1435 523 1520 eittellexlstis,
550 1463 605 1506 me
616 1437 772 1534 pecunia
793 1463 863 1511 non
879 1439 1006 1530 egere?
1054 1435 1151 1532 Quos
1168 1467 1267 1539 quum

198 1539 359 1612 tristiores
377 1536 533 1623 vidisset,
558 1557 637 1609 xxx
653 1536 760 1610 minas
789 1539 933 1636 accepit,
959 1565 1000 1610 ne
1025 1543 1201 1638 aspernari
1221 1572 1268 1618 re-

197 1644 249 1741 gis
273 1638 500 1713 liberalitatem
524 1638 698 1712 videretur.
749 1648 806 1718 92.
832 1640 878 1720 At
899 1667 977 1712 vero
996 1639 1166 1738 Diogenes
1189 1645 1267 1720 libe.

197 1745 285 1830 rius,
311 1759 347 1813 ut
363 1740 525 1844 Cynicus,
549 1740 739 1814 Alexandro
756 1741 896 1839 roganti,
922 1758 957 1812 ut
974 1740 1107 1833 diceret,
1134 1747 1165 1817 si
1189 1749 1266 1848 quid

199 1872 283 1945 opus
308 1861 409 1929 esset,
434 1846 537 1915 Nunc
565 1843 708 1943 quellem
727 1845 952 1944 paullulum,
970 1844 1104 1944 inquit,
1132 1877 1158 1920 a
1189 1853 1247 1923 sol
1260 1911 1265 1924 .

199 1948 354 2021 ollecerat
369 1944 521 2019 videlicet
537 1945 706 2045 apricanti.
757 1947 799 2018 Et
812 1946 866 2019 hic
879 1946 1012 2045 quidem
1029 1948 1205 2049 disputare
1218 1982 1267 2027 so-

196 2050 303 2137 lebat,
328 2064 451 2148 quanto
466 2066 575 2146 regem
591 2049 768 2122 Persarum
781 2048 848 2121 vita
863 2049 1060 2148 fortunaque
1077 2073 1266 2153 superaret:

198 2151 365 2225 sibi'nihil
392 2150 525 2236 deesse;
558 2150 606 2223 illi
633 2137 716 2224 nibil
740 2151 820 2223 satis
845 2176 1003 2251 umquam
1022 2152 1112 2241 sore3
1139 2184 1177 2230 se
1201 2159 1265 2232 eius

197 2253 380 2352 voluptates
397 2280 467 2324 non
487 2253 697 2341 desiderare,
723 2253 845 2352 quibus
873 2282 1052 2353 numquam
1078 2258 1196 2333 satiari
1219 2261 1267 2334 ille

201 2372 331 2456 posset;
358 2382 434 2427 suas
453 2362 556 2427 eum⁵
575 2359 733 2454 consequi
758 2355 964 2428 nullomodo
983 2385 1091 2457 posse.
1178 2422 1181 2427 .

296 2458 456 2531 XXXIII.
495 2466 551 2536 93.
568 2457 681 2557 Vides,
697 2458 861 2547 creduut
872 2458 1037 2558 Epicurus
1049 2462 1267 2562 cupiditatum

197 2582 319 2658 genera
331 2558 496 2633 diviserit:
522 2587 591 2631 non
606 2560 706 2634 nimis
722 2560 868 2633 fortasse⁴
878 2559 1051 2650 subtiliter,
1077 2565 1207 2641 utiliter
1223 2586 1269 2641 ta-

197 2690 281 2736 men.
305 2663 427 2762 partim
443 2689 514 2733 esse
529 2662 687 2734 naturalis
703 2679 734 2736 et
753 2664 973 2751 necessarias;
998 2666 1120 2764 partim
1136 2687 1270 2744 natura-

198 2765 250 2852 lis,
275 2780 308 2837 et
326 2792 395 2836 non
411 2763 630 2837 necessarias:
656 2765 778 2865 partim
795 2782 956 2837 neutrum.
994 2772 1204 2845 necessarias
1222 2803 1272 2846 sa-

197 2866 271 2939 tiari
289 2894 388 2967 posse
403 2893 508 2965 paene
531 2865 655 2942 nihilo:
682 2867 813 2941 divitias
836 2868 932 2941 enim·
949 2886 1086 2944 naturae
1107 2877 1270 2973 parabilis

264 3027 281 3078 5
298 3020 357 3069 Em.
375 3035 397 3069 c.
415 3017 540 3068 henim.
574 3017 616 3069 Sic
638 3022 700 3078 03¹.
775 3076 780 3085 ,

247 3131 345 3170 natura
361 3119 475 3184 uitiosa)
492 3136 590 3181 mores,
615 3119 714 3170 indoles
797 3125 839 3180 92.
857 3133 885 3172 ut
900 3122 1038 3190 Cynicus)
1054 3136 1083 3176 ut
1102 3128 1149 3195 qui
1165 3130 1270 3198 Cynicus

199 3185 297 3236 vitiosa.
312 3212 346 3228 ·-·
377 3188 439 3235 Mox
457 3199 598 3254 potuerunt
618 3187 714 3251 dictum
748 3200 822 3240 essct.
849 3191 881 3240 V.
893 3190 990 3241 Adnot.
1005 3192 1032 3241 in
1045 3194 1067 3245 1.
1082 3199 1107 3257 8,
1127 3201 1170 3257 15.

195 3252 399 3390 {illidi
409 3253 648 3381 tetrantes,
658 3271 713 3380 ill.
799 3289 1270 3364 ⁰1¹²·XXX111coudooinmee

246 3393 288 3446 91·
306 3388 391 3458 legati
407 3387 441 3437 ab
447 3388 610 3454 Alexandro)
626 3389 658 3439 de
666 3390 714 3440 Of·
747 3358 1034 3478 {fflenssgrissiffigb
1058 3381 1079 3413 ⁸·
1092 3373 1187 3446 όθῐῑξὲἣ·
1204 3370 1268 3418 Ver·

197 3455 237 3506 fic.
253 3459 280 3517 Ι.
299 3461 338 3513 13·
372 3455 510 3506 Maximum
527 3466 611 3505 autem
626 3474 714 3507 exem·
1008 3447 1112 3500 ¹⁵³⁸P⁰
1129 3433 1226 3486 d¹0¹t¹¹1
1240 3434 1269 3484 (1⁰

196 3524 267 3602 plum
281 3533 320 3572 est
335 3522 448 3572 iustitiae
471 3524 498 3572 in
514 3524 613 3573 hostem
626 3542 641 3574 a
655 3543 714 3574 mu-
746 3492 838 3543 mentis
852 3493 961 3544 aetion*

196 3591 291 3641 roribus
309 3591 403 3640 nostris
420 3590 598 3652 constitutum,
618 3610 673 3641 cum
696 3609 714 3642 a
797 3594 932 3660 diviserit)
949 3595 1024 3664 Diog.
1039 3598 1126 3650 Laert.
1146 3602 1190 3665 X,
1214 3607 1266 3660 127.

196 3658 304 3724 Pyrrho
318 3655 436 3727 perfuga
457 3657 556 3708 senatui
579 3668 618 3708 ost
633 3659 713 3727 polli-
749 3662 805 3719 149.
831 3671 858 3711 et
873 3662 961 3713 Cicero
984 3664 1016 3716 do
1038 3665 1094 3716 Fin.
1109 3670 1131 3718 I.
1162 3674 1209 3731 13,
1226 3674 1265 3728 45.

197 3725 269 3784 citus,
283 3742 311 3774 se
325 3743 447 3775 venenum
459 3726 513 3791 regi
527 3726 651 3784 daturum.
669 3729 714 3777 Est
746 3731 777 3778 tt.
792 3733 817 3791 9,
831 3734 872 3787 26.
890 3731 965 3796 Diog.
979 3733 1065 3784 Laert.
1080 3735 1117 3796 X,
1138 3741 1197 3794 127.
1215 3739 1267 3789 τῶν

196 3809 286 3857 graeca
309 3801 442 3842 structura.
465 3792 497 3845 V.
520 3793 640 3843 Ochiner.
658 3794 712 3844 Ecl.
747 3793 906 3863 ἐπιθυμιῶν
935 3797 966 3850 ul
986 3796 1037 3864 μὲν
1061 3801 1114 3853 εἰσὶ
1143 3803 1265 3872 φυσικαὶ,

197 3861 249 3908 Cic.
267 3877 292 3925 p·
310 3862 368 3916 139·
747 3863 777 3914 ul
793 3861 823 3916 δὲ
841 3861 935 3926 κεναὶ,
953 3866 1001 3918 καὶ
1018 3869 1075 3920 τῶν
1092 3874 1222 3936 φυσικῶν
1238 3870 1265 3922 ul

246 3937 348 3975 cantum
363 3927 431 4004 quod
448 3929 516 3977 satir
533 3931 623 4006 ercet)
648 3946 711 3995 pro:
746 3927 797 3996 μὲν
812 3929 970 3997 ἀναγκαῖαι.
989 3933 1019 3985 ul
1037 3934 1067 3988 δὲ
1085 3938 1206 4003 φυσικαὶ
1220 3938 1264 4006 μό·

195 4003 317 4063 qqantum
340 4004 401 4044 satu
421 4005 495 4044 esset.
516 3996 618 4109 lSicde
633 3998 711 4114 Leggi
745 4014 812 4116 uoq·
844 4001 900 4078 quir
925 3997 955 4053 dl
979 3999 1142 4068 ,ἀναγκαίων
1167 4007 1198 4058 ul
1219 4003 1265 4089 μὲν

195 4064 307 4178 {lolli
326 4070 626 4195 ttttttt‘tttltt?
642 4081 709 4181 lli:
745 4067 1263 4208 tlt‘tlt‘ttlttttltlttttt‘t‘t

195 4196 237 4244 ubi
252 4213 275 4245 v.
288 4196 382 4245 Moser.
398 4214 423 4262 p.
441 4199 497 4254 169.
631 4217 634 4224 ¹
745 4200 817 4267 oluv,
835 4199 866 4254 ul
883 4200 915 4256 dl
931 4202 1002 4273 πρὸς
1018 4203 1089 4261 αὐτὸ
1105 4208 1141 4263 τὸ
1157 4209 1215 4279 ζῇν.
