2640 4626
124 173 188 242 298
370 183 946 239 'ruscunartaauumsrcramonuu

125 302 245 378 effusio
262 302 364 375 animi
377 301 413 373 in
427 300 559 390 laetitia,
576 302 692 401 quoin
712 300 827 376 dolore
840 304 1037 379 contractio:
1063 304 1192 379 eadem-

124 435 188 505 quc
212 404 341 479 levitate
363 403 528 504 cupiditas
553 421 602 479 est
628 404 663 477 in
688 406 894 505 appetendo,
926 435 992 507 qua
1013 406 1140 483 laetitia
1160 408 1190 481 in

122 507 282 582 fruendo:
310 522 341 580 et
354 524 390 579 ut
405 507 504 580 nimis
523 505 635 579 alllicti
652 505 766 580 molles
777 515 808 595 ⁶,
833 509 882 582 sic
907 509 1007 583 nimis
1030 509 1106 582 elati
1132 509 1193 584 lac-

123 611 197 684 titia
213 611 284 683 iure
301 609 488 682 iudicantur
503 609 597 684 leves.
616 627 656 683 et
673 637 772 708 quum
792 610 954 700 invidere5
975 611 1190 710 aegritudinis

124 713 187 803 sit;
220 711 314 784 mali*
351 728 464 791 autem¹
493 712 608 785 alienis
643 711 841 813 voluptatem
864 741 999 814 capere,
1031 713 1190 789 lactitiae:

123 831 266 914 chumis
316 815 517 888 immanitate
533 831 565 888 et
580 814 708 888 feritate
725 817 867 914 quadam
892 817 1117 918 proponenda
1144 845 1191 892 ca·

124 917 239 1016 stigari
258 917 350 992 solet.
397 917 509 1016 Atque
528 933 564 989 ut
578 920 719 991 cavere⁶
737 918 841 1007 decet,
865 917 981 993 timere
996 947 1066 992 non
1086 919 1190 995 decet:

124 1021 173 1095 sic
189 1019 332 1119 gaudere
352 1018 463 1106 decet,
495 1019 608 1094 laetari
630 1047 699 1092 non
726 1020 835 1107 decet;
867 1021 1026 1120 quoniam
1050 1021 1190 1097 docendi

125 1149 239 1197 caussa
255 1150 273 1195 a
288 1121 409 1221 gaudio
425 1121 581 1195 laetitiam
596 1121 839 1219 distinguimus.

226 1234 283 1307 67.
333 1223 418 1296 Illud
435 1224 500 1297 iam
516 1252 618 1324 supra
634 1224 787 1312 diximus,
812 1224 1073 1299 contractionem
1089 1225 1187 1299 animi

125 1343 212 1400 recte
226 1325 299 1399 fieri
313 1355 493 1426 numquam
511 1354 629 1427 posse,
654 1325 827 1401 elationem
845 1355 954 1428 posse.
988 1327 1086 1403 aliter
1109 1329 1188 1403 enin

124 1428 310 1503 Naevianus
329 1428 383 1503 ille
399 1429 521 1527 gaudet
537 1431 677 1527 Hector:

166 1552 274 1611 Laetus
296 1572 362 1610 saun
382 1551 501 1612 laudari
521 1572 569 1611 me
590 1553 644 1613 aba
664 1562 711 1628 te,
732 1561 835 1632 pater,
857 1573 875 1614 a
896 1551 1022 1613 laudato
1044 1552 1158 1613 viro⁷z

127 1649 221 1723 aliter
234 1649 288 1722 ille
304 1650 392 1749 apud
407 1649 588 1722 Trabeam:

163 1757 246 1814 hena
266 1755 413 1815 delinita⁸
435 1765 558 1833 argento
579 1764 688 1813 nutum
710 1754 882 1815 observabit
902 1775 1001 1814 meum
1012 1800 1020 1830 ,

124 1919 128 1927 ¹
170 1840 253 1914 Quid
272 1840 379 1949 velim,
402 1840 476 1919 quid
495 1839 647 1900 studeam:
669 1839 831 1900 adveniens
854 1841 949 1919 digito
970 1840 1129 1960 imbellem
1148 1841 1189 1900 ia-
1228 1866 1231 1957 4

167 2009 258 2069 Fores
279 2007 467 2088 patebunt⁹:
491 2007 528 2068 do
548 2008 723 2091 improviso
736 2007 859 2086 Chrysis
875 1945 1191 2089 ubilibiienadspexerit‚

193 2142 268 2201 sSic
288 2142 334 2192 W.
362 2140 394 2190 de
414 2139 514 2207 egregia
535 2141 618 2192 Bentl.
644 2132 710 2192 coni.
735 2159 752 2190 α
761 2140 837 2209 fliete·
854 2140 966 2202 attolles,
988 2142 1030 2193 isa
1052 2143 1136 2193 nirreis
1166 2157 1189 2191 ro
1229 2184 1231 2191 .

127 2210 196 2278 vulg.
213 2207 316 2278 afflicti
332 2209 466 2270 molestia,
484 2209 531 2258 sic.
547 2206 589 2259 sic
605 2210 666 2260 Era.
707 2213 726 2266 6
766 2206 856 2258 .sdn.
889 2160 1191 2266 7Ern.c.1³v.cebu

127 2278 199 2328 omis.
217 2295 236 2328 a
255 2286 315 2328 ante
335 2276 408 2327 laud.
440 2280 459 2335 8
477 2279 519 2328 Or.
537 2294 560 2328 c.
578 2277 622 2328 Gr.
638 2276 671 2328 D.
688 2275 816 2351 delenita.
849 2280 868 2334 9
884 2277 916 2329 V.
932 2276 997 2328 hdn.

127 2377 646 2512 „attfflttlltttttttqtt
679 2374 1191 2507 ttlt‘lta‘ttsstfttt‘ttttb

128 2525 155 2566 et
167 2514 194 2564 in
212 2531 282 2576 eum,
300 2513 343 2592 qui
356 2512 485 2575 invideat,
503 2513 644 2575 etinctum,
729 2513 842 2563 docendi
854 2512 958 2579 caussa)
978 2517 1060 2580 Supra
1076 2531 1100 2564 c.
1117 2517 1143 2576 7,
1157 2516 1191 2572 lh

127 2582 259 2700 quinium
279 2580 367 2632 ahenis
377 2581 534 2648 voluptatem
550 2580 642 2648 capiat,
677 2646 703 2697 di
727 2585 776 2698 67.t
786 2598 869 2650 supra
885 2581 1014 2699 (ladmen)
1029 2585 1088 2659 ub,
1104 2579 1191 2699 ἓξὲξ

126 2668 156 2700 ⁰³
203 2685 210 2701 '
677 2665 988 2779 aiiilzl'ih‘iihaiff
1001 2665 1191 2783 cillibam

176 2784 279 2849 cavere]
310 2786 401 2834 Omnes
426 2784 496 2833 MSS.
518 2780 644 2833 mordicus
675 2783 770 2847 nnllam
793 2782 960 2834 constantiam
974 2783 1080 2850 opponi.
1100 2780 1191 2835 Naida.

127 2862 214 2904 tenent
222 2852 372 2918 confidere:
389 2850 458 2918 quod
473 2848 643 2901 retinuitErn.
675 2850 780 2918 Sapiens
796 2851 861 2901 enim
874 2850 906 2901 de
915 2850 1060 2902 Stoicorum
1072 2849 1193 2901 sententia

126 2921 159 2969 Et
175 2919 212 2969 sic
228 2919 254 2969 in
273 2919 337 2979 add,
356 2927 417 2968 vett.
433 2918 533 2983 legitur.
560 2917 644 2967 Prima
675 2934 803 2986 nunquam
811 2917 993 2984 aegritudinem
1000 2917 1123 2985 suscipit:
1129 2936 1193 2998 gau·

127 2987 212 3054 specie
225 2987 252 3036 in
268 2987 356 3037 oculos
370 2986 484 3046 iacunit,
498 2985 569 3036 ulcus
578 2985 643 3036 hae·-
677 2985 741 3036 dere
760 2986 785 3037 ei
799 2986 876 3047 licet,
890 3000 1016 3053 nunquam
1032 2986 1145 3038 laetata.

127 3071 183 3104 rere
197 3054 224 3104 in
236 3053 287 3106 hoc
300 3055 368 3105 loco.
385 3055 449 3103 Nam
460 3052 587 3120 oppositio
600 3053 645 3103 in·
728 3056 827 3105 Laeua
842 3056 912 3121 aum)
932 3056 977 3104 Est
992 3052 1143 3105 trochaicus
1157 3065 1193 3104 te·

127 3133 167 3171 ter
182 3121 315 3188 confidere
332 3122 472 3181 attimaro,
487 3120 644 3171 citationem
677 3130 797 3171 trameter
812 3120 982 3172 catalecticus.
1000 3120 1035 3170 od
1048 3121 1126 3172 Divv.
1141 3120 1193 3172 XV.

27 3186 29 3197 '
128 3188 222 3238 habeas
231 3189 284 3238 eius
292 3188 469 3255 oppositionis,
478 3191 547 3254 'quae
554 3197 593 3238 est
601 3188 644 3236 iu·
677 3206 717 3256 ep.
735 3193 759 3247 6.
777 3193 875 3240 Laetus
889 3205 948 3239 sum
964 3188 1074 3238 laudari
1094 3208 1144 3250 ene,
1158 3190 1193 3239 in-

126 3267 168 3306 ter
192 3256 311 3325 gaudere
343 3266 370 3305 et
399 3257 512 3316 laetari,
542 3254 645 3306 vacillat
678 3256 733 3323 quit
746 3258 857 3318 Hector,
875 3254 966 3324 opinor
978 3256 1049 3322 apud
1065 3257 1194 3314 Naevian,

126 3324 202 3391 plane
218 3323 358 3377 actitabat.
380 3323 446 3373 Hinc
455 3323 590 3373 Lambinus
599 3339 645 3372 su·
677 3323 725 3374 aba
738 3335 778 3385 te,
798 3336 893 3394 pater,
916 3341 933 3373 α
947 3323 1058 3373 laudato
1071 3326 1141 3376 saro.
1164 3325 1194 3373 Ea

126 3391 270 3459 apicabatnr
285 3389 427 3459 diffidere:
444 3409 492 3440 aec
507 3407 569 3441 vero
581 3389 645 3439 haec
679 3391 916 3460 estcnhnprolecto
932 3389 1119 3455 iucundalaas,
1136 3406 1193 3460 qnae

127 3460 201 3521 ratio,
216 3477 290 3538 quam
305 3458 408 3508 mirifice
428 3457 583 3525 amplexatus
606 3465 646 3506 est
678 3459 710 3508 ab
724 3458 756 3508 iis
771 3459 946 3526 proficiscitur,
962 3457 1006 3525 qni
1020 3457 1070 3526 ipsi
1087 3460 1113 3510 in
1127 3457 1194 3510 laude

128 3528 270 3589 Bentleaus,
288 3526 339 3577 hoc
361 3537 429 3576 certe
450 3526 525 3586 loco,
549 3525 576 3575 iu
593 3541 644 3592 quo
678 3526 800 3576 vixerunt.
827 3526 892 3576 lbid.
917 3526 948 3576 V.
976 3542 990 3575 e
1012 3562 1018 3574 .
1038 3532 1079 3584 12.
1114 3528 1194 3579 Placet

128 3595 217 3646 Cicero
242 3595 384 3645 Stoicorum
409 3593 515 3659 vestigia
542 3592 644 3660 premit,
678 3593 744 3643 enim
768 3595 865 3644 Hector
888 3593 933 3644 ille
959 3592 993 3644 mi
1015 3593 1021 3604 '
1044 3594 1194 3653 Naevianus,

128 3680 175 3712 nec
190 3663 294 3728 vulgare
312 3661 413 3711 dicendi
430 3678 507 3728 genua
523 3659 644 3726 sequitur,
679 3661 721 3729 qui
737 3677 790 3710 non
804 3670 904 3711 tantam
919 3659 1017 3713 laardari
1033 3679 1060 3711 se
1080 3662 1193 3719 laetatur,

126 3730 191 3780 bene
208 3730 344 3809 procedite
356 3729 435 3779 Stoici
449 3729 515 3779 euim
524 3728 645 3778 dillideu-
679 3729 723 3779 sed
739 3729 811 3778 addit
825 3729 909 3790 etiam,
925 3746 940 3778 a
955 3729 1062 3780 laudato
1085 3729 1150 3783 viro.

127 3798 189 3847 tiam
206 3815 232 3846 ιιι
249 3797 317 3848 vitiis
340 3797 473 3847 ducebant.
508 3800 543 3846 At
559 3811 645 3846 veram
728 3799 802 3849 Lana
819 3797 945 3862 delinito)
968 3800 1033 3846 Sunt
1053 3797 1121 3849 item
1142 3809 1194 3848 tro·

127 3864 197 3915 haud
210 3865 285 3915 dubie
297 3865 433 3916 lectionem
443 3863 574 3929 indagavit
590 3862 645 3913 sol·
679 3864 760 3922 elaaici
772 3863 913 3914 tetrametri
930 3863 1086 3916 catalectici.

126 3933 328 3993 testimonii,
351 3931 393 3997 qui
408 3931 566 3981 scribendum
582 3947 646 3981 cen·
729 3931 823 4001 digito)
839 3931 1191 3994 sioTereneEun.11‚2ss

128 4011 168 4050 set
181 4019 283 4051 cavere.
301 4001 375 4056 Nam,
389 3999 425 4047 uti
442 4015 517 4066 supra
532 4003 586 4059 αθ,
604 4002 644 4056 13,
680 3999 729 4061 Qui
751 3999 811 4048 mibi
835 4017 902 4049 nnuc
923 3999 1191 4068 wtcdigitulolorem

128 4068 245 4128 vidimus,
262 4066 469 4118 Stoicilcteciciae
483 4066 647 4133 opponebant
680 4067 760 4134 aperis
783 4069 944 4128 ibrtnuatus,
965 4066 992 4117 h.
1020 4063 1042 4117 e.
1071 4068 1190 4119 facillime.

129 4137 266 4206 gaudiam,
282 4134 372 4186 timori
391 4133 431 4182 vel
447 4136 526 4184 noetrei
542 4134 646 4185 cautio·
679 4137 711 4185 V.
726 4133 859 4185 Ruhnken.
876 4133 979 4185 Dictata
993 4135 1021 4187 in
1036 4135 1063 4185 h.
1079 4137 1099 4187 l.

130 4221 198 4256 mm.
217 4205 250 4255 Et
265 4202 301 4253 sic
315 4204 409 4252 Seneca
422 4218 462 4268 cp.
478 4206 521 4261 86.
536 4202 598 4255 Non
607 4201 646 4251 α’·
729 4204 812 4253 Fores
824 4201 962 4273 potebant)
976 4202 1037 4255 Sine
1052 4203 1130 4255 dubio
1142 4217 1190 4254 oum
