2640 4626
374 173 420 223 AD
437 169 652 223 LUDOLPHUM
668 172 795 224 DISSEN.
1057 180 1118 219 ·xv

51 278 322 395 explanandaque
340 289 540 363 ciceroniani
560 290 723 363 sermonis
748 318 786 362 ac
805 271 1054 365 consuetudinis
1070 291 1121 366 vel

50 429 254 533 proprietate
281 426 331 500 vel
360 425 527 525 elegantia.
578 427 709 500 Etenim
730 426 846 500 Cicero
879 443 911 501 et
927 427 1069 500 habetur
1091 445 1122 501 et

51 567 148 642 estis
165 565 325 665 scriptor,
351 567 426 663 qui,
452 563 608 662 quoniam
626 563 661 635 in
677 564 769 636 omni
785 562 853 638 fere
868 563 1048 637 litterarum
1066 592 1123 663 gc-

51 733 131 778 nere
155 716 369 776 monumenta
389 699 541 799 reliquit,
566 727 666 799 quae,
691 715 728 770 ut
747 727 856 772 rerum
873 700 1125 774 sententiarum-

55 869 120 941 que
140 856 171 913 et
187 838 364 937 gravitate,
391 851 421 908 et
441 835 615 923 suavitate,
641 851 673 909 et
699 863 775 908 vero
798 835 936 911 utilitate
950 837 1125 937 ,praeclare

56 987 140 1050 sese
146 972 406 1059 commendant,
431 969 478 1043 ita
506 972 639 1070 egregio
672 971 892 1073 omnibusque
916 974 1064 1048 numeris
1087 1002 1125 1047 ac

56 1111 209 1212 partibus
237 1107 477 1210 perfectissimo
510 1108 641 1181 dicendi
674 1136 794 1206 genere
828 1109 1028 1198 enitescunt,
1052 1126 1126 1182 tan-

57 1276 158 1347 quam
182 1244 347 1346 exemplar
369 1243 468 1317 nobis
491 1244 684 1344 propositus
711 1271 782 1317 esse
812 1243 928 1335 debet,
954 1246 997 1319 ad
1025 1246 1126 1345 quod,

57 1400 214 1482 tanquam
238 1381 282 1454 ad
307 1408 474 1470 normam,
499 1379 593 1453 latini
615 1379 776 1454 sermonis
801 1379 946 1454 indolem
966 1382 1127 1455 diiudice-

58 1547 151 1606 mus,
178 1533 209 1591 et
229 1545 327 1589 omne
348 1532 497 1590 nostrum
524 1516 675 1589 imitandi
702 1515 848 1589 studium
875 1510 1127 1591 conformemus.

58 1655 222 1755 Apprime
236 1653 359 1753 scripta
374 1650 626 1752 philosophica,
652 1652 816 1752 aequabili
834 1654 978 1752 quodam
998 1670 1029 1728 et
1046 1670 1128 1727 tcm-

59 1806 176 1891 perato
198 1788 332 1861 dicendi
349 1816 468 1886 genere
482 1789 683 1889 composita,
707 1786 796 1896 tacita
819 1789 1031 1876 iucunditate,
1056 1806 1128 1862 tan-

61 1944 95 1999 to
119 1925 249 2026 lepore,
274 1939 324 1997 tot
355 1924 497 2023 denique
531 1925 690 2011 orationis
711 1925 886 1999 veneribus
912 1924 1055 2013 elucent,
1080 1943 1127 2013 ut,

63 2079 188 2163 quanto
213 2059 336 2135 diutius
357 2058 393 2131 in
409 2058 558 2158 legendis
574 2061 617 2134 iis
639 2077 785 2134 versatus
802 2061 922 2149 saeris,
948 2078 1040 2134 tanto
1059 2091 1129 2134 ma-

62 2198 130 2271 iori
148 2197 315 2270 detineare
331 2193 557 2284 delectatione,
607 2196 719 2291 Quare
744 2196 880 2270 multum
900 2227 1019 2298 operae
1042 2198 1130 2286 dedi,

63 2351 118 2423 ut,
144 2361 229 2433 qnae
254 2331 395 2405 manime
423 2331 562 2432 propria
592 2348 700 2405 essent
723 2333 923 2406 ciceroniani
959 2334 1131 2423 sermonis,

64 2470 134 2543 sive
158 2498 197 2542 ea
221 2468 466 2541 continerentur
485 2467 644 2567 loquendi
668 2468 836 2556 formuliS,
861 2468 928 2542 sive
958 2469 1133 2543 verborum

66 2594 401 2704 consequutionibus'
416 2620 447 2676 et
478 2603 856 2704 circumscriptionibus,
890 2604 1063 2703 diligenter
1091 2606 1135 2680 ad

66 2772 107 2816 ea
128 2742 329 2815 adverterem
347 2739 592 2813 adolescentum
615 2741 754 2839 ingenia.
806 2739 902 2838 Quae
926 2742 1061 2840 quidem
1083 2741 1135 2815 in-

64 2879 271 2978 terpretandi
291 2877 375 2950 ratio
393 2876 469 2950 licet
488 2876 591 2949 multa
608 2877 764 2975 attingat,
790 2905 874 2975 quae
900 2877 947 2965 ei,
973 2873 1066 2950 cuius
1084 2879 1136 2977 in-¹

67 3015 204 3114 genium
228 3043 247 3088 a
269 3013 362 3086 latini
390 3012 552 3086 sermonis
577 3011 746 3111 elegantiis
769 3029 800 3085 et
824 3012 1054 3086 festivitatibus
1078 3013 1136 3086 ab·

69 3151 202 3238 horret,
236 3149 416 3223 minutulae
449 3179 486 3223 ac
520 3149 656 3249 putidae
690 3149 880 3238 videantur3
911 3165 1039 3238 tamen,
1066 3178 1138 3224 eam

69 3315 172 3360 unam
197 3285 414 3359 certissimam
438 3286 481 3359 ad
500 3303 643 3360 veterum
670 3285 870 3387 scriptorum
891 3286 1139 3384 intelligentiam

71 3422 201 3495 munire
215 3422 320 3508 viam,
348 3421 675 3522 efficacissimumque
692 3423 735 3495 ad
748 3439 873 3496 mentes
888 3422 1045 3496 iuveniles
1063 3451 1141 3495 acu-

51 3559 174 3671 xendas
204 3557 442 3658 poliendasque
467 3576 499 3632 et
524 3559 652 3631 venusti
680 3586 780 3632 sensu
801 3558 998 3632 imbuendas
1023 3587 1140 3661 parare

70 3695 343 3783 instrumentum,
368 3722 465 3768 nemo
487 3694 608 3767 infitias
634 3694 704 3767 ibit.

173 3832 263 3904 Haec
277 3830 346 3904 sere
358 3847 449 3919 sunt,
469 3859 553 3930 quae
570 3830 610 3904 de
624 3829 763 3904 consilio
780 3847 812 3904 et
825 3831 964 3919 ratione,
988 3832 1023 3904 in
1040 3833 1139 3906 eden-

72 3967 124 4040 dis
151 3966 205 4039 his
230 3966 325 4041 libris
350 3995 368 4040 a
391 3996 443 4050 me
465 3967 564 4056 inita,
591 3969 634 4041 ad
659 3985 690 4042 te
713 3967 888 4041 scribenda
901 3969 1031 4067 putavi:
1057 3997 1141 4067 quae

10 4106 13 4119 ’
71 4120 106 4175 ut
121 4103 186 4178 tibi
204 4119 326 4203 tuoque
349 4104 473 4177 iudicio
492 4104 696 4205 probentur,
721 4103 930 4177 vehementer
952 4104 1059 4203 cupio.
