2640 4626
118 193 163 262 86
365 200 645 253 TUSCUMNARUM
661 199 942 288 nlsnorfflonutt
991 224 994 231 ·

120 321 250 410 timeat,
276 335 308 393 et
331 317 424 418 qnod
441 316 526 392 falsa
546 345 617 392 esse
635 317 848 417 cognoverit?
874 345 913 391 ex
929 319 1028 418 quo⁴
1052 314 1196 415 intelligi

120 440 242 526 potest,
266 450 367 522 quam
382 422 469 494 acuti
490 432 608 493 natura
625 420 711 510 siut,
736 420 824 521 qni⁵
846 420 928 493 haec
949 420 1021 493 sine
1040 417 1198 492 doctrina

35 569 38 573 ·
123 525 280 601 credituri
290 523 421 597 suerint.
446 528 505 602 49.
514 522 725 597 Praeclarum
739 539 847 596 autem
860 522 973 596 nescio
982 520 1066 622 quid
1079 520 1197 622 adepti

122 644 209 717 sunt,
234 627 355 727 quod⁶
378 625 575 714 didicerunt,
592 653 638 713 se,
655 653 756 724 quum
772 642 904 725 tempus
913 624 1030 698 mortis
1039 622 1199 713 venisset,

122 748 211 804 totos
227 757 298 804 esse
314 728 490 830 perituros.
515 727 608 828 quod
621 744 658 800 ut
667 727 714 800 ita
727 727 770 800 sit
782 736 814 816 ⁷,
840 726 939 826 (nihil
949 726 1164 829 enimpngno
1174 730 1198 826 3)

124 832 207 934 quid
221 831 323 905 habet
339 830 403 904 ista
424 859 478 904 res
498 847 554 902 aut
569 828 738 918 laetabile,
764 846 821 902 aut
836 828 1044 928 gloriosum?
1068 858 1134 903 nec
1148 845 1198 923 ta-

123 964 201 1009 men
224 934 308 1010 mihi
333 961 412 1007 sane
434 932 615 1034 quidquam
631 932 792 1021 occurrit,
819 960 878 1006 cur
901 960 971 1005 non
984 931 1199 1107 Ppthagorae

123 1037 168 1111 sit
183 1052 216 1111 et
226 1035 375 1110 Platonis
390 1063 467 1109 vera
485 1035 653 1109 sententia.
678 1051 715 1108 ut
730 1035 819 1108 enim
833 1034 996 1108 rationem
1041 1032 1110 1107 lato
1124 1031 1198 1107 nul-

123 1139 188 1213 lam
199 1138 343 1227 afferret,
365 1137 467 1238 (vide,
483 1136 701 1238 quidhomini
716 1137 886 1237 tribuam)
913 1137 986 1238 ipsa
1002 1135 1201 1211 auctoritate

123 1270 177 1315 me
195 1241 378 1340 frangeret:
403 1257 453 1313 tot
473 1257 581 1313 autem
603 1240 749 1313 rationes
765 1238 892 1329 attulit,
917 1256 955 1312 ut
967 1237 1048 1313 velle
1066 1237 1198 1327 ceteris,

126 1343 191 1418 sihi
209 1360 295 1418 certe
314 1342 519 1443 persuasisse
532 1341 689 1421 videatur.

224 1447 334 1520 XXII.
360 1455 418 1526 50.
444 1444 513 1518 Sed
528 1442 662 1544 plurimi
680 1461 796 1519 contra
812 1444 973 1532 nituntur,
999 1442 1197 1543 animosque

125 1547 221 1650 qnasi
242 1548 350 1649 capite
373 1547 569 1633 damnatos,
594 1551 700 1621 morte
725 1545 882 1621 multant:
908 1574 1015 1646 neque
1038 1542 1132 1618 aliud
1150 1559 1199 1618 est

124 1650 316 1751 quidquam,
327 1677 386 1723 cur
393 1647 601 1723 incredibilis
611 1647 687 1721 hist
703 1648 888 1722 animorum
897 1646 1048 1721 videatur
1057 1647 1200 1721 aeterni-

123 1769 185 1841 tas,
212 1752 279 1825 nisi
298 1750 390 1852 quod
406 1767 584 1852 nequeunt,
609 1749 716 1851 qualis
732 1751 862 1827 animus
881 1750 924 1825 sit
941 1777 1061 1825 vacans
1078 1777 1199 1850 corpof

124 1883 171 1942 re,
196 1853 378 1952 intelligere
397 1846 428 1927 et
442 1851 641 1950 cogitatione
657 1852 946 1954 comprehendere.
991 1851 1101 1949 Quasi
1118 1879 1197 1926 vero

125 1954 325 2055 intelligant,
352 1953 459 2056 qualis
473 1955 517 2043 sit
534 1954 570 2027 in
591 1955 665 2056 ipso
682 1978 840 2056 corpore,
867 1983 950 2056 quae
967 1953 1200 2041 conformatio,

125 2052 211 2159 quae
222 2056 429 2158 magnitudo,
454 2057 512 2159 qni
527 2056 638 2147 locus;
663 2074 710 2148 nt,
735 2057 764 2132 si
775 2057 841 2132 iam
854 2073 993 2159 possent
1009 2056 1045 2130 in
1060 2055 1198 2135 homine

191 2207 343 2287 doricum
361 2228 393 2279 ll.
411 2227 516 2296 aliisque
533 2245 548 2278 e
564 2244 621 2297 quo.
637 2229 670 2279 V.
686 2227 752 2280 Adn.
786 2227 851 2287 sn.
869 2229 934 2286 021.
943 2225 1074 2296 quoniam.
1108 2224 1152 2276 sic
1166 2225 1197 2276 l).

125 2294 170 2362 qni
185 2312 246 2347 mox
261 2296 390 2347 credituri
398 2293 529 2364 fuerunt,
546 2296 584 2346 nti
600 2297 632 2347 ll.
650 2297 713 2354 041.
737 2295 903 2354 llom.1469.
930 2297 973 2344 Or.
991 2294 1108 2345 conferre
1129 2293 1200 2344 iubet

125 2361 224 2431 Wopk.
246 2380 273 2432 p.
292 2367 332 2422 19.
350 2362 437 2415 Garat.
454 2363 487 2414 ad
503 2362 593 2415 Milon.
611 2382 637 2431 p.
655 2367 713 2423 105.
730 2365 794 2414 Bon.
827 2365 845 2420 6
861 2364 893 2412 D.
911 2379 933 2412 c.
951 2360 1036 2412 miultis
1052 2361 1118 2412 Edd.
1135 2369 1199 2411 vett.

125 2448 179 2548 qur.
196 2430 272 2492 Quod
288 2430 404 2499 equidem
419 2431 570 2498 praeferam.
603 2437 621 2489 7
638 2430 719 2482 codd.
736 2430 796 2499 aliq.
814 2430 884 2500 quod
903 2441 933 2481 us
949 2430 994 2480 sie.
1011 2428 1053 2479 Sio
1066 2430 1116 2481 Do.
1131 2427 1200 2481 Lell.

149 2533 156 2547 .
174 2499 250 2550 Goer.
268 2499 301 2550 ad
316 2499 395 2550 Acad.
412 2501 443 2550 ll.
459 2503 501 2558 17.
519 2517 545 2567 p.
564 2498 624 2557 104.
657 2503 676 2557 8
694 2497 843 2566 Legendum
859 2515 882 2548 c.
899 2500 925 2548 8.
941 2499 971 2548 ll.
987 2497 1032 2547 iia.

175 2616 209 2649 ex
223 2616 274 2669 qno
289 2598 411 2669 intelligi
421 2598 518 2715 plocen)
531 2596 646 2648 sicubi·
678 2607 750 2650 totos
765 2615 820 2648 esee
840 2595 981 2666 perituros:
1006 2595 1071 2647 nihil
1092 2605 1148 2659 est,
1173 2594 1200 2647 in

126 2683 175 2740 qne
196 2666 265 2764 ‘scre'
282 2665 399 2745 Ciceroni
442 2665 517 2715 'citur
541 2683 574 2715 ex
597 2682 647 2733 quo
680 2682 730 2732 quo
747 2665 792 2716 isti
806 2665 956 2732 glorientur.
989 2664 1201 2780 Ni⁰.l²³¹¹¹⁰¹¹.i¹'

125 2731 419 2879 fid't'ttthl.
439 2741 524 2849 till
546 2741 647 2866 latit
679 2732 978 2867 ll‘ltltisstgtffi‘t
986 2731 1200 2849 dissith

126 2887 141 2918 e
157 2885 214 2936 quo.
249 2869 289 2918 De
305 2865 465 2930 discrimine,
491 2864 560 2933 qnod
581 2865 647 2916 inter
679 2818 770 2917 dentes
786 2868 950 2936 opinionem,
976 2866 1053 2918 nullis
1071 2865 1202 2917 suffultam

126 2933 328 3002 praepositiones
343 2953 357 2983 e
371 2943 397 2984 et
415 2952 449 2983 ex
463 2933 647 3001 apudCieero-
678 2934 833 2998 rationibus,
856 2935 1015 3003 Pythagorae
1039 2944 1065 2985 et
1084 2933 1202 2984 Platonis

125 3019 185 3052 nem
195 3000 357 3081 intercedere
371 2999 455 3063 solet,
479 3017 503 3050 v.
521 3002 646 3052 Goerenz.
679 3003 839 3065 sententiam,
859 3003 903 3080 (sc.
917 3005 1020 3081 animes
1034 3002 1201 3080 immrtaiee

125 3067 159 3119 od
173 3068 229 3118 rm.
247 3069 278 3118 ll.
294 3075 320 3128 5,
338 3072 379 3127 15.
395 3085 422 3136 p.
439 3071 496 3127 136.
514 3079 541 3118 et
554 3069 646 3119 Rame-
679 3072 760 3150 esse),
777 3070 1000 3149 quae-hemissimn
1014 3079 1200 3120 nrtrturrntro-

125 3135 646 3273 ¹¹⁰¹i.fs;.‘{;.·..t..¹aa-²a³.·a;-
679 3139 972 3274 tltesllttl..
989 3223 1030 3256 ..
1038 3201 1204 3275 ρ...)

13 3270 18 3281 ’
126 3269 197 3333 sunt)
228 3270 356 3322 Particula
378 3283 465 3321 autem
481 3270 660 3335 continuandi,
678 3274 711 3322 H.
727 3289 750 3322 e.
760 3290 800 3323 me
808 3273 977 3334 convinceret,
995 3290 1081 3324 amen
1094 3282 1202 3323 senten·

126 3337 176 3386 vlm
191 3335 277 3400 habet,
297 3348 324 3388 et
340 3339 441 3405 quidem
455 3338 501 3399 ito,
518 3348 547 3388 ut
562 3338 645 3389 inter·
677 3339 715 3391 tia
729 3340 757 3390 in
773 3357 845 3391 suam
872 3341 1018 3392 adduceret.
1052 3340 1084 3392 V.
1100 3339 1203 3393 Ernesti

125 3415 226 3473 ruptam
243 3406 384 3456 orationem
406 3415 524 3456 resumat.
544 3406 583 3456 Cf.
599 3424 645 3457 su·
679 3407 751 3458 Glnv.
765 3408 817 3458 Cic.
832 3426 853 3459 s.
867 3425 892 3458 v.
926 3409 966 3459 De
981 3425 1009 3460 re
1025 3407 1080 3476 ipen
1095 3407 1201 3459 clnd-

125 3472 318 3599 oaera
332 3473 645 3600 u...
728 3541 1189 3608 aa...

127 3608 202 3657 Corn.
210 3577 365 3675 nepsatiic.
374 3560 439 3669 vii.
450 3627 475 3676 p.
483 3577 543 3667 1166.
577 3612 644 3659 Sen-
678 3611 700 3661 li
719 3578 787 3677 ant).
801 3579 979 3663 Salsairohia.
1013 3609 1137 3661 Similiter
1152 3627 1200 3678 pro

126 3675 261 3725 tontiarum
274 3676 341 3724 enim
356 3676 418 3727 ordo
436 3676 478 3726 hie
493 3685 546 3726 est:
573 3678 644 3740 Quae
676 3629 774 3728 Milone
788 3679 899 3741 XXXI,
915 3681 957 3737 84.
970 3677 1142 3746 pulcherrime
1159 3677 1201 3727 di-

126 3741 227 3808 quidem
252 3743 366 3808 cogitans
383 3743 454 3793 soleo
472 3744 557 3793 mirari
576 3761 602 3793 n.
624 3744 642 3793 i.
677 3744 713 3794 cit
728 3745 841 3796 Tullius:
866 3747 926 3808 Est,
959 3756 999 3796 est
1012 3746 1132 3813 prolecto
1155 3744 1201 3805 ille

125 3808 183 3876 ph,
201 3809 285 3876 qui—
303 3819 495 3860 veneranturnt
511 3811 598 3872 deum,
616 3821 644 3860 et
677 3812 729 3871 νίας
755 3829 838 3880 neque
851 3812 879 3862 in
898 3813 938 3863 hie
955 3812 1106 3881 corporibus
1121 3822 1199 3891 atque

126 3876 282 3941 praeclarum
298 3877 383 3927 nescio
396 3877 457 3944 quid
473 3877 559 3944 adepti
575 3888 642 3928 aurit.
676 3879 761 3930 inhao
768 3879 943 3931 imbecillitate
950 3890 1038 3931 nostra
1045 3880 1115 3931 inest
1121 3881 1199 3948 quid-

125 3944 210 3994 Ve'rha
225 3943 645 4013 liberatos-crediturijirerinr
677 3947 752 4012 dum,
785 3947 854 4016 quod
876 3948 963 4015 vigeat
984 3945 1011 3998 et
1028 3947 1138 4010 sentiat,
1172 3957 1200 3999 et

126 4013 335 4077 nuperrimae
352 4011 486 4062 interiecta
500 4023 567 4062 sunt.
677 4033 729 4067 non
745 4015 812 4066 inest
827 4016 854 4066 in
870 4016 921 4067 hoo
935 4025 1008 4066 tanto
1023 4025 1130 4067 nemeae
1146 4025 1199 4069 tam

176 4079 251 4142 Quod
265 4079 343 4130 utito
356 4079 401 4143 sit)
419 4079 446 4129 si
468 4080 643 4145 concedamus,
676 4083 809 4151 praeclaro
823 4094 904 4135 motu.
938 4084 1004 4136 Nisi
1014 4081 1198 4152 forteidoiroo

125 4146 194 4212 qnod
230 4146 342 4214 epicurei
370 4145 517 4215 philosophi
547 4148 643 4212 (henot,
677 4169 731 4201 ense
744 4168 797 4202 non
812 4161 919 4218 potant,
936 4151 997 4219 qnia
1013 4168 1065 4203 non
1081 4161 1197 4220 apparet,

123 4231 172 4264 nos
177 4251 186 4276 ,
213 4230 290 4283 quum
305 4224 405 4287 tempus
421 4215 510 4266 mortis
524 4216 642 4278 venisset,
676 4235 724 4271 uec
740 4218 864 4270 cernitur:
882 4219 990 4287 proinde
1006 4219 1200 4288 quasinoetram
