2640 4626
73 4226 114 4344 Ι

202 207 243 279 74
447 215 1023 270 ruscumnaauumsrurarrouuu

201 366 273 415 mus
300 336 442 437 quisque
467 333 610 407 maxime
642 334 827 433 posteritati
859 335 996 423 serviat,
1034 363 1107 410 esse
1132 334 1272 436 aliquid,

202 442 295 516 cuius
311 440 340 510 is
356 454 435 536 post
452 452 592 509 mortem
609 463 742 508 sensum
758 437 801 509 sit
818 437 999 511 habiturus.

301 541 391 613 XVI.
417 549 474 620 36.
498 538 568 611 Sed
590 555 627 611 ut
650 538 730 611 deos
749 567 820 613 esse
837 556 954 613 natura
971 539 1166 641 opinamnr3
1194 568 1272 640 qua-

202 644 314 742 lesque
331 643 414 728 sint,
439 641 567 736 ratione
583 641 831 738 cognoscimus:
858 642 907 715 sic
922 669 1116 742 permanere
1141 641 1272 717 animos

204 747 403 821 arbitramur
419 771 582 817 consensu
598 744 767 816 nationum
784 744 951 833 omnium;
977 743 1092 844 quain
1107 745 1189 818 sede
1207 773 1272 818 ma-

203 865 312 934 neant,
339 845 517 946 qualesque
534 846 609 933 sint,
638 846 969 921 rationediscenclum
985 864 1041 921 est.
1068 847 1166 922 cuius
1181 847 1272 946 iguo

202 951 288 1024 ratio
305 949 400 1022 finxit
422 949 561 1034 inferos,
588 976 708 1047 easque
722 949 936 1038 formidines,
962 977 1044 1048 quas
1065 966 1101 1021 tu
1126 967 1274 1025 contem·

203 1081 282 1128 nere
297 1079 366 1125 non
384 1051 455 1124 siue
472 1078 587 1124 caussa
601 1050 765 1126 videbare.
791 1052 826 1123 in
840 1069 960 1125 terram
976 1052 1064 1125 enim
1077 1052 1273 1127 cadentibus

206 1155 423 1255 corporibus,
448 1153 584 1252 iisqne⁹
607 1153 707 1226 humo
728 1154 839 1241 tectis,
867 1183 969 1254 equo
993 1154 1118 1227 dictum
1141 1172 1195 1228 est
1212 1153 1274 1230 ltu

206 1261 309 1344 niori,
335 1257 397 1329 sub
413 1273 500 1329 terra
512 1257 690 1329 censebant
699 1256 858 1356 reliquam
875 1257 974 1330 vitam
988 1256 1040 1355 agi
1059 1273 1273 1330 mortuorum.

206 1390 304 1461 quam
320 1387 443 1433 eorum
466 1358 659 1458 opinionem
682 1360 796 1455 magni
828 1388 955 1433 errores
984 1360 1154 1434 consecuti
1182 1376 1274 1433 suut:

207 1491 291 1563 quos
308 1478 468 1535 auxerunt
482 1477 609 1560 poetae.
652 1470 708 1540 37.
726 1463 895 1560 Frequens
909 1462 997 1536 enim
1013 1489 1194 1536 consessus
1206 1461 1275 1535 the-

205 1567 285 1652 atri,
311 1565 347 1637 in
369 1592 436 1663 quo
462 1580 539 1635 sunt
556 1560 766 1661 mulierculae
783 1580 815 1637 ct
832 1565 945 1664 pueri‚
970 1581 1119 1638 movetur
1136 1564 1275 1667 audieus

204 1685 271 1741 tam
288 1667 414 1766 grande
431 1694 582 1740 carmen:

249 1806 370 1865 Adsum
388 1816 477 1885 atque
495 1804 623 1863 (advenio
634 1803 805 1864 Acherunte
821 1809 885 1875 uix,
901 1809 956 1864 oia
968 1807 1037 1865 alta
1055 1817 1149 1887 atque
1164 1805 1275 1875 arduo,

251 1895 311 1949 Per
332 1892 504 1969 speluncas,
526 1892 612 1946 saxis
633 1899 766 1947 structas
787 1895 916 1969 asperia,
936 1890 1150 1970 pendentibus,

254 1977 428 2033 Mtxumis:
450 1973 503 2031 ubi
518 1972 628 2053 rigida
643 1984 761 2031 constat
777 1997 883 2032 crassa
900 1978 1006 2057 caligo
1020 1977 1175 2052 inferum:

207 2089 399 2170 tantumque
417 2069 518 2160 valuit
533 2097 633 2156 error,
647 2071 715 2175 ¹qui
734 2071 816 2143 mihi
833 2071 967 2171 quidem
982 2071 1053 2177 iam
1065 2069 1220 2145 sublatus
1234 2071 1275 2143 vi-

209 2175 314 2259 detur,
340 2189 385 2260 ut,
413 2201 552 2272 corpora
573 2184 720 2245 erenrata'
737 2201 837 2273 quum
856 2174 995 2261 scirent,
1020 2190 1131 2247 tamen
1157 2173 1276 2248 eafieri

208 2276 298 2376 apud
313 2274 436 2348 inferos
446 2274 617 2374 lingerent>
639 2303 727 2375 quae
738 2276 809 2350 sine
824 2276 1020 2376 corporibus
1034 2304 1096 2350 nec
1110 2275 1187 2369 lieri
1202 2304 1277 2378 pos

181 2418 183 2423 ·
207 2396 291 2467 sent,
316 2407 377 2451 nec
394 2376 539 2476 intelligi.
566 2379 694 2451 animos
712 2379 799 2453 euim
821 2407 931 2478 perse
949 2378 1043 2479 ipsos
1055 2378 1200 2453 viventis
1213 2407 1276 2452 non

207 2497 360 2583 poterant
379 2498 487 2553 mente
513 2478 704 2579 complecti:
738 2481 879 2554 formam
908 2481 1050 2580 aliquam
1072 2480 1277 2583 figuramque

150 2662 153 2668 ,
210 2584 418 2684 quaerebant.
444 2582 526 2655 lnde
540 2582 679 2655 Homeri
696 2591 906 2661 totareuulot:
932 2580 1075 2673 iutle'ea,¹
1089 2611 1278 2684 quaemeus

275 2776 292 2830 9
309 2772 368 2820 Ern.
387 2788 409 2819 c.
426 2769 494 2835 vulg.
513 2768 614 2837 hisque.
635 2770 711 2833 Male.

209 2892 263 2941 sula
275 2888 387 2957 ponitur.
412 2887 444 2938 V.
462 2887 588 2937 Goeresz.
603 2887 636 2936 ad
648 2888 727 2954 Legg.
762 2889 801 2940 nis
817 2889 980 2957 scriptoribus
1004 2887 1278 2956 compositurumtoco

209 2961 240 3008 ll.
256 2962 306 3017 26,
323 2962 365 3013 75·
384 2973 409 3022 p·
427 2956 486 3012 216·
627 2988 631 3000 ι
762 2967 905 3025 ponuntur,
930 2966 960 3007 ut
982 2957 1102 3026 linquere
1122 2975 1174 3025 pro
1196 2957 1279 3009 relin-

261 3025 319 3073 Car.
337 3024 408 3073 XVI.
433 3025 475 3078 36.
494 3021 568 3071 cuius
582 3021 747 3091 ignoratio)'
777 3043 847 3074 uere.
881 3025 922 3075 nd
936 3025 1038 3075 verbum
1051 3026 1181 3094 consequi
1192 3026 1229 3077 of.
1243 3026 1279 3076 in·

210 3095 243 3143 H.
254 3110 277 3142 e.
296 3107 360 3158 quae
370 3090 419 3156 (sc.
430 3088 505 3155 ratio)
521 3089 602 3139 minus
619 3090 727 3141 exculta.
761 3095 800 3143 tra
820 3096 907 3154 cL38,
925 3096 966 3150 91.
992 3102 1018 3142 ot
1032 3091 1184 3155 Aduot„iu
1200 3110 1226 3145 e.
1241 3094 1279 3152 40,

260 3158 411 3226 consequuti
426 3157 495 3222 sunt)
514 3158 546 3205 H.
563 3174 586 3206 e.
603 3157 675 3207 simul
685 3176 728 3208 se·
761 3164 805 3218 96.
824 3161 866 3209 ΙΠ.
885 3165 920 3222 2,
936 3164 962 3217 3.
982 3169 1008 3210 et
1019 3164 1067 3221 27,
1085 3159 1129 3218 64.

210 3227 357 3295 quntisunt.
391 3224 563 3292 Idpropterea
576 3225 728 3276 mouendum
794 3231 836 3285 37.
854 3227 964 3292 Adsum)
980 3231 1044 3279 Sunt
1056 3225 1187 3280 trochaici
1201 3237 1280 3281 tetra·

211 3292 368 3354 existimavi,
385 3291 455 3359 quod
469 3292 645 3343 recentissimis
659 3311 726 3361 quo·
760 3294 835 3344 metri
858 3294 1009 3347 catalectici.
1036 3321 1069 3333 -
1102 3295 1230 3347 Ceterum
1245 3295 1281 3346 le·

229 3380 259 3412 ue
275 3358 429 3428 temporibus
452 3359 520 3427 hanel
541 3377 636 3440 paucos
659 3362 726 3411 viros
759 3361 826 3412 tinus
839 3372 916 3430 poeta
932 3360 1075 3430 euripideae
1091 3363 1221 3415 Hecubae
1234 3362 1280 3415 ini-

210 3380 302 3480 ioctos
322 3444 440 3496 perversa
467 3426 512 3478 illa
540 3429 649 3478 unbutos
674 3428 726 3479 vidi
758 3429 823 3479 tium
847 3429 970 3481 imitando
995 3428 1096 3480 videtur
1122 3431 1280 3499 expressisse,

212 3497 348 3565 opinione,
366 3505 395 3546 ut
408 3495 483 3546 rerba
499 3496 638 3564 composita
650 3514 725 3564 saepe
759 3497 803 3548 ubi
822 3497 944 3564 Polydori
969 3495 1084 3550 εἴδωλον
1116 3497 1173 3550 ite:

212 3567 278 3615 vices
293 3563 416 3614 sustinere
429 3563 561 3615 verborum
575 3563 725 3630 simplicium
791 3563 860 3634 ἥκω,
878 3565 984 3632 νεκρῶν
994 3563 1150 3631 κευθμῶνα
1161 3563 1281 3621 mlest-

211 3640 359 3682 statuereut.
394 3633 450 3693 Quo
464 3631 491 3680 iu
507 3648 600 3692 errore,
618 3640 648 3680 ut
662 3631 725 3681 alios
1048 3649 1101 3686 τον
1120 3632 1221 3697 πύλας

212 3699 342 3760 omittam,
360 3708 490 3749 versantur
505 3699 587 3748 Bromi
604 3698 636 3748 ad
650 3699 724 3749 (torn.
792 3697 892 3759 λιπών,
909 3697 944 3752 l's’
956 3697 1152 3769 ’Ἆιδηςχωρὶς
1170 3698 1281 3769 damst

212 3769 278 3834 Nep.
294 3766 478 3817 ThemistVIl.
496 3771 522 3824 2.
538 3783 564 3832 p.
574 3767 617 3825 47.
636 3766 724 3833 Pelop.
1127 3770 1221 3822 θεῶν.

212 3837 243 3884 V.
256 3840 278 3892 1.
296 3854 325 3902 p,
337 3836 398 3894 240.
418 3831 593 3883 otRamshorn
608 3837 668 3884 Lot.
677 3836 725 3883 Gr.
809 3835 919 3886 Homeri
927 3832 1075 3902 -vruttlal
1091 3837 1134 3887 tta
1148 3836 1282 3906 ἰιιιαὶρω

210 3907 234 3974 §.
251 3907 311 3961 206
329 3921 354 3971 p.
371 3905 430 3962 693.
464 3900 494 3949 Iu
510 3899 565 3967 ipsa
584 3900 622 3950 rei
637 3912 726 3951 natura
759 3902 1122 3971 estliberX1(11)0dysseee=
1142 3903 1280 3975 in'quoli-

209 3971 319 4040 positum
333 3979 380 4029 est,
398 3977 427 4018 ut
442 3967 519 4017 verbs
536 3985 647 4036 compos.
662 3970 725 4019 sim·
758 3970 805 4021 bro
813 3970 901 4021 Ulixes
909 3970 1004 4022 inferos
1010 3970 1100 4022 adiisse
1114 3981 1215 4025 meum
1230 3989 1280 4024 um-

208 4038 312 4107 pliciam
331 4035 463 4087 notionem
485 4033 579 4087 habere
595 4053 647 4086 nou
663 4054 726 4106 pos·
757 4037 809 4088 bris
825 4038 985 4106 colloquntus
999 4055 1053 4090 esse
1068 4038 1185 4106 fingitur.
1206 4037 1279 4093 (Eli.

210 4106 269 4157 sint.
303 4106 393 4169 Longe
409 4101 459 4152 elia
479 4120 519 4153 res
543 4113 581 4154 est
601 4103 629 4154 in
643 4105 725 4156 verbis
758 4108 843 4170 out,
863 4111 905 4166 16.
924 4106 1009 4175 ibique
1023 4105 1108 4159 navis.
1127 4126 1156 4176 p.
1174 4107 1279 4168 swer-

210 4171 380 4240 simplioibus,
409 4185 473 4238 quae
496 4188 571 4241 saepe
596 4189 612 4222 a
634 4173 725 4240 poetis,
809 4192 876 4244 quoe
884 4172 1278 4255 -Appiusmeopsoemioestt‘

203 4238 334 4290 interdum
360 4236 465 4291 mame
484 4239 607 4311 pedestris
625 4243 725 4313 oratio-
758 4241 1095 4310 ciebatldelltvin.1.66.
1109 4243 1277 4314 psychom·
