2640 4626
201 231 261 300 182
436 215 726 293 ‘rosconsrvmrno
741 240 1023 295 ntsrorrnouou

200 359 369 448 saucium,
394 386 557 460 personae
583 359 776 458 gravitatem
789 360 973 451 intuentes,
997 388 1067 436 nou
1082 359 1272 437 dubitant

200 464 326 537 dicere:

123 546 126 553 ¹
284 570 332 627 Tu
354 588 492 646 quoque,
514 567 637 642 Ulixes,
659 588 840 646 quamquam
862 569 996 647 graviter

285 653 443 713 Cernimus
463 654 574 728 ictum,
596 652 687 712 nimis
708 668 804 734 paene
825 655 925 715 animo
945 674 976 715 es

285 738 390 815 Molli,
413 738 465 818 qui
487 737 664 799 consueris4
683 737 718 797 in
739 739 830 799 mnis
1016 743 1019 751 ’

285 823 400 884 Aevom
421 842 516 902 agere.

202 893 361 1003 Intelligit
385 920 485 1005 poeta
509 904 674 1005 prudens,
700 903 828 978 serendi
855 903 982 979 doloris
999 902 1274 978 consuetudinem

119 1080 128 1097 ,
203 1035 276 1083 esse
297 1034 366 1081 non
383 1007 656 1081 contemnendam
673 1006 874 1106 magistram.
926 1016 983 1087 50.
1008 1008 1120 1108 Atque
1135 1005 1192 1081 ille
1208 1035 1275 1081 non

203 1109 420 1185 immoderate
438 1137 560 1209 magno
575 1110 611 1183 in
632 1109 764 1183 dolore:

188 1266 191 1271 ·
287 1231 442 1310 Retinete,
463 1242 581 1311 tenete,
604 1233 771 1313 opprimit⁶
793 1230 890 1293 ulcus.

288 1317 424 1394 Nudete,
446 1315 505 1377 heu
526 1339 574 1377 me
596 1316 780 1378 miserum⁶l
802 1316 968 1377 excrucior.

203 1415 327 1517 Incipit
342 1414 426 1490 labi:
454 1416 574 1489 deinde
590 1415 679 1488 illico
695 1414 836 1490 desinit:

286 1571 328 1586 -
352 1539 491 1620 Operite,
514 1538 680 1614 abscedite,
698 1538 758 1597 iam
779 1538 839 1597 iem
878 1541 880 1546 ’

287 1623 415 1683 Mittite!
437 1643 507 1681 nem
529 1632 690 1682 attrectatu
711 1632 741 1683 et
761 1640 872 1701 quassu

289 1710 415 1768 Saevom
437 1707 621 1787 amplificati
643 1707 786 1767 dolorem.

205 1803 371 1894 Videsne,
395 1821 432 1876 ut
455 1805 657 1878 obmutuerit
676 1833 745 1877 non
774 1804 907 1899 sedatus
934 1805 1107 1905 corporis,
1133 1803 1196 1878 sed
1226 1833 1272 1877 ca-

206 1907 344 2004 stigatus
374 1907 477 1980 animi
503 1908 623 1981 dolor?
647 1909 761 2008 ltaque
794 1908 829 1979 in
856 1907 1010 1981 extremis
1035 1907 1167 2008 Niptris
1195 1906 1272 1980 elios

90 2100 97 2109 .
206 2038 338 2110 quoque
356 2010 529 2111 obiurgat,
555 2011 656 2111 idque
672 2010 834 2083 moriens:

291 2125 442 2211 conqueri
462 2134 615 2192 fomunam
637 2134 795 2192 advorsum
802 2178 810 2208 ‚
832 2152 893 2190 non
916 2131 1075 2191 lamentari
1097 2130 1194 2192 decet.

288 2217 325 2275 Id
346 2218 406 2275 viri
427 2226 472 2277 est
493 2219 640 2277 officium:
663 2220 751 2277 fletus
772 2216 914 2277 muliebri
935 2217 1055 2294 ingenio
1078 2215 1256 2276 additu‘st7.

206 2313 313 2386 Huius
330 2315 430 2387 animi
446 2344 525 2417 pars
539 2315 597 2389 illa
610 2315 744 2389 mollior
756 2313 879 2389 rationi
895 2314 943 2387 sic
956 2315 1086 2415 paruit,
1111 2331 1150 2387 ut
1164 2341 1274 2389 severo

206 2416 397 2518 imperatori
416 2419 510 2493 miles
527 2418 665 2520 pudens.

305 2522 415 2593 XXII.
466 2528 523 2600 51.
547 2523 587 2594 In
612 2549 678 2619 quo
701 2548 779 2594 vero
797 2525 814 2571 ⁸
834 2518 903 2607 ¹erit
931 2518 1077 2618 perfecta
1104 2546 1141 2592 so
1168 2518 1277 2605 ientia,

208 2624 321 2720 (quem
345 2623 453 2696 adhuc
481 2650 544 2695 nos
568 2623 703 2722 quidem
724 2623 866 2696 vidimus
883 2622 1067 2708 neminem3
1094 2546 1277 2723 sedphilo-

208 2724 390 2823 sophorum
416 2725 607 2813 sententiis,
633 2723 740 2825 qualis
767 2724 851 2797 hic⁹
876 2724 1006 2796 futurus
1032 2724 1092 2810 sit,
1119 2724 1146 2796 si
1177 2723 1276 2798 modo

208 2825 386 2926 aliquando
418 2826 534 2915 fuerit,
560 2828 735 2927 exponitur
743 2836 767 2923 :)
793 2827 823 2900 is
849 2826 967 2925 igitur,
993 2826 1089 2900 sive1
1121 2854 1159 2899 ea
1185 2826 1278 2912 ratio,

275 2995 350 3052 3Sie
373 2995 478 3046 eduob.
506 2996 587 3048 Godd.
612 2997 697 3060 Lall.,
720 2994 795 3066 prob.
819 2999 896 3048 Goer.
923 2995 956 3046 ud
971 2995 1050 3048 Aeud.
1068 2997 1100 3046 IL
1126 2999 1171 3056 16.
1195 3015 1222 3076 p.
1239 2999 1276 3054 97.

208 3063 267 3112 Ern.
285 3079 307 3111 c.
325 3062 393 3130 vulg.
412 3063 575 3115 dubitarunt.
607 3065 627 3125 4
643 3065 685 3116 Sic
700 3065 783 3116 Bentl.
801 3065 886 3116 eCod.
903 3066 967 3114 Dav.
982 3064 1025 3114 ubi
1041 3081 1222 3115 consueveras.
1238 3067 1275 3113 Or.

209 3146 232 3179 c.
247 3130 306 3180 Em.
323 3140 350 3179 et
361 3131 430 3198 vulg.
447 3145 593 3193 consuetus,
610 3143 640 3183 ut
653 3133 757 3183 verbum
779 3133 878 3183 finitum
895 3140 956 3201 post
969 3150 1052 3203 ogere
1069 3143 1209 3200 sequutum
1223 3132 1277 3181 lue·

208 3195 251 3246 n't.
303 3198 377 3254 5Sio
390 3200 434 3250 W.
462 3218 484 3250 c.
504 3200 632 3251 Gulielmo
650 3211 677 3250 et
700 3201 763 3251 Geb.
786 3200 888 3252 Vossio.
908 3202 966 3250 Em.
992 3219 1015 3252 o.
1034 3198 1104 3265 vulg.
1130 3200 1276 3281 opprimite.

208 3263 283 3321 fisic
295 3265 340 3315 W.
359 3266 391 3315 de
412 3267 498 3318 Bentl.
518 3268 584 3319 coni.
602 3297 635 3307 -
660 3271 702 3318 Or.
722 3287 743 3318 c.
761 3268 830 3335 vulg.
857 3268 982 3317 miserum
999 3287 1047 3319 me.
1090 3270 1168 3326 7810
1185 3268 1231 3317 W.
1248 3265 1277 3314 de

207 3332 291 3383 Bentl.
315 3335 451 3386 sententia.
468 3337 527 3386 Em.
546 3354 567 3387 o.
585 3335 655 3402 vulg.
673 3336 792 3387 additus.
816 3339 852 3394 ,8
869 3333 910 3386 sic
925 3335 1025 3402 egregie
1042 3334 1128 3385 Bentl.
1144 3365 1180 3374 -
1198 3337 1239 3384 Or.
1257 3351 1277 3383 c.

207 3401 267 3450 Em.
282 3401 359 3471 resin.
378 3402 446 3470 vulg.
464 3403 530 3454 viro.
564 3407 582 3463 9
599 3402 640 3454 Sic
648 3404 680 3453 D.
699 3405 792 3471 eReg.
810 3402 879 3453 Med.
896 3412 924 3453 et
938 3403 1043 3454 Balliol.
1060 3402 1124 3453 item
1138 3402 1278 3462 b.07x.-

207 3469 268 3586 Emd
286 3487 307 3519 c.
325 3469 394 3536 vulg.
403 3470 485 3589 Ipuris.
502 3471 555 3522 hic.
591 3475 605 3530 1
623 3470 667 3522 sic
681 3471 714 3522 D.
732 3471 814 3523 Codd.
831 3470 947 3540 plerique
964 3480 992 3521 et
1006 3470 1071 3524 Edd.
1087 3479 1156 3522 vett.
1172 3499 1205 3510 -
1222 3471 1277 3522 Em·

208 3552 231 3585 o.
269 3539 329 3587 VM.
347 3539 401 3588 Geb
444 3540 478 3590 si.
965 3548 968 3555 '

208 3636 281 3716 clem,
314 3638 356 3688 Sic
378 3639 478 3708 saepius
502 3640 551 3692 ills
573 3639 607 3692 ud
631 3657 725 3692 nomeu
804 3639 961 3709 lbquoque)
975 3639 1009 3690 Hi
1020 3649 1277 3710 quoqueetsequen·

207 3721 350 3770 prommum
364 3708 481 3758 refertur.
758 3718 798 3760 tes
813 3726 897 3759 versus
911 3717 972 3758 sunt
985 3707 1152 3775 anapaestiei.

808 3783 852 3835 50.
871 3777 978 3845 operite
991 3804 1025 3814 -
1039 3777 1097 3826 ium
1110 3776 1177 3843 iam)
1206 3773 1276 3825 Alte-

256 3857 389 3907 pereonae
402 3843 573 3911 gravitatem]
595 3846 630 3895 H.
644 3862 666 3895 e.
683 3845 725 3894 vi·
759 3863 813 3896 rum
830 3846 886 3894 iam
902 3843 1038 3893 delendum
1053 3844 1173 3907 videtur,
1193 3843 1231 3894 itu
1242 3849 1276 3898 ub

208 3915 261 3956 tom
282 3907 406 3974 priorem,
433 3909 460 3958 in
477 3927 529 4026 pua
548 3911 636 3962 Ulixes
654 3930 725 3962 sum·
759 3913 791 3963 ub
807 3912 881 3962 initio
904 3929 991 3961 versus
1017 3927 1082 3962 voce
1102 3913 1206 3981 operite
1227 3910 1273 3960 ite-

207 3990 273 4024 mam
288 3991 340 4024 sem
361 3994 388 4026 er
402 3986 475 4027 osten
496 3988 550 4028 erat
563 3980 724 4045 gravitatem.
758 3990 831 4042 rete,
848 3997 936 4029 versus
951 3978 1111 4029 numerosior
1129 3979 1258 4030 decurrat:

207 4044 330 4092 Persona
342 3994 368 4094 li.
382 4044 399 4094 l.
413 4043 539 4110 significat
551 4057 645 4114 partes,
663 4063 725 4114 quos
792 4049 914 4116 Operice,
932 4064 947 4097 o
966 4048 1033 4097 erite
1047 4046 1200 4108 abscedite,
1216 4045 1271 4095 ianr

208 4109 296 4159 Ulixes
319 4109 346 4160 in
368 4111 423 4162 vitu
445 4122 540 4230 egeret.
574 4115 604 4164 V.
628 4115 662 4164 de
677 4114 726 4165 hee
809 4064 1045 4184 ConqueriVSunt
1060 4113 1209 4166 teti-emetri
1222 4122 1270 4162 tro-

208 4194 272 4227 voee
289 4177 398 4230 Schuetz
413 4180 440 4230 in
469 4179 543 4231 ndice
558 4181 644 4232 Latin.
662 4200 683 4231 s.
698 4199 724 4231 v.
759 4180 842 4232 choici
858 4181 986 4233 catalecti.

194 4245 285 4296 Bromi
297 4247 332 4298 ed
348 4248 453 4302 Gornel.
467 4250 537 4320 Nep.
549 4249 634 4304 Praei.
648 4252 710 4320 p&
814 4251 901 4325 Hpr‘ru
909 4251 1005 4316 mutui)
1019 4250 1053 4300 H.
1063 4267 1088 4301 e.
1099 4242 1267 4302 Ulixiaanint
