2640 4626
341 854 393 949 aij
416 877 561 936 'ronti
593 878 860 939 crcnnonrs

123 962 1083 1086 roscuu'nn'nnonnrsr'ornrrouon
1181 1045 1183 1050 ·

580 1169 624 1206 an

443 1263 491 1311 M.
527 1262 753 1313 BRUTUM

383 1379 549 1451 LIBER
583 1379 831 1451 TERTIUS.

526 1554 678 1565 *ιο-ι-

168 1633 193 1705 Ι.
219 1670 223 1677 =
246 1641 276 1712 1.
303 1631 474 1730 Quidnam
493 1659 582 1721 esse,
607 1637 739 1720 Brute,
766 1661 901 1707 caussae
916 1652 1029 1734 putem
1036 1647 1050 1727 j,
1073 1665 1142 1726 cur,

65 1765 171 1836 quum
201 1750 390 1809 constemus
413 1763 452 1808 ex
474 1735 585 1809 animo
604 1751 636 1808 et
651 1763 809 1835 corpore,
836 1737 988 1837 corporis
1004 1741 1143 1814 curandi

64 1837 247 1938 tnendique
259 1864 375 1910 caussa
386 1836 531 1936 quaesita
542 1837 585 1910 sit
600 1865 663 1925 ars,
680 1839 815 1938 eiusque
829 1838 954 1913 utilitas
968 1851 983 1891 ¹
1004 1842 1143 1917 deorum

67 1939 305 2016 immortalium
331 1939 515 2012 inventioni
530 1957 737 2027 conscerata;
764 1941 866 2013 animi
882 1959 989 2015 antem
1005 1934 1144 2018 medici-

64 2073 110 2116 na
140 2072 202 2116 nec
228 2060 295 2114 tam
323 2042 509 2115 desiderata
532 2042 591 2130 sit,
616 2059 790 2142 antequam
817 2043 965 2132 inventa,
990 2073 1051 2118 nec
1076 2063 1143 2121 tam

70 2144 178 2232 culta,
203 2162 419 2245 posteaquam
445 2144 577 2242 cognita
603 2161 670 2238 est,
696 2161 840 2218 nectam
865 2145 977 2219 multis
1002 2164 1096 2246 grata
1112 2165 1144 2222 et

67 2249 228 2349 probata,
254 2246 407 2348 pluribus
441 2247 539 2320 etiam
573 2263 726 2346 suspecta
758 2265 789 2321 et
816 2247 947 2322 invisa?
971 2249 1027 2322 An
1053 2250 1146 2350 quod

138 2424 152 2477 1
170 2417 215 2469 Sic
223 2421 323 2468 Oxonn.
340 2417 401 2485 aliq.
415 2418 446 2467 L.
458 2416 524 2466 oliv.
541 2415 609 2466 Lall.
624 2445 656 2455 —
679 2417 738 2466 Ern.
756 2434 777 2467 c.
796 2417 865 2484 vulg.
882 2435 929 2468 ars
945 2418 1003 2468 eius
1017 2431 1071 2489 atq.
1085 2420 1144 2471 mil.

120 2536 181 2586 Cae.
198 2538 217 2585 Ι.
238 2538 262 2593 1.
280 2535 388 2604 eiusque
401 2534 507 2584 utilitas
519 2532 591 2600 cett)
627 2534 670 2601 qni
685 2534 763 2584 habet
778 2533 908 2584 indicandi
924 2534 1089 2598 Facultatum,
1112 2535 1145 2585 de
1228 2542 1230 2547 ’

68 2602 217 2654 Sententia:
242 2605 289 2654 Ars
306 2603 404 2652 medica
419 2611 520 2652 tautam
535 2601 592 2650 exi·
627 2601 742 2669 corporis
776 2602 870 2652 morbis
899 2601 1011 2661 iudicat3
1055 2612 1144 2654 contra

68 2671 175 2721 stimata
200 2679 239 2719 est
261 2669 355 2720 habere
382 2669 535 2730 utilitatem,
563 2677 593 2717 nt
627 2686 733 2736 corpus,
781 2669 834 2720 uod
855 2669 951 2720 nullam
974 2669 1052 2720 habet
1074 2670 1145 2721 indi-

69 2739 123 2788 eius
139 2737 254 2789 inventio
269 2755 320 2788 non
335 2737 478 2786 hominibus
495 2734 589 2785 adscri-
628 2735 703 2787 candi
717 2687 882 2798 faciltatem,
908 2737 941 2786 de
957 2736 1035 2787 animi
1051 2738 1145 2788 morbis

68 2808 188 2866 beretur,
217 2804 262 2854 sed
287 2805 347 2872 ipsis
368 2804 417 2853 diis
439 2802 593 2853 immortali-
626 2804 739 2854 iudicare
764 2821 816 2854 non
840 2814 934 2872 potest.
977 2806 1044 2871 Ergo
1069 2822 1146 2873 quum

69 2874 125 2924 bus.
142 2901 175 2910 -
211 2876 326 2922 Deorum
342 2872 531 2921 immortalium
547 2872 593 2920 irt-
628 2889 719 2938 corpus
735 2881 867 2937 aegrotat,
893 2873 946 2922 eius
960 2874 1077 2923 morbum
1098 2889 1145 2923 co-

69 2939 194 2991 ventioni
228 2957 256 2990 er
267 2936 301 2992 ἓν
319 2939 367 2991 διὰ
382 2939 463 2991 δυοῖν
482 2954 530 3006 pro
546 2936 594 2987 diis
628 2956 750 3006 gnoscere
766 2948 792 2989 et
807 2939 919 2989 iudIcare
942 2950 1028 3006 potest
1050 2939 1147 2990 animus

69 2958 257 3058 immortalibus
270 3004 452 3057 inventoribus.
479 3005 519 3055 Ad
533 3023 595 3054 sen-
629 3023 717 3063 sanus3
742 3016 831 3056 contra
848 3024 924 3074 quum
940 3007 1037 3059 animus
1052 3024 1146 3073 aegro-

70 3074 181 3126 tentinm
195 3075 311 3142 apposite
325 3074 441 3124 Davisius
458 3087 595 3140 compara·
628 3084 682 3134 tat,
715 3071 741 3122 h.
767 3091 789 3122 e.
818 3091 895 3140 quum
919 3073 1016 3127 animus
1039 3084 1147 3125 vexatur

70 3144 108 3193 rit
124 3142 191 3191 Plin.
207 3143 241 3191 H.
264 3142 297 3191 N.
314 3143 426 3202 XXIX,
445 3144 469 3198 1.
496 3138 596 3207 (medi-
628 3140 878 3208 perturbationibus,
902 3159 967 3209 qnae
986 3153 1045 3192 sunt
1064 3140 1147 3192 morbi

72 3209 146 3276 cina)
164 3209 228 3258 Diis
238 3210 355 3278 primum
368 3210 520 3259 inventores
533 3223 595 3258 suos
631 3202 784 3269 animorum,
810 3209 842 3258 de
863 3226 908 3258 sno
924 3208 979 3276 ipse
995 3210 1085 3259 morbo
1098 3208 1147 3258 de-

72 3277 229 3356 assignavit
251 3288 277 3327 er
299 3277 374 3326 caelo
392 3276 503 3326 dicavit.
540 3274 596 3325 Ad·
630 3276 675 3326 bet
695 3275 821 3333 iudicaret
847 3287 873 3326 at
893 3292 969 3342 quum
986 3275 1082 3326 animus
1095 3291 1148 3326 non

71 3346 193 3396 scribnur
214 3354 298 3394 antem
314 3362 355 3394 ars
372 3343 470 3393 medica
493 3341 597 3409 praeci·
621 3361 704 3393 ,sanus
720 3353 774 3403 est,
800 3344 844 3405 fit,
871 3352 901 3392 nt
916 3342 991 3393 dese
1006 3343 1061 3410 ipse
1077 3351 1148 3392 recte

71 3413 159 3481 pneA
179 3410 253 3461 olIini
276 3411 380 3478 eiusque
402 3410 454 3460 filio
472 3409 596 3459 Aescula-
630 3410 742 3460 indicare
767 3427 819 3459 non
840 3409 981 3476 possita—
1015 3413 1060 3459 An
1080 3408 1149 3478 quod

70 3480 124 3548 pio.
160 3429 212 3529 lies
226 3477 254 3527 in
269 3479 361 3546 vulgus
375 3478 452 3528 nota!
630 3478 692 3527 h.e.
709 3476 821 3527 eubaea
837 3493 924 3525 caussa
938 3485 985 3540 est,
1004 3476 1081 3544 quod.
1107 3475 1149 3526 sic

123 3558 182 3597 tam
196 3545 361 3612 desiderata)
378 3544 535 3595 Attendead
550 3561 598 3594 ex·
631 3561 707 3612 saepe
724 3543 837 3611 elliptice
852 3541 891 3592 dr.
909 3561 960 3604 an,
986 3561 1079 3612 quim,-
1103 3560 1149 3604 an,

73 3613 237 3683 quisitiorem
253 3613 465 3680 significationem
482 3611 598 3679 particu-
632 3611 717 3681 queck
742 3623 844 3670 utrum,
871 3610 988 3678 quod-
1011 3629 1047 3660 an
1084 3611 1150 3668 uod3

72 3682 114 3733 lae
132 3694 189 3732 tam
204 3697 252 3749 pro
269 3681 362 3731 adem·
376 3681 415 3730 uti
436 3697 483 3730 nos
506 3695 543 3728 so.
566 3678 599 3727 de
633 3697 678 3739 an,
695 3679 774 3747 quiem
791 3697 814 3727 v.
824 3680 948 3728 Goerenz.
963 3677 996 3727 ad
1004 3630 1083 3730 Acadq.
1092 3681 1113 3739 I,
1123 3684 1149 3738 3.

72 3749 131 3800 Fin.
149 3752 177 3811 1,
195 3753 219 3806 1.
237 3766 277 3815 pr.
313 3749 422 3811 Quidam
443 3758 530 3798 autem
546 3763 599 3796 nou
652 3749 715 3803 .19.
750 3745 791 3796 Sic
804 3745 871 3795 infra
888 3764 911 3795 c.
929 3751 961 3807 2,
980 3747 1005 3804 4.
1033 3746 1151 3798 omuibus

73 3817 101 3868 id
122 3829 180 3867 tam
197 3833 226 3864 re
243 3815 387 3866 rehendnnt
395 3853 403 3876 ,
429 3815 450 3864 si
473 3813 600 3873 remissius
632 3767 672 3864 lis
694 3812 797 3864 nullane
814 3823 854 3864 est
870 3813 1014 3864 adhibenda
1031 3813 1151 3866 curatio?

76 3894 185 3952 agatur:
210 3833 255 3932 ubi
271 3901 295 3934 v.
310 3883 394 3934 Bremi
410 3892 436 3932 et
453 3899 527 3950 quem
541 3881 600 3931 lan·
633 3892 726 3941 utrum,
746 3880 908 3949 quodminus
923 3882 1100 3934 noceant—l
1118 3898 1152 3932 an

74 3953 123 4003 dat
158 3951 288 4002 Drakenb.
321 3951 354 4002 ad
382 3949 438 4000 Lir.
472 3949 600 4000 XXXIII.
634 3948 704 4017 quod
723 3948 792 3999 ete?
827 3948 979 4000 Addendnm
1003 3960 1152 4010 ementem,

76 4022 127 4082 45,
144 4020 171 4076 4.
634 4015 786 4085 particulam
806 4015 1014 4084 interrogativam
1035 4034 1071 4067 an
1091 4015 1153 4066 alias

129 4090 182 4148 An,
200 4084 279 4155 qnod)
298 4082 430 4134 Sententia
444 4082 518 4136 huius
534 4081 601 4133 Ioci:
635 4094 690 4134 tum
711 4083 774 4150 poni
795 4085 892 4145 solere,
919 4102 996 4152 quum
1017 4091 1154 4150 exspecta-

78 4153 165 4205 Animi
181 4152 308 4203 medicina
325 4150 422 4202 idcirco
441 4152 472 4202 ab
488 4150 603 4202 homini·
636 4169 690 4201 mus
710 4152 902 4220 responsionem
921 4151 1081 4218 negativam
1104 4147 1159 4199 hoc

79 4223 128 4273 bus
152 4220 248 4288 negligi
270 4218 373 4271 videtur
380 4255 389 4283 ‚
412 4218 481 4287 quod
496 4219 603 4285 animus,
637 4228 725 4272 autem
737 4219 803 4273 loeo
817 4219 859 4272 'nn
873 4219 993 4288 positam
1006 4233 1066 4267 esse
1077 4212 1180 4272 nibem,

882 4295 926 4332 Η.
945 4292 966 4330 ὴ
