2640 4626
199 207 263 278 186
447 216 728 273 wmsnantttt
745 216 1025 273 ntsrurstrotttttt

198 336 392 412 asserviunt.
442 343 501 417 57.
525 337 643 426 Genu,
667 335 884 424 mehercule,
905 334 954 410 Ill
985 332 1173 410 Antonium
1190 331 1271 422 uidi,

198 468 303 542 quum
338 455 491 514 contente
515 466 637 540 prose
660 439 734 540 ipse
759 438 830 538 lege
853 438 956 515 Varia
980 437 1127 526 diceret,
1150 450 1271 511 remu

196 560 344 642 tangere.
368 559 405 615 ut
428 542 516 616 enim
540 541 679 616 balistae
708 541 876 644 lapidum,
900 539 1078 641 etreliqua
1108 552 1273 612 tormenta

197 645 339 720 telorum
370 673 410 718 eo
437 645 605 743 graviores
631 644 825 719 emissiones
842 644 990 733 habent,
1015 671 1084 762 quo
1101 656 1185 715 sunt
1198 668 1272 715 cou-

176 764 290 822 :tenta
307 765 404 849 atque
418 747 562 822 adducta
574 747 816 822 vehementius:
843 748 892 822 sic
909 775 982 835 vox,
1008 770 1205 831 succursus,
1228 742 1272 816 sic

197 850 316 952 plaga,
349 851 414 924 hoc
437 850 586 949 gravior,
612 878 679 949 quo
705 868 755 924 est
781 850 884 924 missa
908 848 1111 923 contentius--
1171 844 1271 918 Cuius

197 953 421 1029 contentionis
446 981 547 1052 quum
568 970 658 1030 tanta
682 954 732 1026 vis
748 953 809 1042 sit,
837 953 867 1026 si
881 951 1024 1052 gemitus
1039 952 1075 1027 iu
1090 948 1214 1024 dolore
1233 947 1271 1021 ad

199 1055 463 1130 confirmandum
490 1055 636 1129 animum
658 1055 796 1143 valebit,
815 1072 963 1130 utemur:
989 1054 1041 1127 sin
1064 1052 1130 1128 erit
1144 1052 1204 1127 ille
1221 1080 1271 1152 ge·

197 1158 300 1233 mitus
314 1158 552 1233 elamentabilis
566 1169 597 1254 ¹,
623 1158 652 1232 si
665 1158 869 1247 imbecillus,
894 1159 924 1232 si
941 1157 1110 1246 abiectus,
1136 1154 1168 1229 si
1182 1153 1270 1229 flebi-

196 1258 258 1349 lis;
285 1262 314 1335 ei
334 1261 391 1362 qui
407 1290 443 1336 se
459 1261 605 1351 dederit,
630 1261 684 1335 vix
701 1289 775 1335 eum
789 1261 897 1334 virum
914 1260 1063 1335 dixerim.
1115 1256 1191 1355 Qui
1205 1257 1270 1359 qui-

197 1361 274 1436 dem
303 1364 445 1463 gemitus
466 1365 495 1437 si
508 1363 680 1439 levationis
699 1363 825 1464 aliquid
841 1361 991 1451 afferret,
1015 1377 1127 1435 tamen
1146 1359 1270 1435 videre·

197 1494 290 1554 mus,
316 1466 399 1567 quid
428 1483 514 1540 esset
543 1466 639 1540 sortis
655 1483 687 1539 et
703 1466 843 1540 animosi
863 1466 946 1541 viri:
973 1492 1074 1565 quum
1092 1490 1177 1538 vero
1192 1461 1269 1535 nibil

198 1569 373 1642 imminuat
391 1567 528 1655 doloris,
554 1597 614 1641 cur
628 1569 750 1642 [instra
766 1586 880 1670 turpes
899 1565 1168 1649 essevolumus?
1194 1564 1270 1666 quid

199 1687 248 1744 est
263 1672 350 1744 enim
368 1669 447 1743 ssetn
464 1669 617 1744 muliebri
633 1671 704 1744 viro
718 1671 873 1771 turpius?

301 1777 358 1851 58.
383 1772 494 1871 Atque
516 1773 581 1847 boc
604 1791 837 1875 praeceptum,
863 1771 956 1874 quod
969 1771 1016 1845 de
1033 1770 1151 1844 dolore
1169 1767 1271 1856 datur,
1313 1752 1316 1857 l

198 1889 289 1974 patet
303 1872 411 1947 latius.
438 1875 593 1948 omnibus
611 1875 698 1950 enim
715 1877 840 1965 rebus,
864 1873 1052 1949 nonsolum
1073 1871 1208 1962 dolori,
1232 1871 1271 1945 si·
1314 1890 1316 1901 '

199 1974 269 2049 mili
288 1977 498 2051 contentione
513 1979 614 2051 animi
630 1979 851 2053 resistendum
865 1995 922 2053 est.
947 1977 997 2050 ira
1014 1975 1214 2064 exardescit,
1236 1974 1271 2047 li-

197 2077 280 2151 bido
312 2079 510 2154 concitatur:
536 2081 572 2153 in
606 2082 744 2155 eandem
775 2110 882 2157 arcem
918 2078 1183 2178 confugiendum
1210 2093 1269 2163 est;
1314 2086 1316 2129 ἵ

199 2181 313 2255 cadem
329 2199 406 2254 sunt.
420 2211 511 2255 arma
527 2184 697 2257 sumenda.
723 2183 954 2285 sedquoniam
972 2182 1014 2256 de
1032 2181 1151 2255 dolore
1168 2179 1269 2280 luqui-

199 2311 289 2372 urur,
314 2282 369 2357 illa
398 2285 595 2360 omittamus.
645 2287 702 2360 Ad
725 2286 896 2361 ferendum
920 2286 1022 2384 igitur
1036 2283 1190 2360 dolorem
1206 2282 1270 2385 pla-

199 2385 273 2459 cide
294 2394 418 2488 atque2
443 2389 572 2476 sedate,
597 2387 776 2490 plurimum
796 2388 944 2489 proficit,
969 2404 1040 2461 toto
1058 2403 1216 2486 pectore,
1238 2402 1270 2458 ut

199 2489 338 2580 dicitur,
365 2491 529 2589 cogitare,
555 2519 654 2590 quam
681 2490 716 2563 id
740 2492 917 2566 honestum
942 2491 992 2564 sit
1044 2489 1171 2563 Sumus
1189 2488 1270 2564 enim

198 2608 333 2678 natura,
358 2609 395 2664 ut
423 2610 497 2666 ante
514 2593 604 2681 dixi,
631 2593 824 2687 (dicendum
843 2611 892 2668 est
908 2594 996 2668 enim
1017 2592 1154 2693 saepius
1163 2600 1190 2688 ,)
1209 2608 1271 2665 stu·

199 2694 383 2767 diosissimi
409 2695 738 2796 appetentissimique
763 2695 963 2770 honestatis:
997 2694 1092 2769 cuius
1122 2694 1156 2768 si
1181 2693 1271 2796 quasi

198 2795 309 2869 lumen
337 2795 472 2895 aliquod
501 2797 768 2898 adspexerinrus,
792 2799 877 2872 nihil
903 2798 1076 2899 estquod,
1102 2814 1142 2870 ut
1158 2825 1200 2871 eo
1215 2826 1271 2898 po

198 2897 339 2986 tiamur,
364 2927 433 2971 non
459 2900 567 3000 parati
592 2900 695 2974 simus
722 2918 753 2975 et
775 2902 879 2991 serre,
905 2919 938 2976 et
953 2929 1014 3002 per
1039 2899 1091 2974 eti.
1143 2899 1271 2974 Exhoc

200 3028 299 3073 cursu
324 3017 420 3101 atque
449 3003 576 3103 impetu
602 3003 787 3077 animorum
813 3004 856 3078 ad
881 3032 990 3078 veram
1014 2929 1149 3077 lhudem
1179 3019 1272 3104 atque

197 3100 422 3190 honestatem,
448 3102 504 3179 illa
529 3105 676 3204 pericula
700 3107 863 3181 adeuntur
879 3106 915 3180 in
929 3105 1086 3207 proeliis:
1111 3134 1187 3181 non
1202 3135 1273 3181 sen·

198 3202 286 3278 tiunt
307 3205 370 3280 viri
392 3206 494 3282 fortes
518 3207 552 3281 in
577 3209 647 3283 acie
661 3209 812 3300 volnera;
836 3209 887 3285 vel
903 3209 932 3282 si
948 3211 1111 3297 sentiunt,
1137 3238 1178 3286 se
1191 3209 1272 3284 mori

267 3413 281 3470 1
300 3410 341 3463 sa
356 3412 387 3464 n.
406 3414 451 3464 cr.
468 3413 493 3465 s.
510 3416 573 3472 011.
591 3412 674 3466 Geth.
690 3414 767 3465 n.-
783 3413 955 3482 Επππις.
973 3394 1167 3468 mmeritis.
1201 3414 1272 3476 usn

198 3477 540 3532 bRQ-&mm

198 3597 277 3665 Legg.
295 3603 315 3650 1.
332 3604 374 3662 18,
392 3602 434 3659 49.
452 3599 474 3650 si
489 3617 541 3651 nou
555 3600 610 3669 ipse
624 3599 719 3652 amicus
752 3602 879 3653 sancitum
894 3609 941 3664 est,
958 3612 989 3652 ut
1005 3599 1120 3668 quaestio
1137 3600 1273 3654 haberetur

200 3683 246 3732 per
263 3684 290 3716 se
306 3677 405 3718 ematur
422 3677 479 3718 toto
491 3677 610 3736 pectore,
628 3681 658 3719 ut
673 3669 718 3719 ‹ti-
753 3668 785 3719 de
799 3670 838 3730 iis,
856 3685 963 3736 quorum
977 3686 1056 3736 opero
1072 3668 1217 3722 consiliove
1230 3686 1272 3719 so-

200 3733 285 3783 citur:
305 3734 349 3784 ubi
365 3735 399 3784 cl'.
416 3735 500 3786 Daris.
753 3736 786 3787 cii
799 3746 887 3788 contro
900 3737 1023 3814 populum
1029 3737 1105 3787 Rom.
1120 3754 1195 3789 arma
1205 3754 1271 3788 sum-

250 3835 417 3901 ππππ
442 3834 529 3896 ππ
554 3835 717 3906 ππ
883 3870 1269 3940 n

218 3918 277 3950 erare
304 3902 434 3952 Bentleius
463 3921 478 3954 e
502 3904 598 3956 Davisii
629 3907 718 3958 codice
906 3939 926 3965 .·
1011 3939 1016 3951 ·
1218 3940 1224 3952 ·

199 3917 1269 4076 12,qu

251 4074 293 4128 57.
310 4071 371 4141 Iege
385 4072 478 4140 Varia)
495 4076 551 4126 Lex
565 4075 651 4126 Varia
664 4075 718 4127 luta
752 4076 869 4126 Ernesti.
887 4074 943 4126 lnd.
959 4074 1022 4142 Leg.
1039 4093 1059 4125 s.
1074 4075 1093 4125 l.
1136 4077 1209 4127 aria.

199 4149 239 4189 est
261 4157 274 4189 a
297 4141 329 4202 Q.
355 4139 432 4192 Vario
457 4142 571 4211 Hybrida
595 4142 653 4193 trib.
680 4143 717 4211 pt
801 4149 843 4201 58.
862 4162 891 4193 se
904 4143 971 4194 mori
984 4143 1095 4210 malunt)
1112 4144 1201 4195 Verba
1214 4156 1265 4195 atu·

189 4208 223 4265 A.
244 4208 273 4259 U.
288 4207 418 4277 DClel.
441 4208 475 4263 dc
495 4209 642 4264 maiestate:
667 4227 719 4280 qus
749 4211 792 4263 dii
807 4221 834 4263 et
849 4211 980 4287 desiderii
993 4209 1207 4278 significationem
1222 4210 1264 4262 ba-
