2640 4626
535 213 725 264 uranum.
741 218 784 271 21.
1128 207 1188 274 231
1231 187 1236 200 ⁴

121 330 261 432 optimi,
286 338 378 423 (nam
404 328 530 400 nullum
553 357 657 424 genus
682 346 731 402 est
753 329 862 423 miuus
878 328 1078 405 malitiosum
1087 342 1121 426 ,),
1137 361 1189 406 me

120 434 269 507 studiose
287 430 397 509 dicere
415 447 528 504 contra
544 431 734 530 Epicurum.
785 432 852 520 lta,
878 433 995 529 credo,
1022 434 1063 507 de
1083 435 1189 511 hono-

120 566 156 610 re
187 552 245 613 aut
259 533 300 608 de
320 533 479 630 dignitate
499 534 737 606 contendimus.
787 534 872 612 mihi
886 563 1049 609 summum
1068 535 1101 607 in
1119 537 1188 608 ani-

121 668 176 712 mo
192 639 320 711 bonum
336 636 482 723 videtur,
508 635 555 708 illi
571 653 678 729 autem
697 636 732 707 in
752 665 909 736 corpore:
935 638 1018 710 mihi
1034 639 1069 711 in
1086 628 1188 712 virtu-

120 760 163 828 te,
189 740 237 812 illi
249 739 289 810 -in
305 737 477 838 voluptate.
505 755 535 809 et
553 736 599 809 illi
615 756 788 838 puguant3-
807 756 837 812 et
854 740 1187 838 quidem-vicinorum

119 843 221 916 fidem
245 840 440 941 implorant:
472 838 566 915 multi
589 838 696 912 autem
721 856 824 930 sunt,
847 841 904 940 qui
927 841 1037 914 statim
1066 871 1188 918 convo-

119 946 196 1020 lent
223 972 283 1041 ego
316 971 388 1015 sum
422 941 468 1029 is,
494 941 549 1041 qui
583 942 691 1016 dicam
717 972 860 1030 uranon
884 943 1052 1032 laborare,
1078 961 1190 1017 actum·
1239 992 1240 997 κ

119 1047 312 1122 habiturum
333 1044 423 1143 quod
448 1045 580 1141 egerint.
632 1051 689 1123 51.
715 1045 808 1140 Quid
823 1047 935 1119 enim?
961 1047 1002 1120 de
1019 1042 1106 1120 bello
1121 1048 1188 1119 Pu-

119 1151 200 1223 nico
225 1148 357 1246 agitur?
384 1147 425 1219 de
450 1174 516 1245 quo
541 1146 615 1244 ipso
636 1174 738 1245 quum
753 1147 843 1220 aliud
860 1151 906 1220 M..
932 1148 1070 1237 Catoni,
1097 1149 1186 1223 aliud
1285 1202 1287 1209 ι

118 1255 156 1325 L.
181 1249 321 1325 Lentulo
340 1247 514 1336 videretur,
536 1247 625 1320 nulla
637 1248 726 1322 iuter
739 1277 795 1322 eos
814 1252 1185 1350 concertatio-umquam

119 1354 193 1428 fuit.
219 1350 255 1424 hi
287 1351 388 1428 nimis
410 1350 567 1423 iracunde
590 1368 706 1448 agunt,
731 1342 923 1450 praesertim
950 1381 1052 1452 quum
1077 1354 1119 1426 ab
1143 1354 1185 1426 iis

119 1485 192 1530 non
217 1483 296 1528 saue
324 1454 472 1537 animosa
489 1452 876 1555 defendaturseuteutia3
903 1483 964 1554 pro
985 1484 1049 1554 qua
1066 1456 1184 1527 nonin

121 1561 271 1644 Senatu,
292 1571 361 1635 non
385 1556 419 1637 in
450 1555 627 1643 concione,
653 1584 722 1627 non
743 1557 832 1656 apud
860 1557 1054 1644 exercitum,
1080 1586 1186 1657 neque

122 1661 195 1735 ad2
227 1662 380 1732 censores
404 1658 512 1731 dicere
536 1659 684 1739 audeant.
711 1659 770 1733 sed
793 1688 867 1732 cum
882 1660 959 1732 istis>
974 1659 1073 1747 alias3
1100 1677 1131 1734 et
1146 1689 1189 1732 eo

120 1763 261 1863 quidem
290 1760 422 1846 animo,
446 1759 573 1832 nullum
605 1776 642 1831 ut
668 1762 838 1834 certamen
863 1758 1049 1851 instituam,
1074 1775 1186 1839 verunt

120 1864 310 1940 dicentibus
333 1860 575 1945 facileredam.
606 1864 958 1957 tantumadmonebo:
994 1864 1026 1939 si
1048 1864 1187 1938 maxime

122 2107 145 2156 v
172 2034 264 2154 finnio
287 2033 333 2083 Ed.
350 2041 402 2084 vet.
421 2031 501 2085 Bouh.
519 2033 567 2083 SV.
586 2033 617 2081 D.
636 2049 650 2080 e
672 2032 738 2101 plur.
758 2032 837 2084 codd.
857 2046 888 2072 -’
907 2028 1089 2100 llrncc.v1ilg.
1107 2034 1187 2104 apud.

121 2206 257 2274 Epicurum
270 2203 362 2252 dicere.
388 2200 415 2251 Si
430 2210 559 2251 certamen
572 2208 639 2249 esset
670 2200 693 2249 si
706 2197 847 2258 rodominus
861 2200 993 2252 convictus
1007 2202 1094 2266 mero,
1112 2202 1187 2252 facile

121 2273 155 2323 de
172 2272 270 2322 honore
287 2270 371 2336 aliquo
388 2268 414 2317 in
431 2269 533 2318 civitate
548 2283 638 2334 capes·
672 2266 760 2319 cedam
776 2267 916 2318 sententiae
930 2269 1040 2333 illorum.

122 2341 218 2400 sendo,
244 2337 353 2404 suspicio
371 2335 453 2397 foret,
478 2353 518 2385 me
534 2334 638 2384 iracun-
722 2352 762 2384 me
777 2352 829 2384 non
843 2335 977 2402 laborare)
1001 2334 1132 2388 Sententia
1149 2346 1188 2386 est

121 2409 180 2459 dius
209 2406 237 2456 in
259 2405 311 2456 hoe
333 2404 468 2454 certamine
491 2419 580 2468 agere;
611 2401 639 2451 in
671 2402 749 2452 haece
773 2419 813 2451 me
834 2420 888 2453 nou
912 2403 986 2453 anxie
1006 2404 1141 2470 persistere
1161 2414 1187 2454 et

121 2477 173 2527 hac
186 2491 246 2524 vero
264 2481 353 2523 nostra
367 2471 405 2523 dis
424 2471 537 2521 utatione
554 2486 639 2530 omues
672 2477 830 2537 perseverare
844 2470 871 2519 in
884 2470 1011 2520 sententia
1023 2487 1086 2530 mea,
1104 2480 1131 2520 et
1144 2471 1187 2520 la-

122 2541 201 2595 animi
215 2549 298 2591 motus
311 2539 384 2588 silere
399 2491 538 2597 debebunt3
556 2536 640 2603 agitur
672 2537 720 2587 cile
744 2548 801 2587 rata
818 2537 961 2587 habiturum
978 2555 1032 2603 esse
1047 2536 1187 2604 Epicureo-

122 2611 192 2662 enim
217 2609 249 2658 tle
271 2623 368 2658 summo
392 2607 460 2659 bono
485 2624 515 2657 ae
534 2605 639 2662 virtute.
671 2621 726 2654 rum
740 2604 856 2668 decreta,
876 2604 897 2655 si
910 2623 942 2654 ea
957 2623 1017 2655 vera
1031 2615 1099 2655 sunt.
1129 2606 1187 2655 La-

122 2677 243 2746 Epicurei
260 2685 362 2736 contra,
388 2674 458 2740 quasi
480 2670 640 2739 iniustissime
673 2672 766 2723 horare
781 2683 820 2722 est
834 2672 907 2722 anxie
920 2673 1082 2738 studioseque
1095 2671 1187 2722 defen-

123 2763 182 2796 cum
207 2743 238 2794 iis
262 2752 368 2808 agatur,
403 2759 477 2808 opem
497 2740 640 2790 -ucinorunt
673 2741 734 2790 dere
763 2741 930 2812 putentium,
966 2740 1040 2807 eique
1063 2739 1188 2789 serviliter

122 2812 278 2891 implorant,
309 2825 357 2858 uec
381 2809 456 2874 pauci
479 2808 641 2875 inveniuntur
673 2807 802 2858 addictum
823 2824 885 2858 esse.
917 2811 1020 2861 ,Actum
1038 2805 1189 2857 habiturum

123 2898 168 2949 qur
189 2878 280 2929 iniuria
302 2895 345 2927 eos
365 2893 380 2925 a
401 2894 442 2926 me
463 2875 568 2926 affectos
586 2891 640 2924 esse
673 2875 741 2946 quod
757 2875 863 2946 egerint
877 2885 916 2926 est
931 2885 1015 2925 ratum
1034 2874 1187 2936 habiturum,

122 2956 224 3016 putent.
258 2948 312 3011 Ego'
333 2941 393 3010 ipsis
411 2943 561 3004 concedam,
583 2959 640 2990 me-
672 2943 850 3060 probaturum,
867 2943 943 3022 ‘quod
966 2942 1097 2992 dixerint.¹
1117 2939 1187 2992 Alias

124 3032 176 3082 que
187 3013 284 3063 vietum
296 3012 393 3072 fatear,
413 3012 434 3061 si
448 3009 587 3061 rationibus
600 3010 646 3058 me'
691 3028 738 3060 auc
753 3009 875 3088 loquendi
895 3009 1020 3060 rationem
1034 3010 1127 3075 'legere
1146 3025 1187 3059 me
1275 3023 1277 3026 ·

124 3081 287 3132 convincent.
304 3077 399 3130 Neide.
422 3079 490 3129 Tota
501 3077 564 3126 haec
579 3093 656 3143 ora-¹
673 3095 725 3128 non
736 3077 851 3144 memmi.

123 3150 164 3200 tio
174 3149 251 3216 plena
263 3156 302 3197 est
311 3145 392 3195 salsae
401 3145 532 3196 irrisionis.
560 3143 639 3194 Modo
678 3191 682 3195 .
723 3149 764 3213 51.
779 3142 849 3208 Quid
861 3145 961 3260 enimlq
976 3145 1035 3197 Non
1049 3143 1115 3194 euim
1129 3143 1187 3210 agi-

124 3217 244 3268 attendas
258 3212 378 3264 adhaec:
405 3215 460 3264 viri
472 3213 572 3281 optimi.
599 3211 640 3260 sic
672 3222 714 3262 tur
730 3230 798 3262 nunc
816 3213 847 3261 de
863 3212 951 3280 reipub
963 3212 1016 3263 icae
1036 3229 1137 3262 caussa:
1160 3212 1187 3260 in

124 3302 202 3352 saepe
219 3282 286 3350 apud
306 3290 396 3347 poetas
419 3281 528 3330 comicos
549 3278 641 3328 dicitur
673 3297 723 3348 qua
737 3280 789 3330 acri
802 3279 986 3330 concertationi
998 3279 1187 3344 sententiaeque

125 3353 223 3411 bonus,
240 3359 269 3399 ut
282 3349 384 3398 Terent.
398 3348 475 3398 Andr.
489 3349 532 3396 lll.
548 3352 579 3407 5,
599 3350 639 3402 10.
673 3347 870 3416 propugnatioui
900 3346 997 3396 facilius
1029 3346 1101 3396 locus
1132 3344 1187 3394 dari

125 3419 253 3479 ehodum,
291 3415 355 3466 bone
385 3416 442 3478 vir,
476 3413 537 3481 quid
568 3410 640 3478 agis?
673 3415 768 3530 possit3
788 3430 938 3480 quamquain
951 3411 1138 3478 iu'gravissima
1155 3412 1187 3460 de

124 3487 190 3538 lbid.
206 3487 238 3536 V.
256 3490 288 3545 2,
305 3490 331 3541 5.
365 3483 445 3533 Porro
460 3483 546 3545 nu'nus
557 3480 641 3530 mali-
692 3480 741 3536 ello
756 3481 849 3560 punico
866 3499 960 3541 caussa,
978 3498 1053 3547 quum
1069 3478 1138 3528 aliud
1149 3480 1186 3528 M.

125 3556 223 3605 ciosum
227 3570 239 3609 ‚·
256 3552 405 3602 malitiosus
416 3567 491 3617 saepe
505 3548 572 3598 idem
587 3547 641 3596 fere
675 3548 780 3610 Catonr,
797 3548 865 3598 aliud
881 3550 911 3597 L.
925 3546 1035 3597 Lentulo
1051 3546 1186 3608 videretur,

125 3617 330 3688 significatquod
341 3618 463 3678 callidus,
480 3613 567 3685 vafer.
584 3631 641 3664 curn
656 3664 660 3669 ,
673 3615 744 3666 nulla
763 3616 831 3681 iuter
846 3632 890 3664 eos
901 3614 1061 3665 concertatio
1078 3630 1187 3681 unquam

125 3689 217 3757 quibus
232 3687 336 3738 vocibus
353 3686 459 3736 subinde
481 3683 642 3735 coniunctum
672 3683 731 3735 fuit.
1028 3723 1032 3730 .

124 3757 228 3824 legitur.
281 3757 318 3806 ·V.
352 3755 424 3805 locos
457 3751 582 3802 excitatos
614 3748 641 3798 in
725 3768 783 3800 non·
804 3751 925 3800 animosa
951 3751 1101 3817 sententia)
1135 3766 1187 3800 nou

124 3825 244 3885 Schuetz„
255 3825 318 3873 Lex.
330 3810 443 3875 Ciceron.
455 3839 475 3870 s.
485 3837 517 3873 v.
545 3815 643 3873 Deinde
675 3836 734 3870 sane
748 3817 826 3868 virilis
844 3829 870 3868 et
884 3816 1004 3868 mascula.

126 3893 159 3943 de
174 3891 254 3942 credo
269 3909 293 3941 v.
309 3889 438 3940 Adnotatu
451 3887 478 3937 in
491 3888 510 3936 l.
524 3892 566 3948 22,
583 3891 624 3943 52·
725 3887 762 3936 ad
777 3889 910 3953 censores)
921 3886 960 3955 ¹ll.
973 3905 996 3937 e.
1013 3886 1085 3955 apud*
1096 3902 1188 3936 censo-

559 3993 561 4000 .
676 3973 724 4005 res.
758 3956 790 4006 V.
799 3954 934 4005 llnltnken.
942 3955 1040 4013 Diotat.
1052 3954 1078 4004 iu
1087 3955 1189 4017 Terent.

179 4040 205 4078 et
218 4027 262 4077 illi
273 4024 406 4095 pugnant)
423 4022 539 4090 Epicurei
552 4021 644 4072 aeriter
677 4022 754 4072 Andr.
771 4025 815 4072 IV.
833 4028 864 4084 3,
883 4028 923 4081 13³
953 4026 1055 4088 llerzog
1071 4021 1104 4072 ad
1118 4022 1188 4071 Caes.

126 4096 290 4161 studioseque
307 4110 381 4158 quarn
400 4090 563 4161 susceperunt
583 4107 644 4139 sen·
677 4093 705 4141 B.
722 4089 820 4154 G.111²
838 4095 862 4149 9,
880 4095 980 4158 p,‚157‚

127 4163 236 4215 tentiam
269 4159 425 4210 defendunt:
462 4175 509 4224 ego
545 4167 643 4218 contra,
727 4157 828 4210 trullum
845 4160 885 4226 ut)
918 4160 949 4207 V.
967 4158 1099 4208 Adnotata
1114 4154 1141 4204 in
1157 4156 1189 4204 Il.

128 4231 194 4284 nulli
214 4240 299 4281 certae
313 4235 473 4297 consecratus
488 4225 643 4293 discipliuae,
678 4227 712 4290 4,
729 4229 771 4286 12.
838 4262 841 4269 .

423 4310 508 4571 Ὗ
