2640 4626
471 217 731 271 Puonreouuus.
1117 211 1139 280 9

61 339 432 420 philosophandiratione
448 340 651 418 exposuimus,
675 342 849 402 Ciceronem
865 342 1068 404 academicum
1079 347 1136 404 So-

62 442 211 501 craticum
232 443 350 520 potius,
374 462 464 519 quam
486 442 583 500 solum
607 463 706 502 novae
731 445 898 506 academiae
916 446 1060 507 asseclam
1086 445 1137 506 di-

61 545 193 604 cendum
208 564 279 620 esse,
300 543 442 603 concludi
456 564 544 622 posse
558 544 689 604 videtur.

75 745 78 752 ’
111 734 145 792 V
141 733 181 792 II.
213 735 262 790 De
277 731 459 811 disputandi
474 754 597 813 genere,
621 734 803 812 quo-Cicero
824 754 900 791 usus
915 747 959 792 est
974 739 1006 793 in
1030 738 1094 794 Tu-

526 835 673 894 anulonis.

148 953 201 1009 Uti
211 952 309 1009 cetera
323 952 384 1010 sere
400 950 719 1031 omniaphilosophica
729 952 851 1032 scripta,
872 952 915 1011 ita
923 951 977 1012 bas
984 954 1135 1014 Tuscula-

60 1075 115 1112 nas
135 1053 252 1112 Tullius
261 1054 357 1111 forma
368 1053 513 1131 dialogico
530 1038 706 1133 composuit.
729 1055 766 1112 In
776 1053 927 1132 plerisque
938 1056 1064 1135 dialogis
1072 1057 1135 1117 suis

61 1139 213 1233 copiosius
231 1155 384 1232 quoddam
401 1165 430 1215 et
443 1156 566 1216 uberius
583 1166 672 1234 atque
688 1156 789 1214 susum
804 1176 897 1233 genus
914 1167 1058 1235 sequutus
1076 1167 1134 1218 est:

60 1256 116 1334 qui
132 1265 195 1315 erat
209 1278 272 1314 mos
290 1262 515 1331 Ἀριστοτὲλειοςε
540 1259 574 1316 in
589 1277 649 1335 quo
666 1278 763 1316 sermo
782 1257 824 1315 ita
840 1257 1007 1336 inducitur,
1029 1269 1065 1318 ut
1078 1280 1135 1339 pa·

58 1347 113 1416 nes
131 1378 228 1416 unum
245 1359 284 1418 sit
300 1360 498 1440 principatus.
542 1359 573 1417 Si
597 1369 807 1436 argumentum
826 1359 996 1436 quoddam,
1017 1355 1055 1420 de
1073 1381 1135 1439 quo

59 1459 250 1538 disputetur,
272 1462 462 1540 propositum
479 1471 539 1536 est,
561 1471 709 1541 perpetua
725 1460 861 1519 oratione
885 1458 979 1541 (λόγῳ)
998 1461 1134 1541 explica-

58 1571 121 1637 tur,
145 1561 254 1621 additis
269 1563 359 1622 simul
380 1565 492 1623 caussis
508 1560 598 1641 atque
613 1562 812 1641 argumentis,
836 1583 892 1621 cur
909 1564 951 1622 ita
970 1563 1081 1623 sentiat
1096 1563 1133 1638 is,

58 1663 114 1742 qui
138 1663 287 1742 disputat:
317 1674 382 1725 tum
402 1666 486 1725 alter
504 1664 660 1744 procedit,
692 1674 723 1722 et
748 1675 852 1724 contra
872 1665 956 1724 illius
970 1665 1133 1724 sententias

57 1775 208 1844 perpetua
228 1767 365 1826 oratione
382 1766 531 1847 disputat,
553 1766 651 1825 veluti
668 1766 702 1824 in
719 1765 921 1842 Academicis,
943 1766 1079 1828 inlibris
1096 1766 1134 1827 de

58 1867 178 1927 Natura
199 1851 347 1944 Deorum,
370 1868 407 1928 de
431 1869 640 1944 Divinatione,
662 1868 699 1927 de
722 1868 858 1927 Finibus.
902 1870 938 1927 ln
954 1868 1134 1929 Tusculanis

60 1977 165 2027 autem
184 1970 296 2047 partim
319 1970 496 2030 socraticam
510 1981 614 2031 contra
638 1970 761 2030 alterius
778 1969 949 2049 opinionem
965 1969 1133 2030 disserendi

58 2069 369 2152 consuetudine1n9),
392 2093 467 2150 quae
486 2075 637 2132 subtiliter
654 2071 862 2149 interrogandi
878 2083 905 2132 et
928 2070 1133 2151 respondendi

56 2173 214 2239 rationem·
225 2174 269 2232 ita
285 2183 411 2252 sequuta
430 2186 483 2250 est,
504 2185 540 2234 ut
555 2177 645 2234 rebus
662 2172 789 2252 singulis
807 2174 974 2249 insisteret,
997 2183 1036 2250 et,
1059 2172 1134 2252 quid

57 2275 188 2352 quisque
206 2276 400 2352 concederet,
421 2276 495 2354 quid
510 2277 671 2350 abnueret,
693 2275 861 2352 intelligere
880 2275 1028 2350 studeret,
1052 2284 1133 2335 etex

10 2432 15 2441 ,
56 2378 150 2436 rebus
176 2378 322 2448 concessis
346 2378 555 2454 concluderet,
585 2388 674 2454 atque
698 2377 740 2435 ita
760 2376 799 2435 ad
820 2377 933 2435 exitum
949 2377 1132 2455 perveniret,

56 2488 161 2537 tenere
178 2479 309 2538 studuit:
331 2489 493 2559 postquam
502 2489 601 2539 autem
610 2477 878 2554 illainterrogandi
893 2486 922 2535 et
928 2477 1133 2555 respondendi

56 2580 177 2639 ratione
194 2581 428 2659 disputationem
444 2582 483 2641 ad
499 2591 614 2641 certum
629 2578 778 2658 quendam
788 2579 902 2638 exitum
917 2578 1052 2655 deduxit,
1073 2578 1134 2638 hoc

59 2682 180 2740 conciso
197 2692 226 2741 et
234 2683 326 2742 -brevi
341 2683 507 2744 disserendi
518 2704 624 2762 genere
631 2682 749 2759 relicto,
771 2681 888 2759 reliqua
902 2681 1048 2761 perpetual
1063 2700 1133 2745 ora·

57 2783 142 2843 tione
157 2786 305 2863 exposuit.
710 2782 713 2791 ¹

57 3051 60 3055 ,
159 2989 193 3048 V
188 2988 246 3048 III.
269 2991 319 3048 De
330 2967 448 3068 pretio,
471 2989 554 3070 quod
568 2989 763 3048 statuendum
779 2999 822 3046 est
844 2989 1038 3047 Tusculanis.

144 3105 332 3165 Tusculanae
353 3100 576 3187 Disputationes
600 3108 765 3186 pertinent,
787 3115 823 3165 ut
836 3126 927 3184 supra
942 3103 1132 3163 demonstra·
1153 3157 1155 3161 .

58 3206 169 3281 vimus,
193 3207 231 3266 ad
248 3229 297 3267 eos
312 3209 424 3285 libros,
447 3209 499 3286 qui
512 3209 702 3288 populariter
718 3207 812 3286 magis
828 3227 917 3285 quam
936 3206 1077 3265 subtilius
1091 3205 1133 3265 li·

58 3308 229 3386 matiusque
253 3311 415 3390 perscripti
434 3320 514 3369 sunt.
564 3311 632 3369 Alia
646 3319 690 3369 est
714 3310 793 3368 enim
809 3309 880 3384 illa,
910 3327 1005 3384 quum
1022 3308 1133 3366 veritas

56 3410 125 3489 ipsa
140 3410 265 3471 limatur
279 3412 312 3469 in
328 3401 540 3491 disputatione,
562 3411 731 3470 subtilitas:
756 3410 824 3486 alia,
843 3430 937 3487 quum
952 3408 991 3466 ad
1011 3407 1132 3486 opinio·

56 3531 129 3570 nem
145 3533 333 3590 communem
352 3513 448 3572 omnis
467 3513 710 3572 accommodatur
724 3513 820 3571 oratio
831 3496 868 3590 ¹).
901 3509 959 3568 Sed
973 3517 1133 3588 praestan-

56 3613 192 3674 tissimae
209 3625 298 3693 atque
321 3615 535 3674 excelsissimae
557 3615 642 3674 iniis
660 3632 814 3693 expressae
831 3621 902 3670 suut
918 3611 1083 3671 sententiae
1104 3619 1135 3670 et

57 3725 236 3795 praecepta:
260 3737 336 3794 quae
353 3724 447 3794 quum
465 3737 566 3775 omnes
583 3713 730 3791 homines,
751 3724 818 3774 tum
831 3713 961 3773 maxime
978 3711 1133 3772 erectioris

56 3816 174 3875 indolis
197 3818 399 3878 adolescentes
423 3827 452 3876 et
468 3819 633 3897 magnificis
655 3818 790 3876 sensibus
814 3817 966 3889 imbuere,
989 3824 1019 3872 et
1040 3810 1135 3872 animi

56 3917 202 3979 firmitate
217 3941 339 3998 augere,
363 3927 392 3978 et
414 3920 452 3977 ad
468 3919 705 3997 praeclarissima
730 3939 863 3996 quaeque
881 3919 993 3996 erigere
1014 3915 1133 3974 debent.

57 4021 165 4094 Quum
181 4021 233 4084 rel
246 4023 312 4099 ipsa
328 4020 439 4080 horum
453 4021 603 4082 librorum
620 4031 792 4099 argumenta
811 4021 854 4080 ita
875 4028 1046 4099 comparata
1063 4017 1134 4094 sint,

57 4237 102 4288 B,
128 4171 156 4234 o)
177 4171 335 4297 ⁰29T¹¹⁵⁰¹¹L
345 4173 364 4222 1.
379 4175 403 4234 o,
422 4174 509 4239 1s.sq.
579 4171 609 4237 1)
627 4170 715 4223 cicero
723 4141 765 4220 ”ae
783 4169 856 4220 offic.
873 4170 903 4220 11.
922 4174 970 4230 10,
988 4171 1030 4226 55.
1049 4165 1093 4216 uss
1107 4180 1132 4214 v.

80 4254 141 4289 erer.
158 4256 186 4305 p.
236 4274 243 4287 .
