2640 4626
200 208 222 248 x
562 200 725 253 morona
741 199 902 253 EDITORIS

298 318 433 394 Scilicet
449 346 580 392 omnem
597 318 738 393 Neidius
752 346 865 393 curam
883 318 920 393 in
936 347 976 393 eo
989 318 1180 420 ponendam
1200 319 1266 393 sibi

196 456 414 544 existimavit,
438 471 475 527 ut
495 454 636 544 „seriem
654 455 879 531 continuatam
895 456 1056 530 orationis
1076 485 1138 558 per
1153 458 1269 556 singu-

186 576 245 668 ¹las
273 591 509 693 disputationis
542 606 652 696 partes
675 591 901 691 investigaret,
924 620 1111 693 nexumque
1138 610 1270 668 senten-

197 731 317 803 tiarum
333 728 437 802 cuivis
453 727 592 801 sectioni
607 746 845 828 praeponeret,
871 729 1105 828 digressiones,
1126 730 1168 803 ad
1187 757 1269 829 quas

197 864 420 967 philosophus
438 864 516 937 hinc
539 864 619 938 inde
639 865 748 966 abripi
768 893 804 940 se
820 894 940 966 passus
964 882 1069 954 esset,
1095 865 1272 963 diligenter

198 1003 406 1089 observaret,
430 1001 475 1073 ita
489 1017 526 1072 ut
541 1000 668 1074 iuvenis
684 1000 789 1075 lector
803 1018 899 1103 atque
913 1002 1064 1075 nondum
1081 1001 1161 1075 satis
1179 1030 1271 1075 exer-

133 1172 143 1192 ·
197 1138 334 1225 citatus,
359 1136 450 1210 filum
469 1135 712 1236 disquisitionis
730 1166 900 1238 nunquam
922 1138 1112 1211 amitteret.“
1133 1138 1168 1237 *)
1209 1138 1271 1211 At.

198 1303 263 1374 que
279 1275 343 1346 hoc
362 1273 495 1373 quidem
512 1273 752 1372 interpretandi
767 1301 890 1372 genus,
914 1273 951 1347 in
970 1273 1172 1348 enucleando
1195 1272 1270 1345 illu-

197 1410 399 1508 strandoque
424 1408 660 1482 sententiarum
685 1438 771 1482 nexu
790 1426 998 1510 occupatum,
1023 1425 1149 1482 tantum
1166 1408 1271 1496 abest,

197 1562 234 1619 ut
248 1544 482 1643 negligendum
498 1543 666 1632 rideatur,
689 1545 786 1619 etiam
802 1546 910 1619 omnis
924 1545 1205 1646 interpretationis
1220 1542 1270 1617 sa-

197 1683 332 1781 stigium
348 1681 384 1753 in
402 1709 441 1754 eo
461 1681 614 1754 cernitur.
647 1681 733 1770 Sed,
759 1709 861 1783 quum
873 1681 986 1755 Neidii
1004 1680 1271 1768 commentarius,

198 1818 256 1919 qui
281 1817 420 1906 dicitur,
444 1815 513 1890 sere
534 1816 643 1891 omnis
665 1818 701 1891 in
725 1817 956 1918 proponendis
978 1818 1141 1892 universis
1173 1845 1272 1915 argu-

197 1954 317 2029 mentis
344 1953 584 2042 contineretur,
608 1954 717 2027 rarius
740 1954 929 2028 interiorem
954 1955 1190 2029 sententiarum
1211 1981 1271 2026 ne-

162 2162 165 2169 .
197 2120 277 2165 xum
296 2090 488 2188 attingeret,
515 2088 805 2189 difficiliorumque
829 2090 978 2165 locorum
1002 2091 1199 2165 sententiam
1215 2118 1270 2163 ex·

175 2244 180 2257 '
198 2228 338 2330 pediret,
353 2226 510 2324 neglectis
528 2241 560 2298 et
573 2226 814 2325 praetermissis
826 2227 992 2315 omnibus,
1008 2255 1092 2327 qnae
1105 2226 1148 2299 ad
1161 2254 1271 2324 gram·

198 2365 337 2439 maticae
367 2363 530 2436 rationem
561 2363 789 2462 sermonisque
815 2361 908 2435 latini
931 2363 1168 2463 proprietatem
1194 2388 1272 2463 spo-

199 2516 341 2577 ctarent:
361 2515 431 2571 tota
446 2497 536 2571 illius
553 2499 682 2572 ratione
700 2498 830 2571 deserta
845 2498 944 2599 plane
961 2527 998 2572 ac
1018 2498 1182 2586 derelicta,
1198 2526 1270 2571 cam

199 2636 452 2736 ingrediendam
467 2634 580 2733 putavi
595 2634 691 2722 viam,
711 2662 795 2733 quae
812 2650 844 2707 et
856 2636 900 2708 ad
917 2635 1153 2709 accuratiorem
1168 2633 1272 2707 libro-

198 2802 273 2847 rum
287 2770 536 2869 intelligentiam
553 2768 629 2870 plus
645 2752 821 2860 collatura,
847 2788 878 2845 et
892 2771 1071 2844 iuventutis
1084 2770 1270 2844 rationibus

197 2909 303 3008 magis
326 2906 518 2981 consultura
544 2906 718 2981 videretur.
769 2908 809 2981 ld
835 2908 923 2982 enim
946 2909 1087 2982 maxime
1110 2924 1269 3007 sequutus

197 3075 270 3120 surn
296 3043 488 3131 consilinm,
515 3060 551 3116 ut
573 3043 752 3118 editionem
771 3072 941 3144 pararem,
967 3072 1031 3144 qun
1051 3044 1271 3145 praeceptori,

198 3181 404 3255 Tusculanas
422 3179 595 3280 discipulis
614 3181 682 3253 suis
702 3180 895 3280 explicanti,
921 3210 989 3254 non
1011 3180 1118 3254 solum
1137 3209 1271 3253 accura-

197 3320 281 3393 tiore
297 3344 354 3391 eos
371 3318 491 3389 horum
509 3316 672 3389 librorum
696 3316 908 3414 intelligentia
927 3317 1120 3406 imbuendi,
1146 3317 1270 3390 cicero-

198 3456 291 3529 niani
314 3453 478 3529 sermonis
497 3453 735 3527 consuetudine
756 3453 924 3551 fingendi,
950 3471 980 3527 et
998 3453 1099 3526 Tullii
1119 3453 1269 3554 philoso-

200 3589 329 3694 phandi
345 3590 473 3663 ratione
486 3589 640 3662 initiandi
659 3591 756 3690 copia
769 3606 957 3689 pararetur,
983 3590 1042 3663 sed
1060 3590 1158 3664 etiam
1181 3591 1271 3664 iuve-

199 3729 283 3803 niles
304 3742 430 3801 mentes
457 3726 597 3799 acuendi
616 3726 911 3825 subtilioribusquc
932 3726 1144 3802 instituendis
1157 3753 1271 3828 perse-

268 4039 292 4106 *l
310 4041 374 4090 Sunt
390 4036 468 4105 ipsius
485 4032 570 4087 Ncidii
586 4033 670 4086 verbo.
707 4033 817 4085 Praefert.
836 4052 860 4102 p.
879 4034 923 4087 vt.
941 4050 979 4117 sq.
