2640 4612
188 198 254 270 πθ
438 204 723 258 auscunanmon
738 202 1017 257 meminerim

192 326 295 403 condi
309 326 377 399 iam
393 338 465 397 tum
484 322 618 397 solitum
636 351 708 398 esse
721 350 870 397 carmen:
896 322 992 423 quod
1007 349 1051 396 ue
1065 320 1184 396 liceret
1196 318 1264 395 lieri

190 430 235 507 ad
259 428 395 504 alterius
418 426 593 513 iniuriam,
618 426 690 524 lege
708 442 894 499 sanxerunt.
920 453 983 499 nec
998 452 1078 499 vero
1095 422 1181 499 illud
1199 450 1264 497 nou

190 532 398 611 eruditorum
420 544 607 630 temporum
628 544 857 626 argumentum
878 543 945 615 est,
971 526 1064 626 quod
1080 543 1113 600 et
1127 524 1264 600 deorum

189 630 421 739 pulvinaribus
454 648 487 704 et
515 629 629 730 epulis
645 629 913 730 magistratuum
938 628 1022 703 fides
1047 628 1265 730 praecinunt;

184 735 286 841 ¹quod
315 735 493 837 proprium
527 734 599 806 eius
630 733 714 821 fuit,
739 732 781 807 de
813 760 879 832 qua
898 730 1037 832 loquor,
1061 731 1265 832 disciplinae.

190 838 276 915 mibi
304 838 440 939 quidem
471 835 600 910 etiam⁷
628 834 722 936 Appi
749 834 849 908 Caeci
877 863 1029 922 carmen,
1055 833 1150 934 quod
1176 833 1267 907 valde

192 942 371 1017 Panaetius
397 938 511 1012 laudat
527 936 667 1040 epistola
682 938 844 1037 quadam,
869 942 1019 1036 quaeest
1036 936 1081 1009 ad
1097 935 1141 1033 Q.
1159 937 1266 1010 Tube·

192 1073 328 1133 ronem,
351 1042 626 1146 Pythagoreum⁸
642 1040 782 1114 videtur.
806 1038 910 1115 multa
933 1038 1033 1115 etiam
1054 1055 1135 1111 suut
1158 1039 1196 1112 iu
1210 1066 1267 1112 uo-

192 1147 271 1221 stris
306 1145 483 1232 institutis,
509 1144 609 1217 ducta
644 1144 686 1217 ab
719 1141 804 1217 illis:
828 1170 913 1243 quae
936 1157 1132 1242 praetereo,
1158 1169 1202 1216 ne
1223 1169 1267 1228 ea,

194 1276 281 1351 quae
299 1247 470 1350 peperisse
486 1246 551 1347 ipsi
590 1261 738 1332 utamur,
764 1242 897 1319 aliunde
913 1244 1072 1318 didicisse
1089 1243 1266 1318 videamur.

296 1360 328 1430 5.
360 1350 449 1437 Sed,
474 1366 511 1421 ut
543 1273 589 1421 ad
620 1346 832 1448 propositum
864 1347 977 1421 redeat
1015 1345 1267 1447 oratio;qua1n

193 1453 289 1529 brevi
314 1450 483 1553 tempore,
509 1467 591 1549 quot
612 1467 645 1524 et
668 1449 783 1550 quanti
797 1466 933 1550 poetae,
958 1448 1016 1550 qui
1032 1464 1146 1522 autem
1163 1466 1268 1522 orato-

193 1585 248 1631 res
271 1555 481 1631 exstiterunt!
507 1551 602 1626 facile
620 1568 656 1625 ut
673 1568 850 1653 appareat,
874 1566 1008 1624 nostros
1024 1550 1142 1624 omnia
1157 1578 1268 1624 couse-

194 1660 253 1761 qui
277 1657 445 1759 potuisse,
471 1653 570 1727 simul
586 1672 624 1727 ut
639 1654 721 1729 velle
744 1655 939 1755 coepissent
989 1654 1046 1725 ΠΙ.
1073 1652 1146 1727 Sed
1160 1653 1203 1727 de
1221 1680 1268 1727 ce-

193 1761 274 1835 teris
290 1757 410 1831 studiis
429 1755 494 1829 alio
512 1756 586 1829 loco
605 1773 637 1831 et
655 1756 814 1844 dicemus,
840 1756 869 1829 si
885 1782 967 1829 usus
984 1754 1095 1843 fuerit,
1123 1772 1158 1829 et
1175 1782 1268 1856 saepe

193 1862 348 1937 diximus.
373 1858 555 1960 sapientiae
582 1859 731 1931 studium
753 1875 845 1932 vetus
869 1858 905 1931 id
923 1856 1059 1957 quidem
1074 1857 1111 1930 in
1128 1857 1268 1943 nostris3

194 1965 255 2040 sed
276 1980 386 2038 tamen
412 1978 488 2036 ante
507 1959 598 2034 Laeli
624 1978 763 2035 aetatem
786 1977 817 2035 et
840 1959 1010 2061 Scipionis
1035 1988 1106 2033 uon
1129 1959 1268 2062 reperio,

193 2096 279 2169 quos
301 2063 468 2166 appellare
486 2063 616 2164 possim
630 2063 835 2149 nominatim.
861 2063 982 2162 quibus
1002 2061 1267 2136 adolescentibus

194 2171 346 2243 Stoicum
361 2168 549 2265 Diogenem
572 2182 604 2239 et
621 2165 859 2240 Academicum
874 2165 1081 2237 Carneadem
1106 2165 1207 2240 video
1231 2163 1268 2237 ad

194 2273 353 2345 Senatum
371 2269 412 2342 ab
429 2267 691 2342 Atheniensibus
706 2269 827 2342 missos
845 2295 916 2341 esse
933 2266 1068 2365 legatos.
1094 2268 1157 2368 qui
1171 2295 1266 2368 quum

194 2374 244 2449 rei
270 2372 426 2475 publicae
451 2370 576 2444 nullam
602 2400 759 2471 umquam
778 2386 907 2472 partem
932 2369 1140 2468 attigissent,
1173 2386 1268 2445 esset-

262 2594 355 2652 7Ern.
374 2591 457 2641 delev.
483 2590 579 2640 etiam:
596 2591 666 2656 quod
688 2590 762 2642 abest
784 2590 815 2641 ab
837 2589 930 2658 plurib.
955 2587 1036 2640 Codd.
1085 2589 1169 2648 88ἱο
1193 2588 1268 2641 code

194 2660 271 2731 pauci
295 2671 321 2709 et
335 2658 466 2725 vulgares,
492 2658 538 2707 Ed.
556 2667 607 2707 vet.
626 2657 707 2709 Bouh.
726 2660 785 2708 Em.
802 2687 835 2699 —
860 2656 979 2724 Plerique
1004 2665 1031 2706 et
1049 2657 1134 2708 Codd.
1161 2668 1190 2708 et
1210 2656 1267 2707 Edd-

194 2737 259 2780 vett.
274 2727 512 2797 Pythagoreorum.
535 2729 577 2775 Or.
595 2742 680 2804 susp,
706 2725 789 2793 ipsum
813 2723 928 2774 Tullium
949 2725 1060 2775 fortasse
1082 2723 1146 2776 ideo
1163 2724 1269 2775 noluisse
1309 2782 1313 2795 ι

194 2796 282 2874 dicere
296 2794 512 2865 Pythagoreum,
534 2811 567 2845 ne
589 2802 748 2860 aucuparetur
771 2808 818 2860 pro
842 2790 954 2842 carmine
980 2789 1127 2859 composito
1145 2791 1268 2861 erythe-
1310 2812 1313 2845 :

196 2881 258 2951 pora
274 2880 339 2931 ipso.

1310 2946 1313 2971 l

196 2997 271 3048 auus
288 2996 352 3062 regu
369 2995 397 3046 tn
410 2993 474 3046 aab.
489 2995 545 3046 nt.
563 2993 597 3044 a.
611 2993 719 3045 marcu.
751 2992 819 3045 infra
833 2994 866 3043 v.
882 2999 933 3055 20,
951 2997 993 3051 57.
1017 3008 1068 3061 qua
1080 2994 1269 3061 pulchrrume
1308 2980 1313 3077 j

197 3065 234 3115 sic
248 3081 302 3113 sese
316 3064 423 3113 habent:
441 3065 490 3112 sEt
502 3062 540 3129 (erl
552 3063 631 3125 QVEI
643 3062 717 3129 (quis)
751 3061 852 3121 urbem,
877 3061 966 3128 quibus
981 3073 1070 3111 aretem
1086 3062 1182 3129 opibus
1198 3079 1269 3132 pree·

196 3132 341 3182 PIPVLOD
364 3129 506 3195 (convicio)
530 3129 718 3180 OCENTASIT
752 3128 830 3178 ditam
861 3131 983 3178 servitute
1011 3145 1164 3196 oppressam
1194 3128 1270 3181 tenuit

197 3199 383 3249 caRMENVE
402 3197 559 3247 CONDISIT
579 3196 718 3262 (condide-
752 3195 894 3246 civitatem!
913 3196 951 3246 Cf.
965 3196 1008 3247 IV·
1024 3198 1072 3258 36,
1089 3200 1136 3255 77.
1153 3198 1211 3266 quie
1224 3215 1269 3248 att-

197 3264 245 3331 rit)
279 3265 371 3326 QVOD
403 3265 573 3315 INFAMIAM
600 3263 718 3313 FACSIT
739 3274 803 3313 ¹cem
818 3262 915 3313 malitia
929 3273 957 3314 te
972 3263 1151 3331 (superavit)?

196 3332 313 3401 (fecerit)
337 3331 549 3392 FLAGITIOMQ
571 3331 717 3382 ALTEttEt
793 3327 1079 3400 jacileutappareat)
1097 3333 1133 3385 V·
1145 3332 1271 3385 Adnotatu

196 3401 303 3456 rvsTE
318 3400 463 3450 FERITOD
480 3397 622 3464 (feriatur).
751 3397 779 3448 in
794 3400 826 3448 11.
842 3399 874 3460 4,
893 3403 934 3456 12.

230 3462 357 3519 ¹deorum
367 3464 564 3536 pulvinarffieus)
583 3467 616 3516 11.
632 3483 655 3515 e.
673 3482 718 3515 so·
803 3466 863 3515 Car.
881 3466 925 3516 111.
950 3477 1025 3516 veum
1048 3464 1081 3517 id
1104 3468 1216 3535 quidem
1233 3494 1271 3525 -,

197 3537 314 3588 lennibus
329 3535 409 3602 epulis
425 3534 457 3584 ad
474 3533 579 3584 deorum
598 3532 719 3601 pulvina—
753 3532 801 3582 sed
816 3534 913 3600 terren)
931 3535 963 3585 V.
972 3532 1067 3583 adnot
1083 3532 1114 3583 in
1126 3536 1149 3585 1.
1164 3540 1191 3599 3,
1207 3539 1271 3595 6.-

197 3605 251 3666 ria,
269 3621 326 3655 cum
341 3600 609 3652 tierentlcctisternia.
637 3599 719 3650 Davi·
751 3601 814 3651 Mox
842 3599 875 3651 de
902 3600 984 3651 simul
1011 3611 1040 3649 ut
1088 3618 1122 3652 ro
1155 3602 1274 3663 cimae,

198 3672 249 3720 sius
282 3670 315 3720 ad
365 3680 432 3720 artes
463 3678 540 3720 vocat
570 3667 719 3717 Salmasium
753 3667 822 3735 quod
847 3685 924 3736 saepe
948 3666 1058 3718 audT
1098 3669 1155 3720 ium
1174 3669 1271 3737 legitur,

198 3687 390 3788 Exercit.Plin·
408 3740 510 3803 p-122·
751 3752 776 3785 v.
793 3736 951 3785 Goerenm
982 3733 1062 3785 Acad.
1078 3737 1113 3786 Π.
1131 3741 1178 3799 16,
1195 3746 1257 3789 extr.

199 3803 614 3936 .cct⁸t.²:.c.tttcttc³
640 3802 715 3928 tt·
802 3802 904 3920 tet?
920 3800 1270 3939 trilaterae

197 3940 237 3991 De
253 3937 389 3988 Tuberone
404 3953 429 3984 v.
446 3938 552 3990 eundem
566 3937 584 3987 l.
596 3889 665 4003 dpp.
675 3941 718 3994 51.
751 3936 853 4006 placet,
878 3936 978 3988 dehac
998 3936 1008 3988 l
1026 3889 1131 3990 geuene
1148 3908 1268 4008 quee'ex·

248 4012 273 4064 5.
299 4005 345 4075 qui
367 4013 454 4052 autem
475 4007 610 4070 oratores)
632 4004 718 4054 Parti-
751 4005 881 4072 posuimus
895 4004 1001 4055 inlibrb
1036 4024 1086 4074 .p.
1099 4010 1128 4065 9.
1143 4023 1198 4075 sqq.
1223 4004 1267 4055 Cr-

198 4073 256 4126 cula
280 4082 366 4122 eutem
389 4069 494 4120 inservit
516 4070 637 4121 orationis
655 4089 718 4138 gra·
751 4081 834 4123 ter-um
846 4073 872 4122 h.
887 4071 906 4123 l.
920 4072 1026 4125 tertium
1039 4073 1171 4147 legatum,
1187 4071 1265 4124 cine
1312 4068 1316 4099 ²

197 4139 296 4194 dationi
320 4136 487 4199 iudicandae,
521 4147 551 4188 ut
572 4137 640 4188 idem
664 4140 718 4190 fere
750 4137 819 4190 laum
833 4139 1031 4209 Peripateticum
1044 4136 1262 4210 preetermiritct
1309 4142 1316 4177 ἓ

197 4210 291 4272 valeat,
310 4205 524 4277 quodinprimr's,
542 4205 651 4256 demum.
675 4205 718 4258 Sic
750 4224 819 4259 cero.
1310 4216 1315 4225 '
