2640 4626
195 181 259 253 tot
325 200 337 230 ι
479 189 589 241 merx
604 188 724 241 ernau
742 189 784 239 so
801 190 977 242 remmom.

199 315 306 383 Suapte,
322 320 420 379 suopte.
439 325 465 375 p.
483 312 526 367 78
546 309 571 358 b.
750 308 870 377 Tempus.
906 311 948 359 Ex
964 320 1087 379 tempore.
1105 327 1131 377 p.
1150 313 1208 369 355.
1228 309 1253 360 b.

199 383 303 449 Suopte‚
319 377 478 445 bisyllubum.
498 395 523 444 p.
544 379 602 435 163.
621 374 647 427 b.
679 416 684 433 ,
750 376 946 445 Tergt'uersari.
970 396 995 445 p.
1014 384 1073 437 225.
1094 395 1115 427 a.

199 448 334 526 Subiectus
356 444 403 496 sub
426 444 530 561 alipuid
554 460 604 515 pro
634 442 717 494 alicui
751 445 915 523 Terminatio
932 463 963 495 us
980 446 1049 513 apud
1065 451 1155 513 poetas
1172 446 1197 495 ιί
1215 460 1272 494 me-

200 517 404 634 aturi:
422 531 507 657 th·
527 578 551 628 ι..
572 581 658 636 7....
752 521 982 647 ..wrm
998 513 1137 647 itis...
1163 598 1189 648 ..
1212 583 1270 639 1...

199 647 521 715 Sublimusprosuhhmrs.
538 645 715 714 p.157.v.1..
785 648 811 698 b.
831 651 888 706 133.
908 664 932 697 u.
950 647 976 697 b.

200 718 389 776 Substantiva,
421 714 449 764 in
472 715 500 765 io
522 713 659 777 exeuntis,
690 722 719 761 ut
754 715 914 765 Theodectes
929 714 1066 766 memoriae
1082 725 1164 765 artem
1182 713 1273 764 tenuit.

233 787 328 855 lapsio.
349 802 374 851 p.
394 787 454 841 269.
475 800 498 832 e.
516 781 542 831 b.
786 801 811 849 p.
831 787 872 841 93.
893 783 917 833 b.

201 855 281 914 Sunt,
299 852 344 930 qui
353 890 361 913 ,
379 867 435 900 cum
452 849 592 899 indicativo
610 857 636 897 et
653 863 719 897 eon·
753 851 932 918 Theophrasti
960 849 1027 901 liber
1049 848 1114 916 asel
1137 847 1272 908 πένθους.

233 921 345 969 iunetrvo
363 918 482 966 iunctum.
504 935 529 983 p.
550 917 610 973 246.
631 933 653 964 u.
673 914 698 964 b.
785 936 810 983 p.
829 922 889 975 211.
908 935 930 966 a.

201 987 338 1058 Superiori
346 987 429 1045 eloco,
447 984 574 1034 tribunali.
587 1002 611 1050 p·
624 980 715 1040 142·b·
753 984 838 1034 Tibiis
851 984 996 1050 Spartiatae
1019 983 1046 1034 in
1068 983 1174 1052 proeliis
1189 983 1274 1034 tuba·

200 1056 372 1125 Superiores,
404 1052 529 1120 prioribus
561 1049 719 1118 temporibus
785 1069 841 1101 rum
858 1051 918 1102 loeo
934 1062 1044 1102 utuntur.
1064 1070 1088 1119 p.
1110 1056 1168 1110 171.
1189 1051 1215 1101 b.

234 1122 355 1172 viventes.
374 1136 400 1188 p.
417 1125 458 1177 96.
479 1138 502 1169 a.
752 1120 885 1170 Titillure.
905 1139 930 1187 p.
947 1123 1007 1177 229.
1028 1134 1051 1168 s.

200 1190 378 1259 Suppeditare
384 1205 429 1255 pru
438 1198 582 1256 suppetere.
591 1204 616 1252 p.
626 1187 685 1242 366.
696 1200 721 1233 u·
755 1188 889 1248 Termine,
907 1187 1073 1251 oossvteoiu.
1092 1205 1118 1255 p.
1140 1190 1199 1244 179.
1216 1203 1240 1236 s.

201 1259 341 1334 Suscipere
357 1256 458 1305 liberos.
491 1274 507 1303 r.
529 1258 584 1311 197.
603 1271 626 1301 a.
755 1256 843 1304 Totus.
868 1258 903 1305 In
919 1268 975 1305 tota
988 1254 1054 1314 vita3
1072 1265 1099 1304 at
1115 1255 1174 1305 tota
1186 1255 1270 1305 Grae⁴

201 1325 377 1394 Suspiciones,
392 1274 503 1373 assumis
511 1320 608 1389 syllaba
622 1318 721 1386 produ·
789 1324 833 1371 cia
848 1321 901 1371 sine
915 1324 952 1373 in.
972 1341 999 1399 p.
1013 1327 1072 1380 271.
1091 1322 1116 1371 b.

235 1403 311 1442 ctum.
331 1410 356 1459 p.
373 1394 433 1449 303.
451 1407 473 1439 a.
755 1391 922 1459 Tragoedias
939 1390 1046 1440 efficere.
1065 1408 1090 1457 p.
1104 1393 1166 1447 301.
1185 1388 1212 1439 b.

201 1459 346 1509 Sustinere.
370 1476 396 1526 p,
415 1462 474 1514 321.
494 1455 520 1505 b·
755 1458 950 1526 Tranquillitas
968 1459 1059 1507 inuris.
1078 1475 1102 1523 p.
1121 1461 1183 1514 317.
1202 1473 1226 1506 a.

202 1525 368 1596 Synephebl,
411 1521 544 1574 comoedia
575 1519 718 1572 Menandri.
756 1525 897 1586 Tribaoere,
914 1525 1071 1576 distribuere.
1091 1543 1116 1591 p.
1138 1528 1197 1582 130,
1214 1541 1238 1574 a,

234 1611 260 1661 p.
281 1597 322 1651 71.
343 1611 366 1643 a.
757 1594 917 1662 Tropaeum,
943 1592 1057 1642 victoria.
1081 1593 1113 1641 V.
1134 1610 1155 1642 s.
1174 1608 1199 1643 v.
1218 1609 1273 1642 me-

201 1661 320 1728 Synesis.
339 1678 365 1727 p.
384 1662 443 1717 257.
460 1659 486 1708 b.
788 1662 916 1726 tonymia.

202 1730 285 1794 Syria
300 1727 451 1793 etAssyrio
464 1742 540 1793 saepe
556 1720 720 1774 confundun-
755 1729 795 1777 Tu
810 1738 835 1778 et
859 1741 921 1778 tune
941 1726 968 1776 in
983 1725 1111 1776 enuneisti
1124 1725 1198 1777 initio
1215 1742 1271 1774 eum

235 1806 284 1847 tur.
305 1813 332 1862 p.
348 1798 408 1853 362.
429 1811 452 1844 u·
788 1812 879 1861 mugnu
893 1796 919 1844 vi
935 1804 1071 1862 ponuntur.
1089 1812 1116 1862 p·
1134 1796 1187 1853 179·
1204 1809 1228 1842 a.
1243 1792 1268 1841 b.

756 1863 820 1913 Tum
836 1892 869 1901 —
884 1876 946 1913 tum.
971 1882 997 1931 p.
1012 1864 1070 1919 347.
1091 1863 1116 1913 b.
1135 1862 1196 1919 318.
1215 1876 1241 1909 a.

440 1963 469 2012 T.

202 2061 319 2115 Tabulae
337 2061 501 2133 obsignatae.
520 2081 546 2130 p.
566 2065 624 2119 326.
645 2078 669 2111 s.
1000 2032 1031 2080 U·

203 2135 268 2182 Tam
284 2150 330 2200 pro
348 2132 422 2182 adeo.
446 2150 471 2198 p.
492 2133 549 2188 195.
568 2147 591 2179 a.
755 2132 857 2194 Ulixes,
872 2131 977 2197 genitiv.
996 2131 1079 2181 Ulixi.
1097 2148 1123 2197 p·
1134 2132 1195 2187 127·
1204 2129 1238 2181 V.
1250 2128 1277 2179 1.

203 2203 302 2251 Tamen
320 2198 347 2249 in
369 2198 496 2249 eurrnciuti
518 2195 591 2246 initio
610 2195 720 2262 ponitur,
757 2200 914 2249 Umbrarum
930 2199 994 2248 vita.
1019 2218 1043 2266 p.
1062 2202 1119 2255 163,
1140 2215 1163 2246 a.

236 2278 265 2316 ut
294 2283 324 2315 ex
356 2265 478 2316 orationis
508 2275 597 2313 tenore
624 2261 721 2328 aliquid
757 2268 872 2337 Ungulis
901 2266 1018 2316 carnibus
1051 2264 1146 2332 aliquid
1184 2264 1276 2314 facere.

236 2345 321 2383 mente
336 2331 503 2400 supplendum
514 2333 554 2381 sit.
574 2350 599 2398 p.
619 2334 679 2387 206.
699 2346 721 2377 a.
789 2354 814 2402 p.
837 2341 893 2393 186.
912 2335 937 2384 b.

205 2404 303 2452 Tamen
327 2417 402 2467 saepe
426 2401 542 2466 ponitur,
568 2414 619 2447 non
645 2413 723 2464 prae·
757 2404 905 2452 Urtioersus
920 2402 1011 2469 proin
1028 2402 1194 2459 universum,
1213 2416 1237 2450 v.
1258 2416 1276 2449 c.

236 2486 321 2536 gresso
337 2468 414 2527 licet,
432 2467 473 2516 vel
490 2467 556 2529 etsi,
574 2465 615 2514 vel
630 2481 723 2532 quum-
791 2470 823 2519 de
832 2470 948 2520 universa
957 2466 1127 2537 philosophia.
1143 2486 1171 2533 p.
1185 2467 1275 2525 2006

236 2554 322 2606 quam.
342 2554 367 2602 p.
390 2539 447 2593 151.
467 2552 490 2584 a.
759 2539 841 2587 Unus.
878 2536 972 2586 Nullus
996 2553 1073 2595 unus,
1105 2550 1185 2583 nemo
1212 2550 1275 2592 uuus,

205 2607 302 2654 Tamen
317 2621 392 2669 saepe
402 2601 536 2661 omittitur,
555 2597 725 2667 praecedente
792 2604 872 2672 quivis
887 2622 950 2652 unus
967 2613 1015 2653 etc.
1034 2622 1059 2669 p.
1072 2607 1131 2658 268.
1156 2620 1181 2650 a.

238 2671 307 2731 lieet,
325 2672 365 2719 vel
381 2670 556 2738 puamvisetc.
577 2685 602 2733 P·
620 2671 680 2723 327·
699 2683 721 2714 a·
760 2674 834 2722 Unus
850 2688 925 2737 saepe
940 2670 1051 2737 ponitur,
1068 2680 1096 2716 ut
1112 2667 1231 2719 alicuius
1249 2664 1279 2718 rei

205 2741 340 2807 Tanquam
353 2737 378 2786 in
398 2734 589 2803 comparatione
606 2750 668 2802 pro:
688 2744 724 2792 ul,
791 2756 911 2788 srrmmum
936 2738 1039 2803 gradum
1063 2735 1213 2800 significet,
1244 2744 1280 2785 ut:

238 2805 459 2874 quemadmodum.
480 2822 505 2870 p.
525 2806 583 2860 315.
605 2820 627 2850 u.
792 2806 835 2872 qui
850 2823 916 2855 unus
933 2804 1043 2854 excellit.
1064 2822 1087 2870 p.
1108 2808 1169 2860 177.
1191 2822 1215 2854 a.

205 2876 381 2943 Tanquum—
397 2873 436 2920 sic
453 2871 500 2920 sibi
509 2868 675 2939 respondent·
693 2868 723 2916 V·
760 2875 848 2932 Unus,
866 2872 1019 2939 superlativo
1037 2872 1162 2931 iunctum,
1185 2872 1222 2921 ad
1240 2888 1281 2920 ex·

238 2958 258 2990 s.
278 2958 303 2989 v.
322 2941 406 3008 quasi.
793 2940 935 2989 cellantiam
953 2940 1069 2988 refertur.
1089 2957 1112 3004 p.
1131 2942 1193 2995 190.
1215 2940 1242 2988 b.

206 3010 318 3058 Tantum
346 3035 379 3045 -
410 3017 536 3074 quantum
564 3020 640 3070 saepe
674 3001 725 3050 vim
760 3011 834 3057 Unus
852 3027 866 3056 e
884 3024 928 3056 seu
945 3008 979 3056 de
1000 3006 1097 3055 multis.
1116 3024 1142 3071 p.
1162 3010 1209 3063 60,
1228 3006 1254 3056 b.

238 3073 393 3124 diminuendi
431 3073 574 3122 adiunctum
620 3070 722 3120 hubent.
761 3076 811 3125 Uri
828 3076 859 3123 de
877 3074 971 3139 frigore
989 3074 1092 3122 dictum·
1112 3091 1141 3138 p·
1166 3077 1225 3130 175·
1245 3090 1268 3121 ²1·

238 3161 265 3210 p·
285 3146 325 3199 69·
344 3141 369 3190 b·
653 3142 656 3147 ’
761 3146 817 3193 Usu
833 3144 925 3192 venire
940 3152 966 3190 et
980 3159 1029 3190 usu
1046 3142 1163 3190 evenire.
1184 3159 1213 3208 p.
1231 3140 1280 3199 101

206 3212 333 3267 Tantum,
352 3206 420 3274 prtotl
436 3218 622 3274 protentum,
639 3223 727 3275 quan·
793 3211 817 3258 b.
836 3216 893 3268 105.
918 3227 940 3257 a.

239 3290 300 3327 turn.
325 3293 350 3342 p.
370 3280 427 3331 368
449 3292 470 3323 a.
761 3279 857 3327 Usura.
875 3295 900 3343 p.
917 3280 973 3334 109.
991 3276 1017 3325 b.

205 3344 317 3395 Tardus.
339 3361 364 3409 p.
384 3348 440 3399 111.
461 3342 563 3400 b·112·
583 3358 605 3391 a.
760 3348 837 3395 Usus.
881 3347 922 3392 lix
956 3361 1005 3392 usu
1040 3360 1114 3401 esse,
1153 3341 1279 3410 expedire.

205 3411 391 3480 Temperantia
413 3409 444 3458 de
465 3420 587 3475 quattuor
603 3424 667 3474 quae
682 3407 725 3456 di·
793 3432 818 3480 p,
837 3414 897 3469 263,
917 3428 939 3459 a,

238 3488 330 3531 cuntur
371 3477 505 3527 virtutibus
545 3474 720 3527 cardinalibus.
760 3482 795 3530 Ut
820 3478 882 3541 (ὡς)
900 3479 926 3526 iu
950 3470 1140 3545 comparativus
1163 3477 1278 3533 relative,

236 3565 262 3614 Ρ·
282 3549 341 3604 272·
358 3543 384 3594 b·
792 3565 816 3595 v.
827 3565 848 3595 e.
865 3544 1034 3612 Epicharmus,
1051 3556 1079 3593 ut
1093 3543 1208 3606 Siculus,
1227 3561 1281 3595 acu·

207 3612 379 3683 Temperatio.
404 3630 430 3680 p.
448 3613 492 3669 64.
511 3630 533 3662 a.
561 3610 727 3681 Temperatlo
792 3623 831 3664 tus
849 3623 911 3663 erat.
930 3632 955 3680 p.
973 3617 1014 3670 59.
1032 3629 1055 3661 u.
1073 3610 1098 3659 b.

239 3697 381 3749 corporum.
401 3699 427 3747 p.
449 3685 506 3736 100.
524 3697 546 3729 a.
760 3680 977 3731 (It-simillime
994 3679 1034 3728 vel
1052 3679 1124 3739 item,
1142 3697 1196 3745 pro
1216 3692 1281 3729 ut-

208 3749 342 3818 Templum
358 3746 419 3814 quid
436 3746 568 3812 significet.
596 3765 620 3813 p.
636 3750 677 3803 86.
696 3744 721 3794 b.
792 3750 839 3798 ita.
859 3768 884 3815 p.
905 3750 961 3804 18-1.
981 3748 1005 3795 b.

207 3818 343 3886 Tempora,
368 3816 486 3864 fortunus
502 3825 599 3875 status,
618 3813 724 3862 maxime
760 3819 794 3866 Ut
812 3826 851 3865 est
875 3824 963 3882 eaptus
985 3811 1116 3862 hominum
1140 3830 1212 3878 pro:
1241 3828 1283 3880 pro

241 3882 369 3945 difficilis.
381 3901 407 3949 p.
426 3884 466 3938 15.
486 3882 511 3930 b.
793 3894 880 3951 eaptus
889 3882 1016 3931 bominum
1027 3880 1134 3930 ratione.
1155 3898 1184 3946 p.
1197 3885 1282 3939 192.a.

206 3951 341 4019 Temporis
358 3966 463 3998 caussa.
482 3968 506 4016 p.
526 3954 584 4007 258.
603 3949 628 3998 b.
760 3954 796 4001 Ut
816 3951 893 4000 habet
908 3968 935 4000 se
952 3965 1000 3998 res.
1021 3966 1047 4014 p.
1064 3950 1123 4004 348.
1142 3947 1171 3998 b.

207 4020 359 4087 Temporum
382 4016 541 4083 permutatio.
582 4017 726 4066 Perfectum
760 4020 795 4068 Ut
811 4019 926 4067 iteratur.
944 4034 968 4082 p.
987 4013 1028 4073 78.
1049 4032 1072 4063 s.
1192 4037 1195 4041 ¹

239 4096 266 4135 et
285 4084 461 4151 imperfectum
486 4100 512 4133 se
530 4083 672 4149 excipiunt,
699 4092 726 4131 et
760 4088 796 4136 Ut
814 4085 869 4136 voci
895 4081 1074 4151 postponitur,
1098 4090 1128 4131 ut
1145 4099 1181 4133 ea
1198 4080 1286 4135 maiou‘

240 4150 460 4203 contrariomodo.
479 4169 503 4217 p.
513 4159 553 4210 50.
565 4170 588 4202 a.
596 4151 619 4200 b.
630 4155 687 4209 116.
697 4150 723 4200 b.
792 4152 818 4202 vi
835 4151 962 4210 efferatur.
980 4170 1006 4219 p.
1023 4154 1083 4209 162.
1102 4166 1126 4200 a.
1241 4184 1251 4211 ,
