2640 4626
547 214 673 267 nisan
689 214 721 268 v.
740 217 780 273 n.
1129 205 1196 279 325,

127 348 260 430 semper
274 329 409 404 beatum
427 358 499 404 esse
521 330 711 431 sapientem.
750 333 876 432 quossi
891 342 908 387 ⁵
925 333 1037 406 titulus
1058 333 1113 407 hic
1134 332 1192 407 de·

126 432 225 505 lectat
244 433 385 531 insignis
408 449 440 507 et
465 433 602 534 pulcher
610 478 632 520 ,·
643 434 852 536 Pythagora,
878 437 1031 523 Socrate,
1055 435 1192 509 Platone

127 535 363 631 dignissimus,
389 535 730 623 inducantanimum,
755 535 828 622 illa,
854 565 994 635 quorum
1015 536 1192 637 splendore

127 637 321 735 capiuntur,
347 636 450 725 vires,
473 636 706 725 valitudinem,
730 636 1025 737 pulchritudinem,
1051 639 1193 726 divitias,

125 739 289 826 honores,
322 767 404 839 opes
431 756 656 828 contemnere,
689 767 808 838 eaque,
842 769 925 839 qnae
951 741 1004 812 his
1030 740 1193 815 contraria

124 847 252 929 sunt⁶,
277 868 339 940 pro
356 839 461 914 nihilo
477 841 612 914 ducere:
636 858 707 913 tum
727 858 882 940 poterunt
908 841 1088 916 clarissima
1102 871 1192 916 -roce

124 942 292 1042 profiteri,
325 971 360 1015 se
395 971 501 1042 neque
533 943 684 1017 sortu'nae
710 945 854 1043 impetu,
887 974 948 1018 nec
971 944 1192 1017 multitudinis

125 1045 296 1144 opinione,
321 1073 382 1117 nec
400 1045 525 1132 dolore,
550 1055 684 1144 neqne⁷
703 1063 895 1146 paupertate
907 1047 1039 1133 terreri,
1065 1047 1192 1119 omnia·
1300 1063 1303 1069 '

125 1175 190 1246 que
207 1147 273 1219 sibi
290 1147 325 1218 in
341 1174 412 1219 sese
430 1176 501 1220 esse
519 1148 646 1246 posita,
672 1176 777 1247 neque
803 1178 876 1221 esse
895 1148 1080 1248 ,quidquam
1103 1166 1193 1223 extra

124 1277 218 1322 suam
233 1251 444 1349 potestatem,
472 1250 562 1348 quod
577 1250 698 1322 ducant
715 1251 750 1321 in
765 1251 873 1334 honis,
906 1258 966 1330 31.
980 1279 1089 1348 neque
1104 1251 1191 1324 enim

124 1367 156 1424 et
180 1352 261 1435 haec
291 1350 382 1449 loqui
394 1406 403 1436 ,
414 1408 417 1412 .
428 1379 512 1450 qnae
528 1368 604 1425 sunt
619 1353 729 1450 magni
747 1352 918 1424 cuiusdam
934 1369 965 1427 ct
980 1351 1037 1426 alti
1053 1353 1134 1439 riri,
1160 1369 1201 1425 et.

124 1454 258 1538 eadem,
280 1481 364 1552 qnae
378 1453 504 1550 volgus,
530 1453 563 1525 in
584 1453 678 1526 malis
695 1453 839 1527 ethonis
857 1482 1048 1543 numerare,
1074 1482 1191 1529 conce·
1220 1522 1227 1547 ,

123 1555 158 1628 di
177 1555 274 1628 nllo⁸
294 1555 395 1626 modo
410 1571 527 1653 potest.
609 1576 613 1585 ·

226 1656 303 1752 Qua
322 1655 426 1753 gloria
442 1674 626 1729 commotus
642 1657 807 1756 Epicurus
825 1658 986 1745 exoritur,
1012 1657 1064 1730 cui
1083 1657 1191 1741 etiam,
1220 1695 1221 1698 ¹

122 1761 152 1833 si
178 1759 243 1832 diis
265 1757 389 1858 placet,
413 1758 543 1830 videtur
569 1755 700 1858 semper
716 1759 850 1858 sapiens
876 1760 1000 1832 beatus.
1049 1760 1113 1832 Hic
1140 1759 1191 1830 di-

121 1861 246 1960 gnitate
261 1860 360 1933 huius
377 1861 556 1934 sententiae
576 1862 719 1961 capitur:
745 1862 805 1935 sed
815 1862 994 1960 numquam
1009 1862 1044 1933 id
1059 1862 1192 1946 diceret,

124 1965 152 2037 si
173 1965 245 2062 ips'e
259 1991 296 2041 se
309 1963 445 2036 audiret.
484 1962 565 2061 qnid
584 1979 632 2034 est
648 1963 752 2049 e'nim,
778 1965 868 2062 quod
884 1963 994 2055 minus
1010 1963 1191 2049 conveniat,

123 2094 222 2165 quam
240 2082 277 2136 ut
293 2067 339 2154 is,
365 2066 422 2164 qni
437 2064 493 2137 vel
502 2076 685 2151 summum,
711 2065 761 2147 rel
782 2065 887 2155 solum
904 2064 1026 2137 malum
1042 2065 1190 2138 dolorem

124 2196 198 2242 esse
226 2166 332 2254 dicat,
365 2167 453 2239 idem
476 2182 623 2251 censeat,
660 2171 779 2260 Quam
804 2167 996 2240 haesitare
1023 2172 1098 2240 est!
1119 2166 1189 2239 tu'm

121 2299 225 2370 quum
243 2269 357 2341 dolore
377 2269 555 2355 crucietur,
581 2268 745 2355 dicturum
764 2297 834 2342 esse
859 2269 1064 2368 sapientem?
1113 2271 1188 2340 Non
1212 2261 1227 2273 .,

107 2371 225 2470 ’igitur
240 2400 277 2444 ex
295 2370 434 2467 singulis
452 2371 589 2459 vocibus
604 2369 797 2471 philosophi
815 2370 986 2471 spectandi
1010 2387 1105 2458 sunt,
1130 2369 1190 2443 sed

121 2502 163 2548 ex
179 2472 396 2574 perpetuitate
412 2489 507 2571 atque
527 2473 718 2545 constantia.
1045 2556 1047 2562 .

224 2576 283 2647 xl.
334 2586 391 2654 32.
424 2581 464 2647 A.
490 2575 739 2662 Adducis'me,
773 2591 810 2646 ut
834 2574 897 2648 tibi
915 2572 1093 2647 essentiar.
1130 2571 1190 2645 sed
1285 2620 1291 2626 ›

120 2695 178 2749 tua
195 2705 346 2775 quoque,
371 2676 465 2762 vide,
490 2704 532 2748 ne
553 2675 759 2751 desideretur
781 2677 972 2750 conetantia.
1021 2680 1069 2748 M.
1096 2673 1188 2769 Quo-

120 2809 199 2852 nam
216 2780 340 2851 modo?
390 2783 430 2850 A.
457 2777 545 2872 Quia
561 2777 626 2876 legi
649 2794 874 2883 tunnrbnuper
897 2794 1049 2876 quartum
1076 2776 1118 2848 de
1134 2775 1190 2847 Fi.

120 2882 231 2954 nibus.
281 2882 321 2952 In
338 2909 377 2953 eo
394 2879 476 2952 mihi
492 2879 665 2968 videbare,
691 2897 804 2953 contra
828 2883 985 2952 Catonem
1012 2879 1189 2963 disserens,

120 2983 187 3056 hoc
205 2982 285 3056 nelle
308 2982 499 3070 ostendere,
526 2983 617 3081 quod
639 2981 880 3081 mihiquidem
903 2981 1079 3081 probatur,
1105 2979 1190 3052 inter

120 3078 290 3158 Zenonem
306 3101 337 3158 et
352 3085 591 3184 Peripateticos
608 3083 692 3156 nihil
703 3101 842 3183 *praeter
865 3083 1041 3156 verborum
1063 3081 1187 3156 novita-

121 3204 188 3259 tem
217 3186 388 3261 interesse
434 3186 567 3283 Quodsi
590 3186 636 3258 ita
660 3202 726 3273 est,
752 3186 834 3286 qnid
854 3201 903 3258 est
921 3184 1074 3274 caussae,
1098 3184 1190 3285 quin,

188 3377 205 3430 5
222 3373 282 3424 Ern.
299 3390 321 3422 c.
338 3373 451 3433 Gebh.,e
466 3372 546 3423 Godd.
562 3371 623 3439 aliq.
638 3371 707 3441 quod
723 3371 756 3422 si.
790 3375 807 3428 6
824 3372 883 3421 Ern.
904 3389 926 3422 c.
942 3369 1000 3421 eliis
1016 3371 1078 3435 sine.
1112 3374 1188 3430 70r.
1214 3394 1216 3401 .

121 3460 145 3490 e.
162 3438 219 3490 aliis
243 3457 298 3499 nec.
332 3439 406 3498 asic
427 3441 472 3490 W.
496 3439 610 3489 eBentl.
635 3438 700 3489 coni.
722 3468 754 3476 -
777 3439 863 3504 Vulgo
884 3455 967 3506 neque
986 3439 1056 3488 hunc
1076 3450 1101 3488 et
1124 3437 1190 3500 haee

120 3509 237 3627 ζέω-13.-
252 3507 334 3558 nullo.
349 3512 438 3575 &On
455 3525 475 3557 c.
489 3508 548 3557 Ern.
564 3523 580 3556 e
600 3505 676 3557 duob.
695 3505 902 3574 ceddamque
922 3517 948 3555 et
968 3505 1035 3556 haec
1057 3506 1075 3556 l.
1100 3532 1134 3544 —
1156 3532 1177 3542 -

171 3680 213 3732 30.
232 3668 561 3740 situlus)8051.sapieneis.
674 3692 773 3742 semper
794 3673 889 3724 dicitur
913 3672 941 3723 in
964 3693 992 3724 re
1015 3653 1097 3736 mela,
1127 3689 1191 3790 (puae
1227 3657 1229 3661 Ι

172 3742 442 3806 inducantanimum)
460 3742 493 3789 Η.
515 3759 536 3790 e.
551 3739 641 3790 decer-
675 3742 723 3790 diis
731 3743 830 3809 placere
840 3760 892 3792 non
899 3751 994 3809 potest.
1016 3741 1131 3795 V.<Ruhn
1151 3760 1190 3792 en.

119 3819 198 3869 nant,
220 3808 270 3858 sibi
292 3818 446 3877 proponant.
473 3809 504 3856 V.
522 3807 640 3857 Schuetz.
674 3809 778 3860 Dicteta
803 3809 829 3858 in
856 3811 960 3859 Terent.
983 3813 1045 3859 Eun.
1061 3811 1132 3868 V-3.
1149 3815 1189 3866 10.

118 3875 210 3928 Lexic.
224 3877 340 3926 Ciceron.
354 3894 375 3925 s.
391 3894 415 3925 v.
429 3875 563 3925 inducere.
673 3876 782 3926 Mueller
791 3875 824 3925 ad
832 3877 913 3926 Cicer.
929 3877 961 3925 de
970 3880 1039 3928 Orat.
1048 3877 1140 3938 timet,
1148 3881 1190 3934 93.

118 3958 122 3964 “
171 3945 321 4012 omniaque)
337 3943 383 3993 sed
396 3942 490 3993 omnia.
512 3941 553 3990 Sic
567 3958 642 4008 saepe
673 3960 700 4011 p.
713 3947 771 4000 487.

118 4030 183 4071 nec,
199 4029 281 4079 neque
299 4009 396 4077 excipit
411 4011 502 4060 vocula
519 4027 567 4077 que
575 4047 583 4070 ,
601 4009 640 4058 uti
725 4014 808 4074 Qream
823 4010 872 4060 hoc
888 4027 970 4061 suave
986 4012 1040 4078 est)
1063 4014 1094 4065 V.
1117 4028 1194 4080 supra

119 4097 196 4147 snpra
215 4079 364 4128 monuimus.
674 4079 705 4139 ll,
723 4083 747 4134 7,
766 4083 805 4135 17.
992 4079 993 4084 ’

171 4150 213 4202 31.
231 4147 257 4196 si
269 4146 325 4196 diis
338 4145 441 4215 placet)
449 4144 571 4194 Formnla
583 4143 640 4193 iro·
725 4145 783 4195 Cer.
801 4145 900 4204 Xl.32.
908 4147 942 4197 dc
951 4147 1072 4213 Finibus)
1082 4148 1140 4198 Lib.
1149 4149 1193 4210 tv,

120 4214 179 4264 nica
193 4211 640 4281 indignantiumeteontemnentium
674 4229 695 4262 c.
715 4217 758 4269 20.

1235 4308 1287 4336 ‘aa
