2640 4626
126 192 191 262 206
374 199 658 259 TUSCULANARUM
674 198 956 251 nrsrurnrtortun

127 349 181 395 se:
207 320 253 392 ita
276 334 353 390 sunt
370 316 453 392 altae
468 317 590 418 stirpes
605 315 771 390 stultitiae.
796 316 856 390 sed
871 314 1076 417 relinquetur
1093 315 1132 390 id
1148 343 1200 390 so-

126 423 215 511 lum,
241 420 333 521 quod
358 420 420 494 erit
446 420 678 494 necessarium.
728 418 816 492 Illud
838 417 973 518 quidem
999 419 1049 493 sic
1067 418 1199 506 habeto,

125 524 193 599 nisi
216 539 350 596 sanatus
374 522 504 596 animus
522 523 582 611 sit,
607 521 699 622 quod
717 521 790 595 sine
804 521 1021 622 philosophia
1037 520 1114 595 fieri
1132 549 1198 595 uon

127 642 254 729 potest,
278 624 378 699 linem
415 624 624 699 miseriarum
655 623 783 698 nullum
817 624 898 698 fore.
923 652 1024 724 quam
1049 624 1097 698 ob
1121 651 1199 711 rem,

75 792 78 797 .
128 729 285 830 quoniam
310 728 501 828 coepimus,
526 727 695 800 tradamus
718 754 782 799 nos
809 725 840 800 ei
856 727 1040 800 curandos:
1065 727 1197 801 muchi-

127 859 221 920 mur,
252 830 281 903 si
297 830 461 904 nolemus.
511 830 554 902 Et
577 828 776 930 progrediar
795 828 931 929 quidem
953 828 1106 927 longius:
1132 857 1196 902 nou

128 933 217 1009 eninr
240 933 281 1006 de
303 931 509 1030 aegritudine
530 932 655 1020 solum,
682 960 881 1032 quamquam
909 931 946 1004 id
970 931 1108 1032 quidem
1132 931 1196 1032 pri-

127 1063 236 1122 mum;
263 1035 322 1109 sed
346 1035 387 1109 de
413 1035 503 1107 omni
518 1034 639 1122 animi,
664 1050 701 1107 ut
718 1062 779 1132 ego
821 1034 913 1122 osui,
938 1033 1196 1134 perturbatione,

126 1138 282 1240 (morbo,
307 1154 344 1210 ut
364 1137 482 1211 Graeci
499 1138 614 1211 volunt
624 1145 648 1232 ,)
675 1062 857 1237 explicaho.
883 1153 915 1210 et
928 1135 1057 1237 primo,
1084 1136 1114 1210 si
1131 1135 1197 1238 pla-

128 1257 196 1326 cet,
222 1234 411 1313 Stoicorum
444 1268 537 1314 more
567 1268 720 1338 agamus,
747 1239 803 1338 qui
828 1239 972 1314 breviter
995 1238 1196 1338 adstringere

126 1342 236 1421 solent
252 1360 460 1441 argumenta:
487 1342 609 1417 deinde
624 1359 740 1415 nostro
755 1342 906 1414 instituto
925 1341 1128 1440 vagabimur.

126 1462 128 1471 ’
228 1447 300 1518 Vll.
354 1451 410 1525 14.
437 1444 506 1540 Qui
522 1445 619 1517 fortis
634 1460 703 1532 est,
728 1443 817 1518 idem
836 1461 885 1518 est
906 1443 1014 1518 fidens
1029 1485 1082 1503 -·
1095 1471 1196 1545 quon-

127 1549 194 1622 iam
218 1546 398 1645 confidens
424 1546 509 1618 mala
529 1547 767 1621 consuetudine
787 1546 946 1647 loquendi
973 1546 1010 1618 in
1030 1545 1113 1618 vitio
1141 1573 1197 1646 po

127 1653 235 1736 nitur,
262 1651 398 1722 ductum
421 1649 557 1723 verbum
586 1648 856 1750 acoofidendo‚
883 1648 975 1750 quod
999 1648 1109 1723 laudis
1138 1663 1197 1721 est:

59 1823 67 1842 ι
129 1799 176 1811 -
193 1752 250 1851 qui
268 1768 376 1824 autern
391 1767 440 1824 est
456 1750 582 1839 fidens,
607 1751 636 1824 is
654 1752 805 1851 profecto
822 1780 890 1823 non
907 1750 1107 1827 extimescit:
1135 1749 1199 1824 dis·

66 1869 74 1880 ‘
128 1870 242 1954 crepat
265 1854 387 1926 enimn
404 1853 556 1927 timendo
568 1854 742 1927 confidere.
792 1853 927 1953 Atqui⁹
946 1853 981 1926 in
997 1881 1097 1953 quem
1114 1852 1199 1927 cadit

128 1956 311 2055 aegritudo,
326 1956 360 2028 in
371 1956 512 2029 eundem
522 1956 629 2029 timor.
652 1985 791 2056 quarum
802 1959 1007 2030 enimrerum
1015 1955 1200 2056 praeseutia

128 2088 241 2133 sumus
259 2060 295 2131 in
312 2059 535 2156 aegritudine,
561 2059 693 2133 easdem
709 2059 933 2159 impendentis
947 2074 979 2131 et
991 2058 1150 2132 vinientis
1164 2057 1201 2131 ti·

128 2190 265 2236 memus.
290 2161 336 2233 ita
360 2160 415 2248 fit,
440 2178 477 2233 ut
496 2160 683 2235 fortitudini
707 2161 879 2259 aegritudo
902 2177 1073 2260 repugnet.
1125 2159 1200 2234 Veri

127 2264 236 2338 simile
266 2280 316 2336 est
341 2262 461 2361 igitur,
494 2264 529 2336 in
560 2293 658 2363 quem
684 2265 779 2337 cadat
803 2263 1002 2361 aegritudo,
1021 2263 1143 2337 cadere
1169 2261 1200 2335 in

129 2367 270 2440 eundem
293 2367 445 2440 timorem
469 2383 501 2439 ct
523 2366 753 2441 infractionem
783 2366 950 2465 quandam
973 2365 1075 2438 animi
1101 2383 1136 2439 et
1149 2366 1201 2439 dc-

128 2469 330 2542 missionem.
363 2497 447 2568 quac
471 2468 506 2540 in
529 2497 627 2567 quem
658 2469 800 2556 cadunt,
825 2469 860 2540 in
888 2469 1028 2540 eundem
1055 2468 1200 2541 caditat

128 2571 267 2658 serviat,
293 2587 329 2643 ut
346 2571 467 2645 victum
482 2599 517 2644 se
533 2571 763 2670 quandoque1
784 2599 855 2644 csse
870 2571 1018 2643 fateatur.
1044 2599 1132 2671 quae
1149 2569 1200 2670 qui

128 2674 265 2773 recipit,
290 2673 430 2771 recipiat
453 2672 542 2745 idenr
570 2701 703 2746 necesse
731 2690 780 2745 est
799 2672 1009 2746 timiditatem
1028 2690 1061 2745 et
1076 2672 1201 2770 ignari-

128 2804 189 2848 am.
215 2804 284 2847 non
302 2775 435 2863 ‚cadunt
461 2791 569 2847 autem
590 2775 672 2848 haec
697 2775 731 2847 in
755 2775 862 2847 virum
879 2776 1017 2848 fortem:
1042 2776 1201 2874 igiturne

128 2877 301 2976 aegritudo
317 2875 460 2975 quidem.
487 2893 520 2949 at
533 2905 631 2950 nemo
648 2877 793 2978 sapiens,
818 2877 883 2950 nisi
900 2877 1004 2950 fortis.
1029 2906 1101 2950 nou
1118 2877 1202 2952 cadit

129 3008 208 3077 ergo
223 2978 259 3051 in
275 2979 457 3079 sapientem
478 2979 659 3078 aegritudo.

195 3202 213 3257 9
229 3197 271 3250 ste
286 3200 360 3250 Bern.
379 3198 442 3250 cod.
461 3201 518 3250 Urs.
538 3209 565 3250 et
581 3199 641 3268 aliq.
660 3199 724 3250 Edd.
742 3207 807 3251 vett.
826 3201 871 3251 Da.
890 3200 958 3250 Lnll.
975 3228 1009 3238 -
1026 3202 1086 3250 Ero.
1107 3220 1131 3252 c.
1150 3200 1203 3251 aliis

130 3280 216 3336 atque.
234 3265 313 3318 Melo.
349 3271 362 3326 1
380 3267 412 3318 V.
431 3267 496 3318 Adn.

129 3402 177 3457 bus
191 3401 346 3455 miseriorum
357 3401 456 3454 radices
470 3401 580 3453 evellere
594 3411 651 3452 stu·
683 3402 822 3469 confidens
839 3412 901 3454 cett.
935 3400 974 3452 De
990 3401 1091 3454 diversa
1108 3401 1204 3470 signiti-

129 3470 248 3534 deamus,
273 3474 371 3522 tomen.
406 3470 447 3520 Sic
465 3487 542 3538 saepe
562 3481 652 3520 tamen
685 3471 786 3532 catione
800 3470 871 3520 verbi
885 3470 1021 3537 confidere
1035 3479 1062 3520 et
1075 3467 1205 3538 participii

129 3539 157 3589 in
176 3539 251 3589 initio
273 3537 401 3589 enunciari
422 3537 542 3606 ponitur,
569 3548 599 3588 ut
620 3555 651 3589 ex
685 3538 822 3605 confidens
840 3539 872 3588 cf.
890 3537 981 3589 Bromi.
999 3537 1033 3588 od
1050 3537 1108 3589 Pin.
1126 3541 1204 3601 11,a

130 3606 252 3657 orationis
267 3616 357 3658 tenore
373 3605 468 3673 aliquid
485 3614 571 3655 mente
588 3623 651 3674 sup·
685 3626 710 3675 p·
729 3611 786 3665 115·
964 3646 968 3652 .

129 3673 250 3740 plcndnm
267 3674 307 3724 sit.
342 3675 373 3723 V.
388 3673 527 3723 llamshorn
542 3675 647 3724 Lotein.
736 3675 834 3724 victum
849 3691 879 3723 se
894 3672 1051 3743 quandoque
1065 3672 1141 3739 ecce)
1165 3672 1205 3722 sic

131 3741 247 3789 Gromm.
267 3743 289 3809 ᾗ.
306 3747 367 3799 205.
385 3760 410 3809 p.
425 3744 486 3799 690.
514 3741 649 3792 Ruhnken.
684 3741 718 3791 ad
731 3743 828 3791 Divom.
843 3743 886 3801 Vl,
900 3745 945 3799 19.
960 3743 1031 3808 'Ego
1046 3757 1087 3791 me
1100 3745 1205 3791 Asturae

131 3807 225 3858 Dictat.
240 3807 267 3857 iu
279 3809 384 3858 Terent.
399 3808 478 3857 Andr.
492 3809 523 3858 V.
538 3813 569 3870 3,
587 3813 631 3867 23.
684 3808 778 3859 diutius
786 3809 896 3859 arbitror
906 3818 1130 3868 commoraturum,
1139 3806 1206 3876 qnod

71 3913 74 3922 .
181 3906 297 3964 breviter
313 3907 495 3978 adstringere)
514 3909 552 3960 CR
570 3928 591 3960 c.
610 3914 649 3969 10,
683 3876 991 3944 illoquandoqueveniat.
1005 3875 1206 3956 Athocquoqne

129 3981 172 4035 22.
200 3976 239 4026 Cf.
256 3977 456 4044 Engelbrouner.
473 3975 506 4026 ad
520 3977 600 4028 Cicer.
617 3975 650 4026 de
683 3943 1078 4060 &gluilnzzqiufmwuff‘lUblss
1095 3943 1204 4046 Ἦᾶθῒῑῑὶ·

130 4046 209 4112 Legg,
226 4045 237 4094 1
246 4082 253 4106 ‚
271 4047 312 4103 13,
329 4063 355 4112 p,
371 4047 414 4102 90,
433 4043 473 4093 cr·
848 4021 918 4076 gitur
931 4012 1069 4061 lechonem
1085 4029 1144 4061 cnm
1151 4013 1189 4059 Da

684 4076 748 4127 visio
770 4095 785 4127 e
807 4078 838 4127 ll.
861 4078 966 4146 aliisque
986 4078 1066 4129 Godd.
1090 4076 1204 4128 restituit

179 4147 238 4197 Gar.
256 4147 311 4197 vu.
333 4145 375 4205 14.
402 4145 539 4218 quoniam)
574 4146 607 4195 H.
625 4162 648 4196 e.
683 4144 807 4195 Orellius:
841 4147 954 4208 victum,
980 4146 1006 4196 si
1030 4147 1151 4216 quando,
1177 4160 1204 4195 ee

117 4229 179 4265 osne
192 4233 250 4267 sum
267 4213 397 4269 vocabolo
405 4213 516 4286 fidene,
534 4211 655 4284 quoniam
689 4229 746 4266 esre
761 4210 893 4284 sonentur.
