2640 4626
123 185 195 271 'fas
496 218 623 271 nrnnn
639 221 659 271 r.
676 172 708 280 ’.κ’
1090 219 1132 285 51

56 358 156 423 ¹eum,
181 336 241 435 qui
255 335 340 408 his⁷
360 352 464 410 aetate
478 336 642 425 anteibat,
669 339 846 415 Catonem:
871 360 949 441 post
964 372 1052 435 vero,
1071 347 1134 421 Le·

59 439 198 541 pidum,
240 437 444 527 Carbonem,
477 438 665 527 Gracchos3
699 439 812 517 inde⁸
839 443 884 516 ita
906 473 1046 542 magnos
1072 476 1133 523 no-

60 559 164 616 stram
181 541 225 613 ad
240 556 395 629 aetatem,
418 557 540 615 utnon
553 540 693 615 multum
708 560 764 615 aut
777 544 862 619 nihil
876 549 1014 621 omnino
1029 550 1133 626 Grue-

62 645 112 717 cis
138 644 317 717 cederetur.
480 656 484 664 '

163 743 384 844 Philosophia
406 742 509 819 iacuit
528 770 634 847 usque
653 745 697 820 ad
721 746 807 821 hanc
823 764 979 838 aetatem,
1004 781 1066 827 nec
1083 755 1133 829 ul·

61 849 130 922 lum
148 848 265 921 habuit
280 847 391 920 lumen
407 845 590 921 litterarum
602 848 814 922 Latinarum:
841 879 924 950 quae
939 853 1133 931 illustranda

61 969 93 1024 et
111 949 284 1024 excitanda
301 949 400 1021 nobis
419 966 485 1037 est,
511 965 565 1037 ut,
583 948 789 1051 ,si-occupati
804 953 990 1051 profuimus
1006 957 1134 1057 aliquid

62 1053 191 1128 civibus
207 1051 349 1139 nostris,
374 1053 543 1152 prosimus
571 1051 689 1140 etiam,
714 1054 743 1126 si
767 1082 945 1153 possumus
959 1069 997 1146 ⁹,
1024 1063 1132 1134 otiosi.

62 1168 94 1236 6.
113 1157 151 1227 ln
164 1182 230 1254 quo
242 1183 281 1227 eo
296 1154 402 1252 magis
418 1152 517 1227 nobis
533 1169 584 1228 est
592 1153 846 1244 elaborandum,
862 1159 953 1257 quod
963 1160 1055 1234 multi
1065 1163 1132 1237 iarn

62 1286 134 1331 esse
152 1256 262 1330 Latini
282 1255 360 1329 libri
381 1256 537 1329 dicuntur
555 1255 672 1356 scripti
691 1256 952 1350 inconsiderate,
979 1264 1020 1336 ab
1045 1267 1133 1366 opti-

56 1499 59 1504 ,
128 1461 232 1526 7Lege
256 1460 307 1521 iis,
330 1476 378 1510 nec
402 1460 477 1510 uliter
499 1461 584 1526 plures
610 1461 674 1512 Edd.
693 1471 769 1510 vett:
794 1462 863 1528 quod
881 1464 959 1512 miror
982 1466 1014 1515 ab
1035 1468 1130 1519 Orellio

61 1545 117 1578 esse
132 1527 300 1594 repudiatum.
318 1529 351 1576 V.
361 1527 426 1576 Adn.
459 1532 478 1584 8
494 1530 552 1578 Ern.
568 1546 625 1578 cum
639 1528 723 1578 multis
739 1528 804 1578 Edd.
821 1539 884 1579 vett.
900 1532 1005 1582 deinde.
1039 1539 1056 1593 9
1072 1539 1131 1586 Ern.

59 1595 153 1663 suspic.
171 1596 196 1645 ri
206 1595 354 1665 possimus,
378 1605 404 1646 et
422 1593 458 1644 sic
473 1598 535 1653 011.
551 1596 628 1646 Male.

61 1730 180 1791 Galbam,
198 1729 350 1790 Abicannm,
368 1729 483 1779 Laelium
497 1740 581 1780 aetate
615 1740 699 1781 eutem
708 1731 842 1781 relativum
850 1742 877 1782 et
885 1733 961 1784 modo
970 1732 1131 1802 ἐγκλιτικὸν,

60 1798 168 1858 anteire,
187 1807 214 1847 et
225 1806 324 1846 tantum
340 1796 466 1846 studiosus
475 1814 529 1847 esse
539 1798 582 1847 di-
614 1799 691 1849 modo
707 1815 758 1849 non
769 1796 928 1866 ἐγκλιτικόν.
938 1832 971 1840 -
980 1804 1072 1853 Mirum
1085 1815 1131 1867 est,

60 1876 143 1925 catur,
161 1881 237 1931 quum
250 1863 290 1913 illi
306 1864 376 1915 docti
393 1873 470 1930 atque
489 1865 582 1915 eruditi
615 1885 691 1933 quum
699 1865 873 1919 inconstanter
879 1868 905 1919 in
914 1870 1059 1938 recipiendo
1069 1873 1131 1922 reii-

60 1933 171 1995 t'uerint,
195 1930 314 1999 profecto
339 1930 450 1998 intelligi
465 1949 516 1983 non
529 1950 581 2001 po-
615 1934 756 2001 ciendoque
794 1937 943 2001 pronomine
978 1939 1003 1987 is
1038 1940 1131 1990 versati

59 2009 122 2062 test,
140 1999 359 2049 cnrillioretorer
373 2001 582 2064 παρενθετικῶς
614 2001 713 2062 sintii,
739 2002 783 2068 qui
800 2014 911 2054 veterum
928 2004 1079 2072 scriptorum
1094 2008 1145 2073 li-¹

60 2066 251 2118 commemorati
272 2066 338 2127 sint,
356 2084 409 2116 non
428 2066 490 2116 item
505 2069 579 2118 Cato.
613 2069 673 2118 bros
693 2071 841 2120 recensendi
857 2089 941 2123 curam
956 2073 983 2121 in
997 2091 1025 2122 se
1044 2092 1131 2124 susce-

59 2134 256 2202 Itaquenullum
268 2133 372 2183 dubium
380 2143 427 2198 est,
445 2134 507 2202 quin
519 2151 581 2184 ver-
613 2145 715 2203 perunt.
747 2138 835 2187 Veluti
845 2139 962 2200 Wollius,
979 2139 1049 2190 nulla
1062 2153 1131 2192 certa

58 2203 106 2253 bn:
125 2201 373 2252 nam-cederetur
392 2201 489 2251 nullam
506 2201 581 2252 alium
614 2202 705 2253 ductus
717 2205 851 2265 sententia,
869 2207 925 2256 aliis
939 2207 1004 2257 locis
1017 2210 1131 2259 recteil-

59 2271 111 2320 rim
126 2269 253 2331 habeant,
270 2269 319 2319 nisi
332 2279 361 2318 ut
377 2269 503 2319 sententie
516 2274 581 2336 pro'-
613 2269 660 2320 lnd
672 2288 814 2338 pronomen
828 2273 946 2336 reduxit,
965 2275 1020 2325 eliis
1032 2293 1132 2342 prono-

58 2337 164 2406 posita,
189 2335 291 2387 dicendi
314 2346 395 2386 artem
417 2337 468 2386 iam
483 2347 581 2386 mature
613 2355 672 2387 men
686 2338 731 2388 hic
741 2339 858 2407 reliquit,
876 2342 990 2408 quumvis
1005 2342 1131 2394 loeiratio

58 2404 130 2472 apud
141 2406 271 2454 Romanos
281 2403 397 2471 viguisse,
414 2404 537 2471 exemplis
544 2404 581 2454 il·-
614 2415 702 2471 aperte
721 2422 862 2472 pronomen
884 2410 911 2457 is
925 2409 1054 2475 requirat,
1075 2411 1132 2460 aliis

60 2473 185 2522 lustretur
206 2481 283 2539 atque
305 2471 441 2521 muniatur.
485 2472 581 2538 Negeri
613 2472 739 2539 denique,
764 2473 807 2522 ubi
826 2474 903 2541 rulgo
921 2473 1053 2541 legebatur
1086 2494 1132 2527 ro-

59 2538 164 2606 quidem
179 2556 232 2590 non
250 2549 352 2606 potest,
370 2539 476 2589 verbum
488 2540 580 2592 tradi-
614 2557 706 2590 nomen
713 2541 746 2601 is,
760 2541 872 2608 reposuit
879 2559 953 2608 pron.
964 2543 1015 2594 hin.
1024 2495 1132 2593 Creber-

58 2620 117 2658 tum
131 2618 172 2657 est
187 2624 240 2657 non
255 2606 316 2657 sutis
332 2607 581 2674 co'nvenirepostre-
613 2607 676 2658 rime
697 2607 824 2676 hodieque
847 2609 875 2659 iu
896 2609 960 2660 Edd.
986 2611 1016 2660 1ιὶ
1037 2628 1084 2678 pro
1101 2613 1132 2675 it,

59 2675 110 2724 mis
134 2675 231 2724 verbis:
257 2675 322 2724 inde
343 2675 384 2724 itu
403 2691 514 2745 magnos
531 2691 581 2725 no-
614 2675 659 2725 }u'a
674 2692 721 2744 pro
744 2676 780 2726 iis
802 2676 909 2742 legitur3
934 2677 1014 2728 rarius
1039 2677 1091 2728 due
1105 2688 1133 2728 et

58 2754 147 2793 stram
157 2742 194 2792 ad
203 2752 335 2798 aetutems
351 2758 427 2808 quum
436 2742 521 2808 potius
534 2759 581 2792 ex-
615 2761 670 2806 eas,
688 2742 737 2792 bos
750 2753 776 2791 et
783 2760 834 2806 eos,
853 2753 880 2794 et
892 2743 974 2794 rarius
988 2746 1064 2795 etiam
1079 2745 1131 2795 hu-

58 2819 191 2877 spectetur
204 2808 504 2860 orutiosiocontinuatn:
521 2809 582 2860 inde
614 2812 658 2860 ius
675 2819 702 2860 et
712 2811 770 2861 eius
778 2820 963 2878 permutentur.
997 2812 1133 2864 (lodicibus

58 2879 98 2927 ita
118 2877 204 2944 magni
225 2885 339 2927 nostram
358 2876 392 2926 sd
408 2886 518 2928 aetatem
533 2895 581 2928 ex·
613 2879 686 2928 Mss,
712 2878 740 2929 in
763 2879 811 2928 hec
832 2879 933 2947 quidem
946 2898 974 2931 re
989 2880 1060 2930 nulla
1078 2880 1132 2931 fere

59 2945 183 2994 stiterunt
190 2953 312 3005 oratores,
329 2953 358 2993 ut
371 2953 434 3003 etc.;
451 2945 581 3014 sedsaepe
613 2945 731 2995 habenda
744 2955 782 2995 est
795 2946 864 3008 fides,
881 2964 957 3015 quum
966 2949 1132 3016 reperientur,

56 3013 99 3072 fit,
118 3022 147 3061 ut
160 3021 287 3062 structura
296 3012 388 3079 aliqua,
402 3012 580 3062 semeliucboss
614 3011 658 3078 qui
672 3030 724 3062 sem
742 3029 770 3061 er
784 3023 811 3062 et
828 3013 921 3081 ubique
935 3015 988 3077 his,
1005 3033 1133 3083 uunquam
1230 3013 1232 3019 ’

58 3091 119 3141 ata,
145 3079 178 3130 ad
197 3079 320 3146 reliquam
340 3078 581 3131 etiam'oratiouern
613 3081 651 3130 iis
666 3096 696 3129 ex
716 3079 722 3091 '
742 3090 808 3130 eant.
842 3081 979 3147 Eleganter
992 3082 1025 3132 de
1039 3083 1088 3133 hac
1103 3099 1133 3133 re

59 3147 196 3215 pertineat,
213 3146 462 3213 comprehendatque
474 3163 505 3197 ea
513 3163 581 3215 quo-
615 3147 732 3215 exposuit
745 3147 792 3197 Ed.
808 3148 926 3199 Wunder
947 3150 975 3199 in
988 3149 1132 3201 eruditissi-

60 3231 120 3294 qne,
140 3230 205 3282 quae
218 3213 257 3263 illi
270 3213 353 3263 minus
371 3214 502 3265 commode
518 3215 581 3265 sub-
614 3233 655 3265 ms
678 3215 825 3265 recensione
853 3215 886 3266 de
907 3216 988 3267 Cicer.
1019 3235 1057 3269 or.
1083 3233 1131 3284 pro

57 3281 103 3332 irci
117 3281 223 3348 possint.
238 3307 271 3320 -—
287 3280 401 3348 Longior
423 3281 501 3331 tutin
516 3300 582 3333 eun·
614 3281 713 3344 Sestio,
737 3281 806 3332 edite
822 3300 837 3333 a
852 3284 992 3348 Muellero,
1013 3283 1041 3335 in
1055 3282 1130 3334 Jhrb.

59 3349 171 3402 cleaudo
191 3348 242 3401 boc
265 3348 325 3399 loco
334 3387 343 3411 ,
367 3365 443 3415 quum
467 3349 581 3411 viderim,
607 3348 661 3419 fiir
672 3349 806 3421 Philolog.
824 3368 851 3400 u.
866 3351 936 3401 Pc'd.
954 3369 980 3400 v.
994 3353 1052 3403 Jolr'.
1068 3351 1130 3400 etr.

57 3435 120 3468 eum
132 3417 165 3468 ab
185 3416 241 3468 eliis
253 3415 323 3467 bend
342 3425 413 3467 recte
427 3434 481 3468 esse
503 3434 581 3489 noce·
613 3419 694 3469 Jahn.
712 3418 743 3477 V,
759 3422 786 3474 2.
802 3420 877 3476 1827.
896 3436 921 3485 p.
938 3419 995 3476 141.

58 3495 157 3563 ρῐιιιιι.Ι
196 3552 203 3564 .
411 3552 416 3562 ι
509 3551 516 3564 ο
616 3553 622 3565 ·
662 3486 806 3563 prosimus.
819 3486 900 3535 etiam
917 3486 1010 3550 otiosi)
1031 3486 1063 3536 V.
1082 3500 1130 3534 nos

58 3551 475 3686 ...rrtfftttrntz
490 3552 581 3670 {tt
614 3551 1130 3685 “ttttsrtrztttn...

57 3688 155 3738 virtute
173 3696 310 3754 putantur:
334 3687 378 3737 ubi
399 3688 432 3737 cf.
448 3686 581 3738 Gernhard
615 3686 790 3749 „Amefanium
805 3686 1130 3754 notatnliosquenonnnl-

57 3773 86 3822 p.
101 3759 162 3812 217.
181 3753 298 3805 Crebrius
308 3754 580 3820 accusativoinngitnr,
614 3755 653 3806 los
667 3771 698 3804 ex
713 3753 816 3823 Epicuri
836 3771 927 3820 grege,
951 3772 1014 3822 quos
1033 3771 1064 3805 eu
1081 3770 1131 3802 no-

57 3832 89 3872 nt
110 3822 186 3872 Corn.
203 3823 269 3890 Nep.
288 3822 379 3872 Chabr.
399 3824 442 3883 111,
462 3826 484 3880 1.
511 3823 580 3872 Cha·
613 3822 680 3872 mine
701 3821 850 3889 perstrinxit
868 3821 946 3872 etism
965 3822 1084 3886 Academ.
1109 3823 1129 3869 1.

57 3889 128 3940 brius
141 3885 228 3939 omnes
242 3890 397 3941 auctoritate
412 3889 532 3940 anteibat.
547 3919 579 3928 -
612 3897 638 3952 2,
655 3896 699 3948 5.“
717 3888 768 3956 (nbi
785 3906 809 3938 v.
829 3890 954 3939 Goerenz.
969 3907 996 3957 p.
1015 3890 1067 3955 7.)·‚
1092 3887 1131 3937 uti

57 3958 110 4008 Pro
128 3956 271 4007 bisantem
283 3957 338 4008 sine
351 3957 428 4007 dubio
444 3975 500 4008 cum
513 3957 578 4008 Edd.
613 3968 683 4008 recte
698 3966 785 4006 monet
797 3956 922 4007 Davisius.
958 3956 997 4007 Cf.
1015 3956 1081 4007 infra
1096 3956 1130 4004 11.

57 4033 123 4079 vett.
149 4025 182 4092 (v.
207 4026 240 4076 V.
260 4025 300 4091 Ι..)
319 4025 453 4092 legendum
474 4035 513 4075 est
534 4026 579 4075 iis.
610 4030 637 4086 3,
654 4033 679 4084 7.
696 4024 751 4075 init.
769 4026 813 4076 lv.
830 4029 856 4086 3.
872 4028 898 4081 6·
916 4025 948 4075 V.
965 4041 1012 4076 nos
1027 4024 1054 4075 in
1069 4023 1087 4072 l.
1104 4020 1129 4071 d.

57 4092 214 4144 Pronomina
230 4091 296 4141 enim
317 4093 402 4143 hicet
416 4092 489 4144 isita
503 4092 579 4145 ditse-
612 4111 639 4161 p.
657 4099 701 4152 22.
1032 4106 1034 4111 '
1207 4146 1208 4153 ,

58 4168 134 4223 rn'nt,
161 4164 189 4209 ut
211 4156 276 4209 illud
298 4160 331 4209 sit
344 4160 579 4220 demonstrativum,
664 4165 688 4218 6.
707 4159 741 4210 ab
758 4160 864 4228 optimis
889 4160 947 4210 illis
982 4159 1070 4208 uidem
1085 4155 1130 4204 νὶ-

58 4242 209 4297 semperqne
229 4225 497 4296 ’ὀρθπῠνοῦμενοη
530 4229 580 4279 hoc
613 4230 663 4290 ris,
680 4229 729 4278 sed
745 4245 798 4277 non
820 4227 889 4277 satis
912 4177 1039 4292 eruditis)
1064 4223 1132 4276 lobs

858 4295 918 4366 4.
