2640 4626
198 208 265 277 306
448 213 731 269 sessonensium
748 212 1031 265 orseorsrronou

202 337 360 411 dicuntur
374 334 544 421 iracundi,
570 350 627 405 aut
641 331 892 419 misericordes,
918 348 975 404 aut
991 330 1115 418 invidi,
1142 347 1200 402 aut
1219 329 1276 403 tale

203 439 305 540 quid,
329 437 399 511 iis1
432 453 508 510 sunt
537 434 705 509 constituti
730 434 824 534 quusi
850 433 936 507 malo
962 431 1143 507 valitudine
1168 431 1275 520 animi,
1312 506 1315 511 ,

206 540 371 614 sanabiles
387 555 516 627 tamen;
542 556 575 610 ut
594 537 770 610 Socratis²
799 537 928 609 dieitur.
979 535 1093 632 Quum
1115 534 1218 608 multa
1247 535 1272 607 iu

207 658 371 718 conventu
389 641 469 714 vitia
488 640 673 739 collegisset
687 639 722 712 in
746 668 819 713 eum
845 642 1019 742 Zopyrus,
1045 637 1103 738 qni
1129 665 1166 710 se
1187 654 1273 709 nato-

206 772 278 818 ram
296 744 455 844 euiusque
481 772 520 817 er
541 745 647 815 l'erma
676 742 865 842 perspicere
886 741 1123 842 profitebatur,
1150 740 1271 813 derisus

205 864 254 923 est
272 877 290 920 a
305 848 442 935 ceteris,
468 846 524 945 qui
543 845 596 919 illa
622 845 657 917 in
674 844 810 918 Socrate
838 844 917 918 vitia
942 873 1010 916 non
1043 860 1271 941 agnoscerent;

204 950 247 1023 ab
263 950 339 1050 ipso
355 966 463 1022 eutem
482 950 618 1021 Socrate
634 947 842 1034 sublevatus,
869 975 971 1046 quum
995 945 1049 1018 illa
1076 944 1145 1019 sibi
1170 945 1270 1034 insita,

204 1052 293 1126 sed³
314 1052 442 1125 ratione
460 1080 479 1123 e
494 1079 529 1124 se
549 1049 675 1124 deiecta
695 1050 827 1122 diceret.

304 1161 363 1234 81.
388 1155 477 1251 Ergo
492 1170 527 1225 ut
543 1147 667 1252 optima
686 1152 826 1251 quisque
850 1148 1028 1223 valitudine
1054 1149 1199 1223 allectus
1220 1178 1269 1250 pe·

204 1272 268 1329 test
290 1256 414 1345 videri;
442 1273 473 1328 at
485 1261 510 1309 4.
528 1273 645 1328 notura
669 1256 712 1327 ad
735 1253 875 1354 aliquem
901 1253 1054 1324 morbum
1079 1253 1270 1351 proclivior:

205 1358 254 1432 sie
271 1359 400 1432 aninms
419 1358 501 1430 alius
519 1358 633 1430 adalia
648 1358 725 1429 vitia
738 1356 947 1456 propensior.
999 1353 1067 1450 Qui
1086 1372 1269 1428 autemnon

204 1478 341 1548 natura,
366 1462 425 1534 sed
443 1462 539 1561 culpa
560 1460 667 1532 vitiosi
686 1488 757 1533 esse
776 1459 947 1546 dicuntur,
974 1486 1088 1530 eomm
1105 1458 1188 1530 vitia
1204 1486 1270 1529 cen-

206 1580 294 1636 stant
319 1592 336 1636 e
360 1562 451 1635 salsis
478 1563 693 1663 opinionibus
720 1590 830 1634 rerum
854 1561 1016 1632 bonerum
1044 1588 1082 1632 ac
1108 1560 1271 1644 malarum,

203 1682 242 1738 ut
256 1665 299 1738 sit
317 1664 400 1738 alius
424 1665 466 1737 ad
493 1664 574 1737 alios
598 1681 707 1737 motus
733 1663 1063 1764 perturbationesque
1090 1660 1270 1762 proclivior.

204 1767 396 1841 inveteratio
419 1784 545 1854 autem,
571 1784 607 1838 ut
628 1768 661 1838 in
687 1766 903 1866 cerporibus,
936 1765 1066 1862 aegrius
1092 1764 1271 1864 depellitur,

206 1898 306 1971 quam
327 1869 551 1969 perturbatio:
578 1870 740 1969 citiusque
759 1869 952 1968 repentinus
974 1866 1149 1940 oculorum
1172 1885 1271 1940 tumor

205 1989 356 2056 sanatur,
382 2000 479 2071 qnam
497 1971 650 2045 diuturne
669 1970 835 2071 lippitudo
852 1970 1033 2069 depellitur.

306 2077 497 2148 XXXVIII.
547 2081 605 2154 82.
633 2074 700 2148 Sed
715 2074 846 2172 cognita
869 2075 933 2144 inm
961 2100 1077 2144 curasse
1103 2072 1271 2171 perturba-

207 2177 354 2265 tionum,
381 2206 464 2277 quae
489 2206 603 2248 omnes
626 2177 778 2249 oriuntur
806 2205 843 2250 ex
867 2174 998 2247 iudiciis
1025 2173 1228 2273 opinionum
1248 2189 1272 2246 et

205 2279 449 2366 voluntatibus,
476 2279 519 2352 sit
537 2280 602 2351 ium
620 2279 719 2352 buius
739 2277 973 2379 disputationis
1003 2277 1133 2349 modus.
1188 2276 1271 2349 Scire

176 2430 185 2443 κ
206 2398 314 2454 autem
336 2391 428 2454 nes⁵
450 2398 589 2481 eportet,
617 2382 768 2479 cognitis,
795 2382 905 2481 quoad
922 2395 1062 2479 possunt
1075 2379 1124 2451 ab
1145 2379 1271 2453 bomine

207 2484 383 2581 cognosci,
409 2484 572 2556 bonerum
591 2501 620 2555 et
637 2484 797 2556 mulorum
813 2483 952 2569 lenibus,
977 2482 1061 2554 nibil
1082 2510 1101 2554 a
1128 2480 1272 2581 pbilose

104 2654 109 2660 .
195 2585 288 2685 ‘plaia
310 2614 412 2686 pesse
440 2602 494 2658 ont
519 2586 645 2672 mulus,
680 2603 733 2658 out
761 2585 874 2658 utilius
898 2584 1024 2684 opteri,
1057 2612 1160 2682 quarn
1189 2585 1273 2669 bau,
1314 2612 1316 2629 ¹

208 2716 291 2787 quae
307 2717 324 2759 a
341 2687 440 2759 nobis
458 2688 520 2760 boc
548 2689 722 2787 ‹pratriduo
748 2689 914 2788 disputata
942 2703 1026 2759 sunt.
1058 2703 1169 2760 morte
1192 2687 1272 2759 euim

272 2841 346 2898 18ic
366 2840 493 2898 01x.o‹t.
515 2851 567 2890 vet.
592 2840 671 2891 Iloub.
696 2850 723 2891 ct
739 2842 770 2890 D.
792 2841 824 2890 dc
847 2841 929 2891 Bentl.
952 2838 1017 2890 c'oni.
1037 2840 1156 2889 -·Ern.
1183 2840 1217 2891 ii.
1238 2838 1273 2889 Sic

202 2908 234 2959 Il.
253 2908 278 2958 b.
297 2938 329 2946 -
344 2909 428 2976 Vulgo
443 2909 466 2958 ii
485 2921 545 2957 sont
566 2909 693 2958 ciumnedi
711 2921 792 2960 cenet.
827 2909 904 2958 Male.
917 2907 1054 2957 Eiurrnedi
1071 2906 1140 2957 enim
1162 2907 1274 2958 absolute

203 2992 250 3041 pro
267 2977 321 3035 sic,
339 2976 394 3038 ita,
419 2975 557 3025 hecmede
572 2975 621 3025 diei
644 2994 694 3026 non
717 2986 818 3044 potest,
836 2977 881 3026 sed
903 2993 1001 3043 semper
1023 2974 1138 3042 pendere
1164 2974 1243 3025 debet
1262 2992 1273 3022 a

203 3042 371 3092 substantivo.
385 3046 489 3093 -Em
505 3063 572 3112 scrop.
591 3045 613 3093 ii
626 3056 687 3093 sum
710 3044 778 3094 mole
794 3057 876 3094 const.
899 3044 977 3111 quusi
1000 3042 1053 3092 val.
1080 3059 1127 3092 an.
1165 3044 1272 3093 Frustra.

203 3114 222 3168 2
239 3110 280 3159 stc
292 3111 324 3159 dc
334 3110 413 3160 bentl.
429 3111 555 3160 sententia
565 3113 594 3161 o.
605 3111 720 3178 qooddis
739 3111 810 3173 licet,
827 3129 902 3178 quum
917 3108 1022 3176 genitio.
1039 3127 1080 3176 ap.
1092 3109 1177 3160 Cicer.
1185 3110 1221 3159 uit
1230 3110 1273 3157 Se-

204 3178 282 3226 crati.
296 3178 354 3225 IIrn.
369 3195 390 3226 c.
408 3178 475 3243 vulg.
491 3179 628 3228 Socrates:
647 3130 787 3246 quaebcne
811 3198 838 3230 se
853 3189 947 3229 tuetur.
989 3178 1061 3235 3De
1083 3177 1181 3227 eximio
1198 3176 1272 3226 Iterul.

204 3243 269 3294 ceni.
285 3271 318 3282 -
332 3243 383 3292 atii
399 3244 465 3295 enim
478 3245 530 3296 sibi
546 3248 642 3315 sr'gno,
660 3247 724 3307 scd,
742 3246 788 3297 alii
803 3246 855 3297 sibi
871 3247 952 3313 signa
965 3246 1068 3304 inesse,
1095 3246 1157 3296 sed.
1199 3243 1272 3302 4Sic

204 3310 317 3362 chntl.
341 3311 405 3361 (terni.
422 3340 455 3351 -
473 3313 558 3362 Plures
576 3314 655 3364 Godd.
679 3325 706 3363 ct
728 3314 757 3365 Ρ.
773 3327 855 3364 ut.-
879 3316 938 3364 Ero.
956 3331 977 3364 c·
993 3311 1060 3364 coni.
1084 3325 1164 3373 utut,
1189 3323 1273 3364 centra

205 3378 334 3429 Ciceronis
349 3380 564 3432 consuetudinem.
599 3382 682 3448 Vulgo
696 3381 786 3432 videri
801 3383 872 3432 alius
890 3393 926 3431 ut.
962 3382 1053 3438 5Em.
1076 3398 1097 3431 c.
1115 3381 1176 3430 aliis
1190 3399 1245 3431 vos.

252 3481 392 3550 Zopyrus)
417 3480 497 3531 Cicer.
518 3481 550 3531 dc
572 3483 634 3533 Fato
658 3501 679 3532 c.
695 3488 719 3540 5.
754 3481 815 3544 ctio,
830 3491 858 3532 ut
875 3481 968 3548 duplex
984 3481 1010 3530 in
1025 3481 1156 3532 eolateut
1172 3492 1272 3533 sentcn-

202 3550 331 3598 Socratem
347 3565 430 3599 nonne
452 3548 572 3614 legimus,
596 3550 720 3617 quemad·
751 3550 805 3600 tia:
824 3551 884 3600 (lum
893 3550 973 3599 multu
987 3547 1049 3597 vitiu
1063 3547 1091 3598 in
1101 3552 1212 3600 Socrate
1222 3548 1272 3599 eol-

202 3617 304 3666 modum
320 3615 418 3666 notarit
434 3619 547 3684 Zopyrus
563 3616 720 3684 physiogno-
752 3617 871 3684 legisset,
896 3634 974 3684 caque
989 3616 1015 3665 in
1032 3614 1086 3665 cius
1107 3616 1271 3699 opprobrium

202 3700 275 3750 mon,
292 3683 335 3750 qui
360 3702 386 3731 so
410 3684 719 3750 prolitebaturbominum
753 3685 791 3741 iis,
809 3686 851 3734 (ui
868 3685 985 3745 celerent,
1028 3683 1094 3733 alurn
1115 3685 1268 3735 iecisset.-

201 3760 445 3818 morcsnaturasque
459 3768 614 3819 excerpere,
630 3751 719 3814 ocirlis,
752 3705 825 3802 Nibil
848 3770 910 3821 opus
935 3763 973 3802 cst
1021 3751 1096 3801 avisii
1129 3754 1269 3802 coniectura

201 3817 280 3878 vultu,
300 3819 384 3868 fronte
399 3819 566 3884 pernoscere?
588 3820 720 3886 stupidum
752 3822 914 3870 coniecisset.

201 3901 255 3934 esse
272 3889 401 3935 Socratem
417 3885 497 3945 dixit,
518 3896 543 3935 et
557 3887 717 3943 lmrdnm—;
821 3890 879 3938 (lor.
899 3887 1049 3936 XXXVIII.
1074 3891 1118 3945 82.
1147 3885 1267 3968 cognitis)

200 3951 300 4001 addidit
315 3952 407 4014 etiam,
423 3952 599 4003 mulierosum:
617 3955 659 4003 ubi
684 3956 718 4006 ct'.
752 3957 785 4004 tt,
809 3972 830 4004 e.
849 3950 876 4003 'si
897 3954 1040 4004 ‹lisccsseris
1061 3972 1076 4004 u
1099 3955 1219 4006 doctriua
1241 3952 1266 4000 de

1314 348 1316 365 ι

1313 394 1316 415 t

1312 472 1315 495 I

1312 528 1315 541 ι

1310 666 1314 765 l

1310 786 1314 899 l

1310 932 1314 945 t

1309 1176 1316 1229 l

1313 1316 1316 1337 Ι

199 4019 282 4070 eremi
291 4037 321 4138 p.
336 4025 379 4077 25.
752 4041 849 4071 stimme
872 4023 939 4071 borm
958 4030 985 4070 et
1003 4021 1087 4083 mule,
1111 4021 1265 4090 philosophie
1302 4034 1305 4045 ¹

250 4087 402 4165 relegisset
411 4087 440 4136 in
450 4086 515 4153 euru)
532 4087 718 4153 Signilicuntius
752 4089 845 4139 nullum
867 4089 943 4139 ulium
959 4098 1003 4139 aut
1024 4090 1148 4140 maiorem
1164 4100 1206 4141 urit
1220 4087 1264 4137 uti·

217 4172 276 4206 uam
292 4171 321 4204 m
335 4173 372 4205 eo.
403 4156 448 4204 Est
464 4154 531 4204 cuim
547 4156 620 4223 qumi
637 4174 718 4224 quae·
750 4157 903 4208 lioremrcm
918 4166 1075 4225 pertractare
1088 4168 1185 4227 petest,
1198 4169 1262 4223 qum
1300 4190 1304 4205 .

268 4240 410 4291 praegnans
418 4238 483 4290 quae
495 4222 589 4275 dicitur
598 4234 717 4276 constru-
749 4224 821 4288 hacc,
838 4234 887 4276 etc.

1222 4501 1226 4513 .
1298 4216 1316 4579 l
