2640 4626
196 182 239 250 98
446 187 726 238 TUSCULANARUM
742 187 1024 238 DISPUTATIONUM

199 310 248 383 sia
268 308 366 394 deos,
394 321 450 378 aut
468 322 617 390 nectare,
645 321 701 377 aut
716 304 885 377 Iuventate
910 304 1031 405 pocula
1054 301 1276 393 ministrante,

198 410 313 485 laetari
336 408 499 481 arbitror:
526 437 587 480 nec
613 408 796 481 Homerum
815 406 933 494 audio,
959 407 1017 507 qui
1042 406 1275 511 Ganymedem

199 545 216 588 a
241 513 307 586 diis
327 527 460 611 raptum
484 510 530 583 ait
550 527 689 611 propter
709 509 868 597 fonnem,
893 526 931 582 ut
947 509 1019 582 lori
1041 508 1160 583 bibere
1177 511 1276 584 mini-

198 632 332 690 straret:
357 643 425 687 non
445 614 531 688 iusta
547 642 674 701 caussa,
701 641 760 686 cur
773 611 993 686 Laomedonti
1007 629 1100 685 tauta
1115 611 1213 687 fieret
1227 613 1276 686 in-

198 718 290 792 iuria.
315 716 463 815 fingebat
481 718 563 789 haec
581 718 765 804 Homerus,
792 733 822 788 et
842 715 987 788 bumana
1004 715 1048 788 ad
1068 715 1153 788 deos
1168 732 1276 789 traus-

198 821 333 897 serebat.
360 820 472 893 divina
487 818 618 892 mallem
640 819 682 891 ad
701 846 771 891 nos.
824 817 920 914 Quae
937 835 1046 891 autem
1062 817 1203 892 divina?
1229 818 1274 891 ri-

197 953 292 1023 gere,
318 950 451 1022 sapere,
477 920 867 1007 invenire‚¹meminisse.

298 1026 388 1123 Ergo
409 1024 538 1098 animus
552 1031 584 1112 ²,
610 1041 646 1096 ut
667 1052 734 1121 ego
753 1023 848 1111 dico,
874 1023 1006 1095 divinus
1021 1027 1050 1109 ³,
1077 1038 1113 1094 ut
1137 1022 1275 1124 Euripi-

197 1128 257 1202 des
271 1129 370 1200 audet
386 1127 496 1201 dicere
508 1132 539 1214 4,
566 1127 647 1200 deus
666 1142 733 1200 est:
761 1143 792 1200 et
811 1125 956 1224 quidem,
982 1125 1012 1197 si
1030 1123 1113 1198 deus
1128 1141 1189 1198 aut
1204 1125 1274 1199 ani-

197 1259 252 1304 ma
274 1249 330 1303 aut
355 1229 442 1328 ignis
465 1246 532 1320 est3
559 1229 648 1302 idem
666 1245 715 1302 est
731 1229 862 1301 animus
878 1226 1031 1301 bominis.
1058 1255 1139 1300 nam
1162 1245 1202 1301 ut
1222 1227 1275 1304 illa

197 1350 315 1407 natura
343 1333 494 1406 coelestis
511 1349 543 1406 et
563 1348 651 1405 terra
670 1347 764 1404 vacat
788 1348 820 1405 et
844 1331 1001 1417 humore,
1027 1328 1075 1403 sic
1098 1329 1274 1431 utriusque

196 1436 313 1509 harum
329 1464 440 1510 rerum
456 1435 620 1508 humanus
640 1435 770 1507 animus
788 1449 842 1506 est
865 1460 990 1533 expers.
1015 1431 1068 1505 siu
1089 1449 1207 1507 autem
1228 1450 1274 1508 est

197 1539 311 1638 quinta
331 1539 493 1636 quaedam
515 1553 642 1624 natura,
669 1537 710 1608 ab
727 1535 906 1609 Aristotele
921 1534 1057 1608 inducta
1074 1535 1225 1636 primum
1239 1544 1272 1610 ⁵:

194 1640 276 1714 haec
296 1656 329 1713 et
349 1640 487 1712 deorum
503 1656 562 1725 est,
589 1655 621 1712 et
642 1638 836 1711 animorum.
886 1639 981 1711 Hanc
995 1639 1273 1713 nos‘sententiam

195 1742 309 1828 secuti,
335 1741 387 1813 his
409 1741 493 1841 ipsis
510 1740 619 1814 verbis
636 1742 670 1812 in
688 1739 923 1813 Consolatione
940 1741 1022 1813 haec
1037 1741 1272 1841 expressimus:
1312 1790 1314 1815 ι

294 1842 435 1915 XXVII.
462 1853 519 1923 66.
552 1844 771 1931 „Animorum
791 1842 934 1921 nullain
950 1843 1047 1916 terris
1066 1843 1164 1941 origo
1182 1844 1272 1919 inre·

196 1945 263 2018 niri
282 1961 399 2045 potest.
424 1944 512 2023 nihil
532 1946 619 2018 enirn
649 1962 698 2019 est
718 1946 755 2018 in
777 1945 897 2019 animis
913 1945 1053 2018 mixtum
1077 1961 1176 2045 atque
1194 1976 1271 2021 con-

196 2064 338 2134 cretum,
366 2063 421 2119 aut
441 2048 532 2146 quod
549 2065 691 2121 exterra
713 2065 827 2120 natum
845 2064 942 2147 atque
959 2047 1071 2121 fictum
1089 2075 1165 2121 esse
1181 2050 1270 2124 ride-

100 2219 104 2225 .
195 2166 285 2223 atur:
320 2149 470 2223 nihilne
495 2145 551 2226 aut
576 2151 750 2225 humidum
786 2150 937 2250 quidem,
972 2167 1027 2222 aut
1052 2148 1182 2239 flabile,
1219 2169 1271 2225 aut
1305 2194 1310 2214 ·

246 2385 322 2444 2Sic
331 2386 361 2437 R.
380 2387 409 2436 L.
419 2387 485 2438 Laii.
510 2387 594 2454 Vulgo
612 2389 717 2438 animus
738 2387 790 2456 qui.
817 2388 876 2436 Ern.
894 2388 940 2456 qui
965 2387 1037 2437 uncis
1063 2387 1175 2440 inclusit.
1214 2390 1270 2448 3b.

192 2455 224 2505 V.
245 2454 327 2505 Gebh.
350 2455 382 2505 D.
401 2457 461 2506 Eru.
480 2455 589 2506 divinus
607 2467 662 2517 est,
685 2473 710 2504 o.
727 2459 758 2505 E.
776 2473 801 2506 a.
820 2455 847 2505 d.
866 2455 939 2505 deus.
975 2454 1026 2504 Alii
1043 2454 1171 2520 divinus,
1198 2475 1226 2507 u.
1242 2461 1271 2507 B.

193 2538 218 2572 a.
234 2522 260 2573 d.
274 2523 339 2573 deus
357 2534 406 2572 est.
440 2524 519 2581 40r.
544 2541 566 2573 c.
579 2524 610 2572 R.
625 2522 730 2590 aliisque
752 2524 832 2574 Codd.
852 2523 942 2574 dicere
958 2523 1047 2573 audet.
1081 2523 1160 2581 58io
1177 2524 1271 2577 distin·

192 2599 273 2656 guunt
287 2591 323 2640 M.
341 2591 373 2639 Ι).
389 2618 422 2628 -
440 2592 499 2640 Em.
510 2607 540 2639 ὀ.
558 2589 626 2655 vulg.
644 2590 769 2640 inducto:
783 2592 899 2661 primum
917 2600 979 2641 cett.

191 2723 218 2773 in
238 2724 311 2775 malis
335 2722 454 2772 ducamus
480 2732 542 2772 cett.
572 2732 598 2773 et
620 2723 714 2790 passim
747 2741 888 2790 pemeus,
898 2723 1023 2775 adnotent
1031 2727 1201 2792 Interpretes.
1212 2727 1272 2779 Nou

191 2791 261 2843 alibi.
748 2790 1271 2860 enimLaomedouteprognstuseratGe-

241 2863 284 2917 65.
301 2858 545 2927 Iuvenratepoeulo
553 2858 714 2908 ministran—
747 2859 883 2926 nymedes,
910 2860 955 2909 sed
976 2861 1059 2911 Troe:
1090 2861 1135 2927 qui
1159 2862 1271 2929 quidem,

191 2927 231 2991 te)
247 2928 375 2976 Iuventas
394 2936 432 2975 est
447 2943 540 2992 graeca
555 2924 650 2993 Ἥβη,
668 2929 713 2976 Io·
747 2937 852 2977 auctore
870 2929 992 2990 Homero,
1008 2927 1055 2977 uis
1069 2927 1136 2978 filios
1149 2929 1271 2992 habebat,

192 2992 229 3042 ris
244 3002 270 3042 et
284 2993 387 3042 Iunonis
395 2993 456 3055 filia,
475 3011 540 3060 quae
549 3004 609 3043 ante
621 2996 712 3062 Gany·
747 2994 826 3056 Ilum,
856 2999 1004 3045 Assaracum
1034 3005 1061 3045 et
1083 2997 1270 3064 Ganymedem.

192 3059 290 3109 medem
322 3061 349 3109 in
375 3061 471 3112 caelum
496 3071 598 3128 raptum
614 3063 712 3130 ,pocula
745 3063 776 3112 Ili
798 3062 863 3111 filius
885 3072 939 3113 erut
965 3062 1123 3114 Laomedon.
1154 3066 1271 3127 Verum,

191 3126 240 3176 diis
253 3127 422 3178 ministrabat.
435 3128 549 3191 niodo,
575 3129 654 3196 princ.
676 3129 712 3184 Oi
745 3139 774 3179 ut
784 3130 817 3179 de
826 3140 936 3197 raptore,
953 3131 990 3180 sic
1006 3131 1037 3179 de
1052 3140 1126 3197 patre
1138 3133 1271 3201 Ganyme-

192 3191 223 3249 ‹ii
244 3192 308 3248 θεοὶ
321 3193 378 3262 arrio
394 3195 462 3262 Ζηνὶ
477 3195 634 3265 καθήμενοι
647 3193 711 3265 η’γο·
745 3196 784 3246 dis
810 3215 917 3263 magnae
932 3207 992 3247 sunt
1011 3198 1217 3265 discrepantiae,
1235 3201 1272 3258 uti

210 3258 476 3332 suessionenses
493 3264 623 3335 δαπέδῳ,
641 3263 711 3332 μετὰ
744 3272 832 3315 monet
851 3265 983 3327 Davisius,
1008 3265 1051 3332 qui
1072 3266 1169 3317 multus
1192 3269 1271 3319 estin

192 3280 224 3385 di
239 3343 318 3397 σφισι
331 3327 433 3384 πότνια
442 3329 522 3400 Ἥβη
539 3332 649 3400 Nineue
663 3331 710 3404 ἐφ·
745 3332 906 3383 defendendo
922 3333 1051 3383 Cicerone.

191 3395 292 3464 voxdu.
796 3401 950 3468 Euripides)
983 3402 1074 3450 Exstat
1096 3400 1269 3469 fragmentum

199 3495 203 3503 ·
241 3482 290 3515 nee
306 3466 463 3532 Homerum)
496 3465 568 3515 iliad.
595 3484 628 3526 u,
651 3471 711 3525 233.
744 3466 831 3533 Eurip.
848 3471 906 3525 188.
941 3465 1009 3528 θεὸς
1022 3466 1077 3535 γάρ
1091 3486 1136 3529 τις
1150 3468 1182 3524 ἐν
1191 3469 1267 3551 ἡμῖν.

191 3526 324 3594 ἀντίθεος
333 3531 512 3602 Γανυμήδης,
524 3531 582 3593 Ὃς
596 3535 631 3599 δὴ
646 3534 710 3586 noii-
745 3534 822 3584 Multi
836 3534 881 3584 alii
893 3552 994 3601 quoque
1008 3539 1113 3585 eandem
1129 3555 1269 3606 consigno-

191 3599 280 3660 λιστος
293 3599 386 3666 γένετο
400 3603 426 3653 o
462 3602 517 3654 ecio
533 3598 710 3667 dederimus·
744 3612 836 3652 rerunt
860 3603 1026 3653 sententiam:
1052 3613 1082 3652 ut
1096 3603 1155 3671 ipse
1178 3607 1268 3658 Cicero

196 3664 255 3718 Tiro
280 3665 329 3719 nori
354 3666 438 3734 α’νηοε
452 3679 544 3733 uram
567 3667 634 3721 θεοὶ
663 3667 713 3722 Διῒ
746 3670 884 3720 sPlstone
908 3669 934 3719 in
951 3675 1037 3721 Somu.
1054 3671 1123 3740 Scip.
1149 3673 1183 3723 de
1203 3676 1267 3744 Rep.

190 3731 376 3818 οἰνοχοεύειν,
402 3734 526 3796 Κάλλεος
547 3736 638 3789 εἵνεκα
655 3734 709 3798 oio,
744 3737 796 3799 VI,
812 3739 854 3795 24.
880 3739 962 3787 Deum
977 3748 1002 3788 te
1015 3738 1094 3804 igitur
1113 3740 1183 3791 scito
1200 3760 1268 3800 ωας

190 3796 226 3852 ἶν’
241 3799 411 3855 oboriretur
427 3804 530 3868 μετείη.
744 3803 868 3870 siquidem
890 3804 952 3855 deus
975 3817 1029 3867 est,
1054 3807 1098 3873 qui
1119 3808 1209 3876 viget,
1227 3810 1267 3878 qui

239 3865 327 3918 bibere
359 3870 539 3935 ministraret)
573 3872 593 3921 E
617 3887 709 3936 graeca
742 3872 835 3932 sentit,
853 3872 896 3938 qui
909 3873 1030 3923 meminit.
1064 3874 1142 3927 Plura
1155 3894 1267 3946 conges-

174 3936 379 3987 .oonstructioue
404 3937 500 3988 dictum
526 3955 592 4003 pro:
618 3948 707 4005 potum
740 3938 774 3988 sit
789 3939 914 3989 Davisius.

188 4001 352 4054 ministraret.
383 4005 415 4056 V.
424 4003 559 4055 Ruhnken.
567 4004 705 4056 iuTerent.
791 4008 883 4075 quinta
907 4008 1037 4076 quaedam
1061 4012 1178 4078 natura)
1204 4013 1264 4064 Scit.

187 4069 267 4120 Andr.
282 4070 323 4120 111.
344 4077 370 4132 2,
385 4073 411 4129 4.
429 4072 498 4122 dore
510 4071 604 4123 bibere.
740 4070 895 4141 ἐντελέχεια.
933 4078 966 4127 V.
986 4094 1061 4143 supra
1077 4095 1100 4127 c.
1117 4081 1170 4140 10,
1188 4085 1233 4140 22.

88 4175 91 4182 .
116 4148 120 4153 ·
238 4155 285 4187 eur
292 4140 468 4191 Laomedonti
480 4141 645 4206 tantofierer
658 4143 704 4192 r'n-
787 4144 818 4192 in
830 4143 1024 4211 Consolatione)
1042 4146 1074 4196 V.
1091 4161 1140 4195 nos
1159 4147 1187 4198 in
1206 4149 1225 4198 Ι.
1241 4149 1264 4197 d.

187 4203 269 4271 iuria)
299 4206 411 4258 Tullium
431 4207 493 4260 h.l.
514 4210 636 4278 memoria
662 4210 704 4260 la·
737 4208 770 4259 de
786 4210 839 4261 cic.
856 4210 900 4279 ph.
916 4229 942 4279 p.
957 4219 1001 4270 50.
1026 4230 1065 4281 sq.
