2640 4626
458 237 588 288 nrnnn
605 239 649 287 111.
667 237 711 296 24·
1057 224 1120 291 235

50 353 132 426 illud
154 352 376 453 potentissimi
401 354 490 452 regis
519 372 750 456 anapaestum,
776 355 833 454 qui
859 354 971 427 laudat
995 381 1119 440 senem,

50 473 80 529 et
105 454 310 529 fortunatum
337 483 409 528 esse
432 456 532 544 dicit,
558 457 648 557 quod
672 457 833 555 inglorius
849 457 894 530 sit
911 473 1008 554 atque
1024 457 1119 552 igno-

49 557 127 630 bilis
162 557 223 647 ad,
241 585 432 657 supremum
468 558 556 630 diem
590 577 815 659 perventurus.
866 565 923 639 58.
950 558 1119 645 Similiter,

50 659 350 734 commemorandis
386 660 563 759 exemplis,
590 661 746 735 orbitates
780 689 912 761 qnoque
928 660 1118 732 liberorum

49 762 299 862 praedicantur,
327 790 524 860 eorumque,
550 763 608 861 qui
629 765 761 862 gravius
785 765 911 849 serunt,
937 762 1045 835 luctus
1061 762 1120 834 ali-

49 893 147 936 orum
172 863 329 963 exemplis
356 863 537 937 leniuntur:
563 863 612 938 sic
634 867 806 967 perpessio
825 883 1016 939 ,ceterorum
1030 864 1119 951 facit,

50 984 160 1054 ntea,
188 993 270 1066 quae
288 965 484 1055 acciderint,
509 965 612 1039 multo
629 969 775 1056 minora,
802 996 899 1068 quam
914 983 1037 1067 quauta
1051 967 1119 1038 sint

50 1068 249 1156 existimata,
281 1067 461 1163 videantur.
493 1069 539 1141 ita
574 1069 611 1142 fit
646 1071 768 1144 sensim
805 1070 1048 1170 cogitantibus,
1070 1085 1119 1159 yut,

52 1169 272 1270 quantum-sit
288 1170 443 1245 ementita
461 1170 594 1270 opinio,
621 1184 784 1271 appareat.

151 1288 262 1388 Atque
277 1288 342 1362 boc
358 1289 447 1364 idem
464 1306 495 1362 et
512 1289 648 1364 Telamo
663 1290 717 1365 ille
730 1289 893 1378 declarat,

134 1404 200 1488 Ego
221 1430 314 1488 quum
333 1413 439 1490 genui,
463 1408 543 1493 [tum
563 1414 744 1474 moriturum
765 1408 900 1495 scivi2]⁸

51 1525 80 1582 et
94 1507 266 1596 Theseus,

135 1631 265 1691 Futuras
286 1632 404 1691 mecum
426 1633 650 1692 commentabar
670 1633 823 1693 miserias:

53 1744 82 1801 et
90 1728 319 1825 Anaxagoras,
341 1730 503 1804 Sciebam
511 1759 566 1802 me
577 1735 744 1827 genuisse
759 1733 953 1804 mortalem.
978 1730 1120 1802 Hienim

53 1857 167 1904 omnes
198 1831 257 1904 diu
281 1832 461 1931 cogitantes
490 1832 654 1933 derebus
678 1834 849 1921 humanis,
882 1832 1119 1930 intelligebant,

53 1960 106 2006 eas
137 1960 346 2033 nequaquam
379 1962 442 2034 pro
466 1935 625 2034 opinione
651 1936 740 2034 volgi
761 1965 831 2010 esse
854 1935 1120 2009 extimescendas.

53 2034 185 2108 etmihi
206 2035 342 2135 quidem
357 2037 488 2109 videtur
509 2037 599 2110 idem
620 2036 688 2111 fere
715 2039 864 2113 accidere
879 2038 948 2123 iis,
968 2037 1025 2134 qui
1045 2052 1119 2108 ante

52 2137 269 2225 meditantur,
303 2139 394 2237 quod
415 2138 476 2226 iis,
502 2139 623 2238 quibus
649 2141 799 2214 medetur
820 2140 911 2231 digs3
933 2138 1003 2211 'nisi
1030 2137 1123 2237 quod

52 2240 137 2312 ratio
159 2240 351 2338 quaedam4
383 2257 483 2338 sanat
497 2241 590 2329 illos,
616 2241 677 2314 bos
702 2244 776 2342 ipsa
797 2259 930 2328 natura,
956 2240 1120 2314 intellecto

52 2369 111 2432 eo,
137 2342 228 2440 quod
250 2370 320 2415 rem
345 2343 507 2432 continet,
532 2343 615 2417 illud
636 2343 807 2432 malum5,
834 2344 924 2442 quod
950 2344 1121 2441 opinatum
1206 2406 1208 2410 .

53 2443 95 2516 sit
118 2462 190 2517 esse
211 2444 444 2534 marimum⁶,·
464 2474 672 2546 nequaquam
697 2475 768 2520 esse
790 2463 935 2532 tantum,
959 2459 996 2515 ut
1020 2445 1121 2517 vitam

53 2547 183 2620 beatam
210 2547 319 2646 possit
339 2563 489 2622 evertere.
540 2557 597 2628 59.
622 2550 686 2622 boc
708 2548 809 2647 igitur
830 2546 986 2633 efficitur,
1018 2563 1055 2618 ut
1082 2574 1135 2618 ex-

53 2648 110 2721 illo
136 2676 198 2722 nec
220 2650 356 2749 opinato
383 2649 482 2749 plaga
506 2650 612 2723 maior
626 2650 688 2738 sit3
713 2680 783 2723 non
798 2667 836 2722 ut
853 2649 900 2723 illi
914 2663 1121 2751 putant,·ut,

52 2779 157 2850 quum
173 2751 304 2824 duobus
320 2779 417 2852 pares
433 2779 528 2851 casus
543 2754 726 2841 evenerint,
751 2752 781 2826 is
797 2754 899 2828 modo
917 2751 1121 2847 aegritudine

53 2851 233 2941 afficiatur,
260 2853 312 2927 cui
339 2854 393 2926 ille
418 2883 480 2927 nec
504 2856 640 2954 opinato
658 2883 753 2930 casus
769 2856 919 2931 evenerit.
944 2855 1055 2955 itaque
1071 2853 1122 2925 di-

52 2972 173 3029 cuntur
191 2956 342 3029 nonnulli
367 2957 401 3028 in
423 2985 591 3045 maerore,
617 2986 718 3057 quum
745 2959 787 3032 de
800 2957 863 3039 bac
878 2959 1043 3032 communi
1061 2957 1122 3029 bo-

52 3058 181 3131 minum
204 3059 394 3155 conditione
424 3059 645 3147 audivissent,
671 3088 708 3133 ca
734 3059 805 3158 lege
831 3088 902 3133 esse
930 3090 992 3135 nos
1014 3077 1131 3148 natos,

119 3285 138 3337 3
154 3279 239 3346 Vulgo
254 3290 281 3329 et
296 3297 336 3347 op.
354 3281 413 3330 Ern.
431 3280 524 3332 absunt
537 3280 630 3332 rerba:
648 3294 703 3332 tum
716 3282 870 3332 murmurum
884 3283 960 3334 scivi.
980 3281 1120 3347 Codzlleg.

52 3347 104 3397 duo
118 3345 209 3396 Leidd.
228 3356 255 3396 et
267 3347 404 3397 nonnullae
419 3346 483 3399 Edd.
502 3358 564 3398 vett.
582 3366 612 3398 ea
626 3349 754 3399 exhibent.
772 3349 848 3399 Male.
899 3351 991 3407 4Ern.
1025 3349 1121 3408 uidem,

52 3416 85 3465 dc
102 3414 184 3464 Bentl.
203 3413 269 3464 coni.
311 3423 327 3472 5
347 3413 389 3464 sie
405 3415 488 3465 Bentl.
504 3415 590 3477 locum
602 3416 708 3485 ‚constit
728 3416 812 3467 ePal.
830 3415 913 3482 quint.
931 3426 958 3466 et
973 3368 1075 3466 Babiot.
1094 3414 1121 3463 in

51 3482 160 3549 quibus:
177 3482 246 3549 quod
265 3500 321 3532 rem
347 3483 462 3531 continet
485 3484 596 3545 malum,
621 3493 648 3533 et
669 3482 783 3549 sVatic.
800 3484 831 3533 R.
855 3482 990 3548 Pithoean.
1012 3482 1040 3531 in
1063 3481 1121 3560 qui-
1157 3508 1161 3516 ·

51 3551 114 3600 bus:
133 3548 202 3617 quod
226 3567 281 3599 rem
303 3550 418 3601 continet
434 3549 504 3600 illud
520 3551 625 3601 malum.
643 3580 676 3589 —
694 3554 752 3601 Ern.
771 3568 793 3600 c.
810 3549 880 3615 vulg.
895 3550 964 3619 quod
980 3549 1123 3599 remedrum

49 3617 123 3669 illud
139 3618 271 3683 concinet,
297 3619 401 3667 molum.
427 3622 469 3667 Or.
487 3636 501 3668 e
519 3618 600 3668 Palat.
618 3616 708 3685 quinto
732 3628 759 3667 et
781 3621 879 3667 Oxonn.
903 3618 963 3684 aliq.
981 3617 1050 3688 quod
1068 3634 1123 3667 rem

51 3686 187 3746 continet,
205 3684 309 3736 malum.
342 3690 359 3743 6
375 3688 433 3734 Em.
452 3685 484 3734 de
498 3688 530 3736 D.
544 3702 611 3753 susp.
628 3685 697 3754 quod
712 3685 816 3755 opinati
828 3685 885 3735 sint
898 3705 920 3736 e.
938 3704 971 3736 m.

104 3820 181 3888 regis
196 3820 378 3887 anapaestnml
394 3823 573 3886 ,Agamemno-
657 3810 791 3890 quadrent
801 3812 925 3888 continet]
943 3820 1032 3900 inquo
1045 3819 1121 3870 cardo

52 3888 93 3938 nis
104 3887 174 3956 apud
182 3887 295 3955 Euripid.
305 3888 385 3956 Iphig.
399 3887 425 3936 in
433 3888 489 3938 Aul.
498 3905 523 3938 v.
531 3890 572 3947 15.
605 3887 684 3938 totins
707 3888 743 3939 rei
766 3889 883 3940 vertitur.
926 3888 968 3939 sic
991 3889 1058 3940 rusca
1078 3890 1122 3938 IV.

289 3957 369 4023 Ζηλώ
387 3970 430 4018 σε,
449 3957 539 4021 γέρον,
607 3961 655 4018 10,
671 3961 713 4014 23.
742 3974 793 4024 qua
813 3957 927 4009 oratione
945 3953 1122 4025 praetermissa

89 4023 170 4084 zoro
189 4021 336 4087 d’dvdootv
354 4021 384 4082 ὃς
402 4020 551 4076 ἀκίνδυνον
606 4023 708 4074 minime
730 4026 887 4086 necessaria,
912 4043 956 4087 ea,
983 4043 1050 4095 quae
1069 4040 1124 4074 rem

88 4089 159 4142 Blov
174 4087 312 4154 isanioou'
328 4087 428 4156 (tyrcio,
447 4087 554 4160 cluderis·
607 4093 758 4154 concinent,
774 4096 970 4160 pertractemus.
999 4088 1002 4095 '

107 4163 150 4216 58.
168 4161 298 4224 Formas)
318 4162 362 4209 Est
376 4158 491 4210 trimeter
507 4158 574 4210 iarn-
649 4179 651 4183 ⁴

54 4226 136 4277 biens.
511 4253 518 4261 ··
658 4232 700 4287 59.
718 4228 775 4294 itti)
794 4226 932 4296 Cyrenaici.
