2640 4626
189 191 253 260 296
436 182 1012 248 ruscunauanunnrsrurarronulr

193 320 227 391 in
250 317 351 390 bonis
375 314 614 413 relinquerem,
640 315 669 388 si
686 313 741 386 illa
756 312 994 398 detraxissent,
1019 311 1085 384 nisi
1102 311 1133 385 si
1148 311 1261 384 vellent

191 449 289 494 voces
322 417 433 490 inanis
467 417 623 504 lundere,
648 416 731 489 nihil
759 417 800 488 ab
826 416 895 488 iis1
921 414 1016 516 potui
1043 443 1263 512 cognoscere:

192 524 250 623 qui
271 522 300 593 si
327 521 463 592 virtutes
481 518 617 592 ebullire
635 518 774 591 nolent2
797 535 828 590 et
849 517 1047 618 sapientias,
1072 515 1159 588 nibil
1178 517 1265 589 aliud

192 627 333 711 dicent,
346 621 413 695 nisi
430 650 501 694 eam
520 621 607 695 viam
619 626 636 674 ³
647 640 664 708 ,‘
683 649 747 720 qua
764 619 948 695 efficiantur
962 649 1018 693 eae
1032 619 1277 719 ⁴'voluptates,'

193 755 275 827 quas
298 722 402 825 supra
419 723 517 797 dixi.“
569 723 664 820 Quae
679 740 879 822 sequuntur,
904 722 939 795 in
965 723 1079 796 eadem
1104 722 1265 795 sententia

194 845 289 902 sunt:
312 844 468 927 totusque
496 826 599 914 liber,
625 826 682 924 qui
709 843 758 898 est
783 825 824 898 de
842 853 972 899 summo
990 824 1100 911 bono,
1126 824 1265 897 reicitus

195 949 225 1005 et
240 930 350 1004 verbis
367 947 398 1002 et
414 929 585 1002 sententiis
600 928 730 1001 talibus.

295 1037 354 1110 43.
379 1031 436 1103 Ad
458 1031 618 1104 hanccine
644 1030 747 1130 igitur
762 1029 861 1102 vitam
876 1027 1090 1102 Telamonem
1105 1025 1203 1100 illum
1217 1055 1265 1100 re-

195 1134 349 1221 vocabis,
375 1148 412 1203 ut
440 1131 527 1207 leves
555 1132 817 1231 aegritudinem?
844 1147 875 1205 et
898 1132 925 1204 si
950 1158 1047 1230 quem
1065 1128 1203 1202 tuorum
1222 1130 1266 1201 al-

194 1235 318 1309 llietum
343 1263 490 1309 maerore
515 1236 657 1324 videris,
683 1234 760 1308 huie
786 1235 1009 1334 acipenserem
1036 1232 1264 1332 potiusquam

195 1338 336 1438 aliquem
360 1337 567 1411 Socraticum
595 1336 742 1411 libellum
767 1337 887 1409 dabis?
912 1318 1068 1440 hydrauli
1089 1334 1265 1407 hortabere

195 1456 230 1513 ut
262 1440 375 1513 audiat
399 1468 496 1512 voees
521 1440 635 1540 potius
656 1469 767 1540 nquam
793 1438 967 1512 Platonis?
993 1464 1158 1537 expones,
1185 1465 1266 1537 quae

194 1559 330 1643 speotet,
351 1541 470 1615 llorida
488 1558 519 1613 et
535 1543 648 1614 varia?
674 1540 866 1614 {asciculum
886 1541 928 1614 ad
944 1541 1034 1613 naris
1051 1540 1266 1614 admovebis?

196 1645 352 1718 incendes
378 1644 522 1716 odores?
549 1645 651 1746 [et]⁵
676 1644 772 1718 sertis
796 1643 945 1717 redimiri
971 1641 1103 1715 iubebis
1117 1650 1152 1714 ‘et
1171 1642 1267 1713 rosa?

196 1747 225 1820 si
256 1774 335 1819 vero
359 1744 486 1844 aliquid
513 1747 612 1819 etiam
631 1791 677 1803 —
701 1763 769 1853 tum
788 1745 884 1846 plane
904 1745 1027 1819 luctum
1046 1772 1181 1817 omnem
1195 1745 1266 1816 abs-

195 1866 337 1923 terserrs.
775 1868 779 1877 '

266 2021 278 2075 1
298 2017 357 2067 Ern.
375 2033 398 2067 e.
417 2016 486 2083 vulg.
505 2016 557 2067 his.
575 2016 653 2067 Male.
687 2017 765 2076 2Sic
782 2016 850 2068 coni.
869 2018 901 2066 D.
918 2033 966 2085 pro
981 2016 1051 2083 vulg.
1069 2016 1171 2067 volent.
1205 2016 1266 2075 31..

197 2096 226 2137 et
254 2087 287 2135 D.
314 2102 328 2134 e
352 2083 439 2134 Nonio
465 2086 527 2134 adm.
544 2084 621 2134 Male.
654 2084 762 2142 4Aliae
782 2084 847 2135 Edd.
864 2084 932 2135 hoe:
950 2102 1014 2152 quae
1030 2084 1171 2152 duopron.
1191 2082 1267 2134 rarius
1299 2115 1301 2121 ι

216 2162 342 2203 ermutntn
366 2150 525 2219 reperiuntur
537 2151 564 2202 in
580 2152 663 2202 Codd.
679 2154 711 2203 V.
728 2151 793 2204 heht.
813 2151 874 2202 inl.
891 2157 922 2215 3,
941 2159 966 2209 5.
1001 2156 1017 2209 5
1034 2163 1061 2202 et
1076 2151 1147 2202 unda
1164 2150 1267 2202 inclusit

197 2172 242 2272 ll.
263 2229 290 2269 et
306 2237 363 2269 cum
376 2237 407 2268 eo
424 2222 466 2269 Or.
485 2221 572 2271 Recte.
591 2218 665 2269 Unde
677 2218 736 2269 addi
751 2220 878 2289 potuerit,
897 2219 972 2268 facile
986 2218 1149 2286 intelligitur.

247 2319 304 2370 nisi
318 2319 353 2385 st]
370 2319 436 2370 Nisi
451 2318 599 2388 simpliciter
611 2312 651 2368 est
665 2336 716 2369 no·
749 2319 826 2369 licum
851 2324 966 2386 o'rganon
990 2319 1199 2386 (Wasserorgelt
1223 2318 1269 2369 fuit

197 2396 291 2439 strum:
309 2404 386 2437 wenta
399 2387 480 2448 nicht,
499 2388 607 2437 nisisi:
626 2385 717 2454 austres
749 2386 941 2437 instrumentum
965 2386 1101 2448 musicum,
1129 2386 1213 2436 simile
1238 2387 1268 2445 ei,

197 2471 282 2504 wenn.
318 2455 357 2504 Gl'.
374 2453 503 2522 exempla,
527 2472 591 2522 quae
606 2455 728 2505 adducta.
750 2455 819 2522 quod
832 2472 880 2506 nos
895 2455 978 2523 Orgel
990 2471 1119 2514 vocamus,
1136 2455 1187 2504 nisi
1202 2454 1269 2522 quod

197 2532 287 2573 sunta
302 2520 435 2573 Ruhnken.
458 2523 485 2571 in
502 2524 597 2572 Dictat.
616 2522 648 2575 ad
661 2523 718 2571 Te·
749 2523 775 2572 in
785 2522 835 2572 hoc
846 2518 949 2572 follibirs
961 2521 1064 2571 inflatur
1075 2520 1182 2589 spiritns
1193 2521 1269 2583 tibiis,

198 2600 263 2641 rent.
279 2590 359 2639 Andr.
376 2592 441 2650 l.5,
462 2591 501 2646 14.
537 2590 636 2639 Grotcl.
653 2592 715 2639 Lat.
749 2589 776 2639 in
790 2589 836 2639 illo
854 2600 965 2639 autema
985 2606 1032 2638 nae
1047 2599 1179 2639 tormento
1193 2589 1269 2657 spiri-

198 2658 314 2706 Gramm.
335 2659 357 2724 §.
373 2660 432 2713 259.
448 2658 473 2712 4.
492 2676 517 2723 p.
531 2658 591 2714 414.
626 2658 715 2707 llams-
749 2666 789 2706 tus
807 2675 826 2706 s.
843 2668 933 2706 ventus
949 2605 1025 2706 tibias
1042 2657 1138 2705 intrare
1156 2657 1270 2722 cogeba-

197 2724 263 2774 hom
278 2725 303 2793 f.
320 2727 377 2781 190.
393 2727 418 2779 6·
435 2741 460 2788 p·
476 2727 534 2780 593.
747 2734 798 2773 tur.
847 2723 950 2773 Ernesti
979 2723 1007 2773 in
1038 2723 1108 2772 clav.
1136 2724 1220 2774 Cicer.
1245 2733 1271 2772 et

158 2814 161 2822 ·
247 2792 362 2841 virtutes
378 2789 500 2856 ebullire)
523 2780 668 2840 Sentiintia:
695 2790 715 2840 si
749 2790 865 2840 Schuetz.
883 2790 909 2840 in
923 2790 979 2840 Ind.
996 2792 1054 2840 Lat.
1070 2806 1089 2839 a.
1107 2807 1132 2840 v.

198 2856 715 2994 letti?titittttttptttltttt
749 2858 1019 2993 ...althalia
1034 2855 1270 2992 ,ililiiidff

700 2953 716 2963 .
937 2962 943 2987 ‚
1159 2964 1165 2974 ,
1256 2953 1270 2962 .

198 3000 285 3041 stuose
301 3000 398 3040 etcum
413 2993 584 3042 ostentatione
600 2988 716 3060 disputa·
750 3003 807 3043 ctus
821 2993 862 3042 vel
872 2984 983 3043 ‘vicissim
999 2992 1103 3043 effectus
1117 3009 1166 3061 pro
1182 3011 1270 3044 caussa

198 3057 309 3108 tionibus
325 3058 376 3107 suis
390 3057 485 3109 iactare
498 3070 524 3109 et
538 3061 717 3127 praeseferre
749 3062 860 3130 ponitur.
894 3061 936 3110 Sic
957 3061 1024 3111 infra
1037 3061 1069 3111 V.
1085 3064 1135 3122 21,
1152 3064 1197 3120 62.
1232 3061 1269 3110 Gl'.

198 3124 303 3187 nolent,
321 3124 385 3174 nihil
400 3125 471 3183 aliud
485 3126 511 3176 in
527 3126 600 3177 bonis
617 3127 717 3177 ducen·
749 3129 891 3180 Ramshorn
921 3131 981 3178 Lar.
1007 3130 1123 3178 Gratum.
1158 3131 1181 3198 §.
1208 3132 1269 3189 203.

199 3191 259 3240 dum
272 3209 326 3242 esse
342 3192 436 3254 (licent,
452 3193 499 3243 nisi
509 3211 565 3244 eam
575 3195 640 3245 viam
654 3205 716 3246 cett.
749 3213 774 3264 p.
792 3201 851 3254 653.

199 3259 241 3309 sic
265 3259 298 3309 de
321 3259 402 3310 Finib.
423 3261 453 3311 V.
474 3265 524 3322 27,
542 3267 584 3319 80.
619 3262 717 3312 Dixerit
800 3264 881 3313 sertis
897 3276 923 3313 et
938 3263 1009 3331 rosa)
1033 3263 1067 3313 H.
1086 3279 1110 3314 e.
1132 3263 1209 3312 sertis
1225 3280 1268 3313 ro·

199 3326 251 3377 hoc
264 3327 331 3377 idem
346 3327 604 3395 Epicurus,.8emper
615 3329 717 3380 beatum
749 3331 829 3381 caeeis
840 3349 892 3447 per
908 3327 941 3384 iv
956 3331 1006 3384 διὰ
1024 3331 1115 3384 δυοῖν.
1152 3331 1205 3380 Sed
1221 3331 1269 3381 ob-

198 3396 716 3531 liiieebiellliilitiibhannibhrisilulliiilitiiits
749 3416 868 3516 iiiiiilltm
888 3482 948 3516 usos
971 3483 1038 3527 esse,
1061 3483 1138 3533 qnnm
1160 3465 1269 3516 adiecti-

198 3539 329 3597 comparat
352 3545 468 3595 graecm
493 3531 656 3599 παφλάζων.
683 3560 717 3572 -
749 3551 807 3584 vum
821 3550 937 3600 magnam
951 3534 1001 3583 vim
1014 3533 1100 3594 habet,
1116 3533 1199 3583 veluti
1216 3533 1266 3583 lnl.

199 3597 315 3646 Ceterum
336 3614 393 3647 cum
415 3598 482 3648 salsa
504 3600 612 3666 quadam
635 3600 716 3650 ironia
749 3602 832 3652 sertis
846 3604 933 3671 iisque
946 3603 1072 3662 rosaceis,
1089 3617 1158 3667 quae
1172 3601 1268 3650 scilicet

198 3663 319 3728 Epicurus
340 3666 490 3743 sapientias
514 3667 642 3733 (σοφίας)
665 3686 716 3717 nu·
748 3669 920 3719 suavissimum
940 3669 1044 3719 odorem
1066 3678 1201 3736 spargant.
1229 3667 1267 3718 Sic

199 3747 268 3779 mero
283 3731 374 3798 plurali
391 3733 462 3782 dixit.
626 3739 641 3752 “
749 3737 850 3786 Curtius
864 3739 906 3789 lV.
921 3738 953 3798 4,
970 3744 994 3794 5.
1020 3737 1125 3786 coronis
1134 3735 1266 3804 floribus-

246 3798 290 3875 43.
306 3800 493 3868 acipenserem)
503 3801 552 3850 llic
561 3802 636 3869 piscis
648 3803 715 3870 apud
749 3812 812 3874 que.
840 3805 871 3855 V.
889 3804 983 3854 Adnot.
1000 3804 1027 3854 in
1043 3806 1063 3854 1.
1080 3809 1130 3864 25,
1147 3808 1193 3862 62.

200 3873 318 3930 antiquus
336 3867 479 3927 Romanos,
506 3885 558 3921 nou
580 3869 642 3919 item
664 3888 715 3938 po·
799 3872 826 3920 si
839 3889 902 3921 vero
919 3870 1129 3940 aliquideta'aps)
1157 3874 1205 3921 Est
1220 3869 1266 3920 ho·

197 3930 332 3994 steriores,
359 3933 385 3982 in
402 3933 549 3984 lautioribus
572 3946 598 3985 et
616 3937 714 3988 dolica·
747 3948 820 3989 nesta
845 3939 1013 4007 aposiopesis,
1048 3956 1099 4007 qua
1127 3940 1265 3989 reticentur

197 3998 303 4049 tionibus
316 3999 396 4065 epulis
410 4000 557 4053 habebatur.
583 4006 614 4056 V.
630 4005 713 4055 Hein-
747 4004 916 4074 ἀφροδίσια,
943 4007 1012 4074 quod
1029 4017 1100 4056 recte
1115 4013 1266 4056 monuerunt

197 4065 265 4116 dori.
297 4065 329 4117 ad
356 4069 445 4131 Horat.
476 4070 529 4119 Sat.
556 4072 588 4121 11.
613 4077 645 4134 2,
669 4073 713 4134 47.
746 4075 911 4142 interpretes.
929 4075 1033 4125 Terent.
1047 4073 1126 4124 Andr.
1144 4076 1178 4125 ΙΙ.
1191 4080 1214 4135 1,
1225 4079 1262 4130 25-

197 4150 222 4200 P·
239 4138 299 4194 263·
393 4169 396 4175 ,
746 4140 944 4210 Numquidnam
957 4139 1264 4211 amptiustibicumilla

239 4202 713 4276 hydraulrlHydmalnesthydrau-
742 4205 821 4277 fuit?
837 4209 879 4260 ubi
896 4228 919 4260 v.
935 4209 1071 4260 Ruhnkeh.
1088 4236 1120 4249 -
1154 4204 1263 4278 Ah‘quid

858 3417 915 3461 um,
938 3398 986 3449 hac
1003 3399 1084 3466 figura
1100 3407 1203 3448 veteres
1219 3415 1269 3448 non
