2640 4626
196 211 260 280 tot
442 217 721 271 ruscmsnsnon
739 218 1019 269 nrsrursnonan

198 339 347 437 iamque,
373 339 410 410 dt
430 336 521 409 bona
545 352 661 409 natura
684 335 890 437 appetimus,
915 336 964 409 sie
991 365 1010 409 a
1034 334 1132 409 malis
1155 353 1272 409 natura

198 439 418 516 declinamus:
444 467 528 538 quae
545 437 732 525 declinatio,
758 446 888 538 quum²
909 439 1036 529 ratione
1053 437 1128 527 fiet,
1153 442 1272 512 cautiii

198 541 400 644 appelletur,
428 569 531 641 eaque
547 539 748 639 intelligatur
763 542 796 614 in
818 539 890 613 solo
906 568 978 615 esse
994 541 1163 641 sapiente;
1189 569 1272 640 qnae

198 662 307 720 autem
337 645 408 718 sine
431 645 577 731 ratione,
610 660 739 716 etcum
767 644 1007 718 exanimatione
1030 642 1149 717 humili
1176 660 1272 742 atque

196 748 317 834 fracta,
350 746 538 820 nominetur
560 762 682 819 metus:
708 761 758 818 est
782 745 884 844 igitur
906 761 1036 833 metus,
1060 746 1195 820 ratione
1218 746 1270 818 ad-

197 855 343 935 versa³,
369 849 486 922 cautio.
536 847 725 921 Praesentis
749 864 857 921 antem
882 847 960 922 mali
975 849 1170 949 sapientis⁴
1194 848 1270 922 alse-

196 953 263 1026 etio
279 950 368 1024 nulla
390 968 456 1025 est:
510 956 565 1031 14.
591 949 717 1023 stulta⁵
739 967 847 1025 autem
865 951 1037 1049 aegritudo
1056 967 1122 1039 est,
1150 978 1191 1025 ea
1210 978 1271 1051 qua

198 1053 388 1128 alliciuntur
421 1054 456 1126 in
490 1052 586 1126 malis
620 1053 782 1152 opinatis,
810 1053 1004 1153 animosque
1038 1052 1219 1127 demittunt
1243 1070 1272 1126 et

197 1156 414 1242 contrahunt,
438 1155 561 1228 rationi
588 1183 657 1228 non
675 1156 948 1254 obtemperantes.
973 1156 1085 1255 itaque
1103 1156 1189 1228 haee
1206 1156 1270 1256 pri-

196 1286 250 1332 ma
276 1256 424 1331 delinitio
452 1273 518 1345 est,
544 1274 581 1330 ut
605 1257 775 1355 aegritudo
801 1258 844 1330 sit
862 1258 982 1345 animi,
1009 1257 1206 1333 adversante
1223 1286 1272 1330 ra-

195 1360 303 1448 tione,
331 1361 521 1433 contractio.
547 1360 595 1432 sic
611 1375 767 1458 quattuor
779 1361 1067 1460 perturbationes
1084 1375 1183 1447 sunt,
1208 1377 1270 1433 tres

196 1466 442 1549 constantiae,-
476 1463 634 1562 qnoniam
661 1462 860 1561 aegritudini
885 1462 975 1536 nulla
997 1462 1188 1537 constantia
1215 1490 1272 1563 op

194 1583 338 1666 ponitur.

261 1751 325 1809 Π.
342 1748 408 1799 Adn.
443 1751 461 1805 3
477 1747 520 1801 ste
536 1748 614 1815 vulgo
639 1759 731 1801 uonna
747 1749 861 1801 melioris
878 1759 956 1800 notae
972 1749 1052 1800 Codd.
1071 1779 1103 1790 -
1122 1753 1170 1802 Or.
1189 1769 1211 1802 c.
1229 1751 1271 1801 Gr.

196 1819 225 1868 1..
243 1816 272 1867 in
290 1814 356 1867 cums
371 1833 422 1866 sec.
440 1817 511 1867 Brut.
529 1834 547 1865 a
569 1817 674 1867 ratione
689 1835 794 1868 aversa.
812 1817 843 1868 Il.
863 1820 893 1867 D.
912 1818 1016 1867 ratione
1039 1836 1147 1869 aeterra.
1167 1846 1202 1858 -
1219 1816 1272 1868 Col.

194 1885 296 1936 EVML.
315 1887 389 1945 1566.
408 1884 510 1935 rationi
527 1884 652 1936 aduersu.
695 1885 814 1943 asena.
832 1884 900 1936 coni.
918 1902 951 1935 so
968 1886 1051 1947 ienti,
1067 1886 1141 1937 nulla
1166 1901 1198 1936 co
1216 1895 1274 1937 eata

194 1951 355 2003 necessitate.
370 1952 402 2002 V.
420 1949 486 2003 stu.
504 1949 532 2002 in
546 1952 578 2002 II.
598 1956 707 2025 15,136.
749 1960 766 2012 5
783 1952 826 2004 Sic
848 1954 893 2003 W.
912 1971 925 2002 e
947 1903 981 2003 ll.
1000 1953 1108 2032 aliisque
1140 1953 1224 2003 codd.
1242 1980 1273 1990 -

195 2023 236 2069 Or.
254 2038 275 2069 c.
294 2020 352 2069 Era.
370 2018 446 2068 retia.
465 2018 534 2085 vulg.
553 2020 645 2071 stulti:
663 2020 732 2088 quod
751 2037 804 2077 aon
820 2019 941 2071 convenit
957 2032 1075 2088 sequenti
1092 2019 1191 2089 plurali
1206 2018 1273 2100 afst-

194 2089 307 2138 ciuntur.
340 2091 376 2136 At
392 2085 419 2136 ia
435 2086 512 2136 stulti
526 2086 593 2137 latet
611 2086 686 2138 notio
703 2086 799 2138 numeri
817 2087 930 2156 pluralis.
949 2089 1034 2139 Bentl.
1052 2087 1119 2139 coni.
1140 2089 1242 2140 stultis.

245 2203 404 2262 declinatio,
431 2220 509 2271 quum
528 2204 634 2253 ratione
647 2203 715 2269 flet)
748 2203 863 2255 lectione
878 2204 997 2271 vulgata,
1022 2221 1075 2256 non
1089 2214 1164 2255 recte
1180 2222 1273 2273 proce-

195 2270 277 2336 Vulgo
298 2269 406 2335 legitur:
433 2289 500 2349 puae
521 2271 669 2321 declinatio
689 2273 715 2322 si
749 2272 824 2334 dere,
843 2271 960 2341 equidem
978 2289 1031 2323 non
1046 2289 1129 2339 nego;
1156 2284 1186 2324 at
1199 2273 1272 2322 huius

195 2356 252 2389 cunt
282 2338 386 2387 ratione
410 2339 471 2404 fiet.
507 2338 575 2405 quod
606 2337 716 2390 retinnit
749 2338 787 2390 rei
810 2339 885 2406 eulpa
908 2357 960 2391 non
981 2339 1162 2390 transferenda
1185 2339 1272 2390 estad

195 2405 273 2455 etiam
296 2404 415 2455 Orellius.
458 2405 588 2455 Bentleias
614 2404 642 2456 in
666 2405 715 2457 hac
748 2405 884 2467 librarios,
903 2407 949 2457 sed
965 2408 998 2456 ad
1014 2407 1098 2474 ipsum
1113 2406 1272 2468 Ciceronem,

194 2473 297 2539 vulgata
334 2471 447 2522 lectione
480 2471 658 2523 soloecismum
690 2482 717 2522 et
749 2473 808 2542 qni,
834 2473 872 2522 uti
889 2473 940 2525 iam
957 2474 1051 2541 passim
1065 2475 1228 2535 monuimus,
1247 2473 1272 2523 in

194 2539 368 2590 anacoluthon
383 2540 462 2588 latere
485 2549 573 2606 putat,
597 2539 714 2607 primum,
748 2541 790 2591 his
812 2540 874 2606 ip'sis
898 2541 972 2591 libris
989 2541 1138 2609 saepissime
1162 2541 1271 2608 vulgaris

193 2606 255 2676 quia
267 2606 423 2675 praegressis
435 2606 531 2656 verbis:
549 2624 616 2676 quae
630 2608 716 2658 decli·
750 2607 873 2660 sermonis
891 2609 1075 2676 negligentiam
1092 2620 1209 2661 sectatus
1227 2618 1271 2658 est.

194 2674 283 2736 natio,
302 2675 327 2723 si
343 2692 401 2724 eum
418 2675 524 2725 ratione
529 2676 584 2740 siet
590 2713 599 2737 ,
623 2693 716 2744 exspe-
750 2674 857 2727 Scilicet
877 2675 943 2726 haud
960 2676 1037 2727 dubie
1054 2677 1222 2729 statuendum
1237 2686 1271 2726 est

195 2751 291 2792 otetur:
307 2742 351 2791 sin
360 2754 447 2790 autern
457 2742 515 2790 sine
524 2743 636 2804 ratione,
652 2754 715 2802 tum,
750 2743 775 2793 h.
784 2742 801 2792 l.
813 2743 1032 2811 anantapodotou,
1051 2762 1081 2794 ea
1095 2743 1189 2810 figura,
1202 2760 1271 2824 paam

194 2808 254 2925 puin
275 2807 373 2876 protasi
399 2825 452 2858 non
469 2809 624 2876 respondeat
650 2827 716 2877 apo·
751 2810 803 2861 iam
817 2828 894 2877 supra
912 2812 944 2862 ad
957 2814 1001 2861 111.
1019 2816 1051 2872 17
1058 2848 1066 2875 ,
1084 2815 1127 2870 36.
1153 2812 1270 2872 vidimus,

213 2876 273 2927 osis.
293 2880 384 2941 Quare,
396 2875 587 2943 grammaticam
597 2887 716 2926 constrn-
751 2895 800 2946 qua
818 2878 936 2945 apodosis
962 2896 1018 2930 carn
1035 2878 1189 2948 parenthesi
1214 2896 1270 2931 eoa

194 2943 307 2997 ctionem
329 2943 361 2991 ad
383 2941 519 2992 sanitatem
543 2942 716 3007 restituturus,
750 2944 807 2995 tuit.

193 3010 329 3060 delendam
347 3019 434 3060 coisset
449 3011 565 3061 voculam
580 3012 623 3061 si:
642 3029 717 3078 (paam
801 3029 899 3095 cautio)
926 3027 992 3081 ,mi
1013 3047 1064 3083 aa,
1090 3030 1171 3098 9503·
1188 3033 1269 3083 Lam

194 3075 307 3128 omnium
326 3077 448 3126 Codicum
465 3089 490 3126 et
505 3078 569 3128 Edd.
586 3088 650 3128 vett.
668 3097 716 3128 au·
750 3098 797 3146 pfl
830 3101 888 3156 116,
907 3030 1270 3166 ,pvgfggpppumgm

194 3143 302 3194 ctoritas
317 3151 412 3193 tuetur.
441 3147 474 3193 Et
488 3144 515 3193 in
530 3145 596 3196 hanc
610 3157 716 3195 senten·
750 3134 813 3216 ,4¹oess
861 3161 923 3217 m„
944 3163 1084 3230 ,swam
1102 3165 1189 3235 φόβω
1231 3160 1269 3219 οὐ,

193 3210 256 3262 tiam
280 3209 417 3260 discessere
438 3210 570 3274 Davisius,
597 3213 715 3274 Lallem.,
750 3246 802 3285 w„
820 3183 934 3299 εἴλογον
956 3218 1085 3287 guma,
1110 3220 1177 3304 ,pop
1194 3204 1269 3302 ὸήσε,

194 3268 346 3356 Eraestius,
356 3277 479 3356 'Wolfius
514 3282 570 3358 Ego
590 3297 650 3330 vero
673 3280 716 3330 lo·
750 3301 820 3353 ,pm
833 3296 884 3366 μὲν
896 3299 948 3367 γὰρ
961 3299 1012 3357 τὸν
1025 3298 1117 3370 σοφὰ,
1130 3253 1269 3370 offiium,

195 3363 251 3397 enm
272 3362 429 3395 sanissimum
446 3362 500 3395 esse
517 3347 642 3409 arbitror,
669 3364 716 3398 neo
749 3364 995 3439 εὐλαβηθήσεσθαι
1010 3367 1049 3421 δέ,

194 3412 331 3481 quicquam
349 3413 407 3463 loco
429 3414 591 3464 movendum.
626 3416 716 3482 Neque

193 3498 255 3531 vero
271 3480 408 3548 perspicio,
427 3479 541 3531 Bentleii
556 3481 718 3533 correctione

194 3549 329 3600 verboram
348 3548 464 3600 ordinem
482 3549 515 3599 ad
538 3549 718 3616 grammaticae

194 3615 306 3666 rationis
332 3634 446 3666 nonnam
474 3634 529 3666 esse
563 3628 717 3668 revocatum.

195 3684 263 3731 Nam
279 3683 412 3761 apodosis,
440 3701 515 3751 qnam
529 3684 579 3736 sibi
597 3686 664 3736 visus
680 3696 720 3736 est

195 3747 354 3810 restituisse,
383 3750 452 3800 nulla
478 3762 531 3802 est:
558 3763 627 3803 certe
652 3752 720 3820 apud

196 3815 362 3879 Ciceronem,
390 3828 512 3884 quantum
534 3819 627 3883 sciam,
654 3839 719 3873 nus·

195 3900 273 3950 quam
288 3882 382 3949 legitur
397 3882 556 3951 propositio,
574 3887 624 3938 hoc
641 3889 718 3939 modo

195 3950 372 4001 conformata:
399 3953 528 4014 Quoniam
543 3982 577 3994 -
595 3955 719 4007 deelina-

195 4035 271 4068 mus:
297 4037 364 4086 quae
379 4018 524 4069 declinatio
541 4041 599 4075 cum
615 4025 720 4074 ratione
802 4016 932 4079 ea,·qua)
950 4010 1166 4063 V·Ad¹¹⁰t²l²i¹¹
1181 4013 1265 4070 ΨΜ
1308 4024 1310 4053 ⁵

189 4087 260 4153 stet,
278 4087 366 4137 cautio
379 4087 542 4154 appelletur,
560 4107 607 4157 pro
624 4110 656 4141 ea
670 4092 719 4141 de·
804 4096 985 4161 constantiae)
1003 4112 1065 4163 qaas
1082 4095 1167 4147 Stoici
1184 4092 1265 4163 appel·
1308 4078 1310 4101 ¹

195 4154 323 4214 elisatio,
356 4172 424 4223 quae
452 4174 509 4205 cuns
534 4158 639 4209 ratione
656 4160 719 4225 fiet.
752 4159 841 4211 labant
875 4160 1036 4225 εὐπαθείας.
1084 4163 1161 4232 Diog.
1189 4164 1263 4213 Lusit
1306 4206 1309 4221 .

188 4221 334 4274 Verborum
356 4221 461 4293 quidem
488 4224 597 4291 seriem,
622 4236 722 4281 retenta
753 4228 818 4293 tlt,
835 4232 894 4289 m.

804 3454 842 3508 14.
861 3450 1159 3520 stulti—afficiuntur]
1177 3457 1207 3505 In
1220 3451 1270 3503 sin-

752 3517 835 3586 gulari
850 3519 927 3569 stulti
935 3519 1002 3570 latet
1011 3519 1133 3587 pluralis:
1153 3521 1221 3573 unde
1234 3521 1270 3570 sa-

752 3596 822 3637 ctum
840 3597 894 3647 est,
912 3597 941 3636 ut
958 3587 1048 3638 Cicero
1064 3606 1079 3638 a
1096 3606 1206 3640 numero
1220 3587 1269 3638 sin-

752 3652 835 3722 gulari
859 3653 979 3705 transiret
1003 3655 1036 3706 od
1058 3655 1188 3724 pluralem
1207 3653 1270 3724 affi-

753 3723 867 3772 ciuntur.
902 3721 945 3772 Sic
968 3723 1001 3774 N.
1025 3725 1057 3774 D.
1080 3726 1107 3785 l,
1131 3730 1177 3784 38.
1219 3724 1270 3774 tloc

753 3789 820 3838 idem
838 3789 893 3839 fieri
910 3789 937 3839 in
958 3791 1021 3840 ileo:
1038 3820 1072 3830 —
1100 3808 1134 3842 ex
1171 3809 1204 3843 uo
1222 3805 1269 3840 esse
1308 3794 1310 3833 :

754 3856 823 3907 beati
850 3868 927 3925 atque
953 3857 1050 3911 aeterni
1076 3859 1268 3932 intelligantur·
1308 3846 1310 3861 Ι

752 3927 783 3977 V.
800 3925 883 3975 Bremi
901 3925 933 3975 ad
944 3926 1005 3977 uin.
1022 3928 1062 3991 11,
1078 3933 1103 3985 7.
1121 3946 1149 3997 p.
1168 3932 1224 3987 137.
