2640 4626
559 199 685 252 LIBER
701 201 721 251 1.
737 203 779 260 37.
801 233 806 241 -
1143 192 1205 260 119

132 315 178 389 de
200 312 506 417 qlroprii·moutales
523 316 625 389 animi
641 334 727 406 suut,
754 317 906 392 dubitare
925 347 993 391 non
1014 345 1204 418 possumus,
1281 410 1284 415 .

132 417 218 518 quin
239 432 350 490 tamus
366 416 526 491 interitus-
538 419 574 492 in
596 437 703 493 morte
719 420 778 508 sit,
801 438 839 492 ut
856 450 898 494 ne
914 421 1050 493 minima
1067 422 1202 520 quidem

130 520 282 620 suspicio
300 546 417 593 sennis
433 520 653 620 relinquatnn:
680 523 745 595 hoc
760 522 863 620 igitur
881 525 988 624 probe
1007 524 1152 598 stabilito
1170 542 1202 598 et

128 622 219 710 fixo,
244 622 583 696 illndrexcutiendum
606 643 672 712 est,
697 642 735 697 ut
749 625 889 715 sciatur,
916 626 997 726 qnitl
1013 626 1056 698 eit
1072 656 1200 733 quere,

127 754 174 800 ne
199 724 403 825 relinquatur
425 725 552 825 aliquid
576 728 698 800 erroris
723 728 758 800 in
785 730 896 801 verbo.
949 732 1076 801 Carere
1098 730 1200 826 igitur

129 829 198 901 hoc
219 827 400 925 signifieat,
427 857 522 926 egere
554 858 612 917 eo,
636 828 728 929 quod
745 831 869 905 habere
886 829 974 903 velis.
1007 831 1093 903 inest
1111 833 1198 905 enim

126 929 213 1004 velle
230 931 266 1003 in
282 931 442 1004 carendo:
466 931 535 1004 nisi
551 960 653 1032 quum
670 933 735 1033 sie,
760 950 927 1033 tamquam
942 934 978 1005 in
992 933 1089 1021 febri,
1115 935 1199 1007 dici-

127 1051 201 1121 tur;
233 1033 297 1108 alia
320 1034 463 1134 quadam
484 1033 620 1108 notione
634 1035 735 1108 verbi.
762 1035 987 1108 diciturenim
1008 1036 1074 1109 alio
1094 1037 1196 1110 modo

128 1136 229 1208 etiam
256 1164 384 1222 carere,
410 1164 512 1235 quum
531 1136 657 1237 aliquid
678 1166 748 1213 uon
761 1137 911 1225 babeas,
938 1155 969 1211 et
987 1168 1056 1211 non
1074 1138 1197 1213 habere

126 1255 160 1310 te
176 1237 309 1326 sentias,
326 1239 454 1312 etiamsi
464 1238 499 1310 id
512 1238 611 1339 facile
625 1239 760 1339 patiare.
787 1244 926 1313 carere4
938 1241 979 1340 ,in
994 1240 1111 1313 malo⁵
1128 1271 1196 1314 non

125 1340 269 1430 dicitru3
301 1369 362 1414 nec
388 1340 476 1413 enim
504 1358 589 1415 esset
610 1341 808 1415 dolendum:
835 1342 1080 1431 diciturillud,
1104 1346 1210 1419 bono

125 1471 250 1529 carere,
275 1442 367 1543 quod
383 1461 433 1517 est
445 1443 576 1517 malum.
627 1445 695 1517 Sed
712 1473 753 1517 ne
767 1445 860 1517 vivus
879 1444 1014 1544 quidem
1033 1445 1124 1518 bono
1143 1475 1196 1519 ca-

124 1562 195 1632 ret,
220 1545 250 1617 si
266 1573 305 1617 eo
322 1573 390 1617 non
410 1545 544 1644 indiget.
570 1547 631 1621 sed
651 1547 777 1619 inviro
799 1547 937 1644 intelligi
951 1563 1061 1642 tamen
1076 1565 1196 1647 potest,

124 1676 232 1745 regno
257 1652 318 1720 te⁶
349 1675 478 1722 carere:
504 1646 572 1722 diei
592 1665 700 1731 autem
723 1649 788 1722 hoc
810 1650 846 1722 in
872 1667 904 1722 te
925 1649 1004 1722 satis
1030 1650 1195 1723 subtiliter

123 1779 197 1823 non
228 1766 354 1850 potest;
386 1760 528 1851 posset⁷
559 1752 594 1823 in
616 1754 684 1827 Tar
730 1751 819 1839 inio,
855 1779 1082 1851 quumregno
1109 1769 1195 1826 esset

123 1851 302 1952 expulsus:
329 1869 362 1925 at
374 1853 410 1926 in
420 1871 551 1926 mortuo
571 1882 613 1927 ne
630 1781 769 1952 infflgi
785 1854 919 1954 quidem
931 1859 959 1926 ⁸.
977 1882 1088 1927 carere
1107 1855 1194 1927 enim

123 1955 299 2029 sentientis
324 1973 390 2030 est:
416 1984 478 2030 nec
501 1985 625 2031 seusus.
639 1957 674 2029 in
690 1974 841 2029 mortno:
867 1985 1038 2029 necarere
1059 1956 1195 2056 quidem

122 2057 231 2156 igitur
253 2058 289 2129 in
309 2075 440 2131 mortuo
472 2075 529 2131 est.
578 2032 753 2132 xxivlt.
787 2065 845 2138 89.
879 2058 1090 2158 Quamquam
1112 2058 1194 2158 quid

122 2188 213 2260 opus
231 2176 280 2233 est
297 2160 333 2232 in
346 2161 411 2234 ltoc
427 2160 675 2262 philosophari,
700 2190 802 2260 quum
817 2189 887 2234 rem
904 2190 974 2233 non
992 2189 1195 2260 magnopere

120 2262 341 2364 philosophia
356 2291 450 2361 egere
470 2264 662 2335 videamus?
714 2262 856 2359 Quoties
872 2292 941 2335 non
959 2264 1061 2337 modo
1078 2264 1194 2336 ‹lucto-

120 2393 178 2439 res
201 2363 335 2452 nostri,
352 2367 412 2439 sed
432 2366 576 2439 universi
606 2364 703 2438 etiam
728 2365 888 2438 exercitus
912 2365 956 2437 ad
970 2393 1039 2436 non
1057 2365 1211 2437 dubiam.

119 2484 269 2542 mortem·
281 2471 539 2541 concurrerunt?
564 2496 647 2568 quae
672 2468 807 2567 quidem
826 2467 855 2540 si
868 2466 1049 2554 timeretur,
1073 2494 1142 2538 non
1157 2469 1193 2539 L.

98 2672 103 2682 ,
190 2636 266 2695 4Sic
283 2637 308 2687 b.
326 2639 372 2688 stt.
388 2665 422 2676 -
437 2640 496 2688 Em.
522 2655 545 2688 c.
566 2632 615 2688 Bc.
632 2656 725 2688 carere
741 2634 819 2688 eriim.
862 2637 929 2694 Π.
947 2635 1012 2686 Adn.
1046 2635 1121 2693 68ic
1146 2634 1192 2684 Ed,

119 2717 173 2757 vet.
190 2705 270 2756 Bouh.
287 2715 313 2754 et
330 2707 362 2755 D.
387 2723 400 2754 e
417 2706 509 2773 plurib.
534 2706 615 2757 Codd.
632 2736 665 2744 -
683 2708 742 2757 Ern.
768 2723 791 2757 c.
814 2703 882 2770 vulg.
899 2716 926 2755 te
938 2703 1013 2753 'omis
1050 2704 1143 2762 7Ern.
1160 2701 1193 2750 de

118 2773 191 2825 coni.
204 2773 343 2843 potuisset.
358 2773 434 2823 Male.
468 2778 486 2843 8
508 2774 550 2823 Sic
566 2773 597 2823 D.
615 2792 629 2824 e
646 2773 726 2824 Codd.
743 2802 776 2811 -—
794 2774 851 2822 Em.
878 2789 899 2822 o.
924 2771 988 2820 Edd.
1006 2780 1068 2823 vett.
1087 2770 1193 2838 quidem

115 2853 216 2912 potest.
250 2843 281 2892 V.
299 2841 421 2891 Goerenz.
439 2839 472 2891 ad
488 2840 543 2890 Fin.
560 2843 580 2891 L
599 2844 639 2905 18,
659 2847 701 2900 58.
719 2840 752 2892 ad
768 2839 846 2891 bord.
864 2840 895 2889 Π.
912 2843 954 2898 32,
971 2856 997 2906 p.
1017 2844 1073 2899 185.
1097 2873 1101 2878 1

119 2940 272 3002 interiecta,
310 2941 344 2990 de
370 2958 419 3009 quo
443 2939 565 2991 dubitare
591 2959 643 2992 non
674 2924 752 2992 tioriis
780 2939 944 3002 interiectae,
975 2953 1046 2991 recte
1069 2937 1106 2989 s'ic
1129 2953 1192 3004 per—

116 3026 269 3080 possumus.
317 3009 478 3059 Constructio
505 3009 643 3075 igiturest
675 3008 884 3076 gerapotucrit:
912 3007 995 3071 „Sed,
1023 3008 1045 3058 si
1063 3004 1192 3074 propriam

119 3076 234 3144 quodam
267 3075 344 3126 modo
372 3075 575 3137 ἀνακόλουθος.
609 3105 642 3115 -
674 3076 744 3126 verbi
767 3075 899 3126 notionem
922 3085 1079 3142 spectamus,
1106 3088 1192 3124 carere

121 3145 282 3213 Hoc'igitur
293 3141 374 3212 probe
385 3143 505 3194 stabilito
521 3161 557 3194 sc.
570 3158 642 3195 mor·
673 3144 702 3194 in
717 3142 784 3193 malo
801 3143 853 3193 dici
860 3160 911 3192 non
919 3148 1034 3211 potest.“
1049 3141 1101 3191 Alii
1110 3138 1191 3189 Codd.

119 3223 182 3262 tuos
207 3211 305 3260 nullum
326 3229 425 3260 sensum
448 3211 551 3262 habere.
602 3213 642 3261 De
675 3210 779 3262 etEdd.
800 3212 896 3279 proin
911 3211 980 3260 malo
1000 3210 1148 3279 praeferunt
1162 3207 1190 3255 in

119 3278 246 3347 particula
260 3280 346 3348 igitur
360 3296 384 3329 v.
398 3281 514 3334 Goerenr
537 3278 569 3330 ed
585 3280 641 3330 Fin.
675 3291 780 3338 morte:¹
796 3278 865 3394 quod
885 3279 1010 3340 Orellius,
1037 3277 1080 3343 qui
1104 3285 1189 3324 tamen

119 3350 165 3397 ῙΠ·
183 3354 215 3406 5,
235 3350 275 3404 17·
296 3364 322 3414 p·
338 3349 397 3404 331·
676 3346 780 3397 alterius
813 3345 920 3396 ectionis
939 3344 1109 3411 patrocinium
1132 3358 1190 3389 sus-

172 3426 219 3464 tan
237 3415 335 3464 uamin
338 3412 428 3482 febri)
437 3412 471 3464 ed
486 3413 559 3464 Dirv.
569 3414 641 3466 XVI.
676 3413 760 3481 cepit,
783 3413 819 3462 sic
837 3411 968 3479 explanari
990 3427 1066 3480 posse
1088 3415 1188 3459 censet:

120 3487 162 3540 15.
188 3431 254 3531 Mllu
277 3481 405 3532 nuntiarit
425 3490 453 3531 te
477 3479 553 3548 plane
576 3481 643 3531 febri
675 3482 776 3542 „Nemo
792 3480 868 3530 facile
889 3478 983 3528 dixerit
1005 3488 1087 3526 morte
1103 3490 1189 3535 careo,

118 3565 218 3599 carcre.
234 3548 267 3598 de
279 3549 334 3599 rin.
343 3551 362 3611 1,
381 3553 527 3607 11.-c'arcre
543 3548 641 3599 dolore.
675 3565 707 3598 eo
722 3547 778 3616 ipso
795 3546 917 3611 sensu(?)
932 3545 1074 3614 quominus
1087 3540 1190 3610 proprie

118 3617 191 3667 Infra
207 3618 251 3666 111.
278 3620 317 3679 18,
332 3619 375 3676 40.
393 3617 460 3668 malo
478 3633 572 3667 carere.
599 3616 641 3666 Sic
673 3615 801 3666 interdum
837 3613 955 3664 dicimus:
991 3609 1068 3681 febri
1094 3627 1189 3666 careo‚·

119 3700 209 3736 carere
224 3685 327 3748 morbis,
340 3685 491 3752 suspicione,
506 3683 639 3734 malisetc.
673 3683 767 3751 quippe
790 3699 865 3750 quum
884 3699 953 3732 mors
976 3699 1009 3730 ne
1033 3696 1064 3729 co
1088 3676 1189 3745 quidem

171 3769 265 3801 carere
293 3753 323 3802 in
352 3752 421 3803 malo
453 3768 506 3802 non
531 3751 640 3818 dieitur]
673 3768 747 3801 sensu
761 3751 801 3817 (l)¹
821 3749 915 3815 malum
935 3749 982 3809 sit,
1007 3764 1089 3814 neque
1111 3746 1190 3812 igitur

118 3823 192 3871 Haec
207 3820 284 3869 verba
298 3837 359 3871 sane
396 3838 454 3871 uam
474 3821 538 3872 mira
557 3819 639 3870 rideri
672 3819 825 3882 dolendum,
850 3827 934 3868 morte
955 3833 1008 3866 non
1032 3831 1135 3876 carere,
1160 3821 1189 3863 ut

118 3888 231 3947 debent,
249 3903 326 3954 quum
341 3836 428 3955 patillo
442 3871 512 3938 'ante
523 3889 638 3954 legatur:
671 3886 735 3937 febri
752 3903 804 3936 non
825 3890 941 3936 carerc.“

121 3956 189 4018 „uici
212 3972 289 4022 quum
304 3956 354 4018 sic,
378 3964 500 4024 tanquam
516 3955 543 4006 in
565 3955 638 4014 febri,
721 3954 775 4004 Sed
782 3973 816 4003 ne
827 3953 913 4019 virus)
929 3954 991 4002 Mox
1006 3948 1113 4001 recurrit
1126 3948 1175 3998 sed
1181 3968 1188 3996 .·

120 4023 225 4083 dicitur,
242 4024 292 4072 alia
307 4022 527 4089 quadamuotione
541 4023 639 4073 verbi.“
671 4022 820 4090 quodmale
842 4040 890 4072 nos
910 4020 1005 4079 habere
1028 4035 1081 4068 non
1102 4017 1187 4066 debet.
1265 4087 1269 4093 Ι

119 4091 172 4141 Sed
186 4091 250 4140 haec
264 4090 342 4139 verba
355 4091 639 4157 quasirroptqbevturic
671 4091 714 4140 Sic
728 4091 852 4156 repetitur
866 4090 899 4138 de
907 4090 963 4138 Fin.
978 4089 1010 4137 V.
1026 4090 1069 4145 29,
1086 4089 1128 4142 89.
1145 4081 1189 4131 ubi

120 4160 217 4209 inserta
231 4158 352 4207 sumenda
364 4168 431 4219 sunt,
446 4158 484 4208 ita
496 4168 525 4208 ut
540 4159 638 4218 Cicero,
672 4160 789 4207 Goerenz
813 4176 839 4224 p.
862 4158 920 4215 645.
946 4172 1029 4226 comp.
1056 4153 1089 4202 de
1112 4149 1187 4200 offic.

121 4227 193 4278 nulla
209 4225 296 4276 habita
310 4226 409 4276 rationo
430 4224 504 4277 liuius
516 4225 640 4276 enuncia-
672 4227 693 4274 1.
712 4229 762 4289 18,
778 4228 820 4284 60.
