2640 4626
183 212 226 283 82
431 218 714 272 Tuscunsrtsnum
730 217 1014 273 ntsrurarmtwst
1072 236 1077 241 ·

185 356 342 441 totosque
366 363 430 411 nos
453 336 490 411 iu
519 334 784 436 contemplandis
818 335 921 409 rebus
944 335 1271 438 perspiciendisque

186 467 369 546 ponentus3
388 466 452 541 pro
478 454 568 513 terea
591 437 684 538 quod
707 455 740 512 et
760 453 880 511 natura
898 438 985 513 inest
1012 438 1075 511 in⁹
1096 439 1271 513 mentibus

186 544 311 619 nostris
334 466 532 616 insatiahilis
557 540 720 640 quaedam
746 540 913 641 cupiditas
935 542 1002 614 veri
1026 540 1157 615 visendi
1171 551 1211 631 ’ς
1237 558 1272 617 ct

187 675 264 722 orae
286 647 379 746 ipsae
401 644 550 719 locorum
568 643 718 732 illorum,
744 670 811 743 quo
830 643 1096 743 pervenerimus,
1122 672 1193 744 quo
1218 644 1271 719 fa-

190 749 343 823 ciliorem
359 745 460 821 nobis
480 746 706 844 cognitionem
730 772 842 818 rerum
866 745 1079 834 coelestium,
1104 773 1145 821 eo
1161 747 1272 821 maio·

189 880 259 927 rem
285 849 511 948 cognoscendi
542 848 757 949 cupiditatem
789 847 925 921 dabunt.
975 853 1034 927 45.
1047 849 1150 935 ,llaec
1177 849 1269 924 enirn

186 952 401 1055 pulchritudo
433 950 531 1025 etiam
552 951 588 1024 iu
613 951 710 1023 terris
733 953 938 1049 ριιὶνὶίαιη2
966 949 1058 1023 illam
1075 967 1108 1023 rt
1130 954 1271 1025 auitam

187 1065 240 1152 (ut
257 1056 303 1128 ait
317 1055 584 1155 Theophrastus)
610 1051 879 1155 philosophiam,
905 1052 1107 1150 cognitionis
1133 1054 1272 1155 cupidi·

187 1159 290 1232 ditate
314 1157 483 1231 iucensam
496 1161 526 1244 ⁸,
552 1155 711 1229 excitavit.
744 1155 925 1257 praecipue
949 1182 1026 1227 vero
1049 1155 1203 1229 fruentur
1220 1184 1272 1246 ea,

187 1261 336 1362 quitum
362 1260 479 1346 etiam,
505 1285 606 1357 quum
630 1259 692 1332 has
715 1272 821 1331 terras
847 1256 1046 1345 incolentes,
1072 1256 1271 1333 circumfusi

188 1378 282 1437 erant
310 1361 467 1459 caligine,
510 1377 621 1434 tamen
647 1361 717 1434 acie
746 1358 866 1433 mentis
891 1358 1055 1458 dispicere
1079 1360 1270 1460 cupiebant

188 1469 264 1537 XX.
290 1464 421 1538 Etenim
443 1463 472 1536 si
490 1491 580 1535 nune
604 1461 731 1563 aliquid
749 1461 881 1562 assequi
897 1489 932 1536 se
948 1478 1082 1562 putant,
1108 1463 1168 1562 qui
1187 1465 1273 1538 osti-

253 1637 271 1692 9
286 1632 406 1684 sicleb.
423 1633 519 1682 LD.-
534 1633 593 1683 Era.
609 1648 631 1682 c.
641 1631 709 1698 vulg.
725 1630 809 1681 omisit
823 1631 861 1681 in.
896 1630 929 1682 V.
947 1630 1088 1683 Gernlmrd.
1106 1631 1138 1683 ad
1154 1631 1213 1684 Cat.
1232 1633 1270 1685 Μ.

188 1703 219 1752 ll.
235 1721 261 1770 p.
273 1704 312 1759 11.
347 1705 362 1758 1
380 1699 682 1766 Sicll.01x.etplnres
698 1699 762 1749 Edd.
779 1708 884 1749 vett—
895 1698 921 1749 b.
938 1700 1066 1750 mCVML.
1082 1701 1114 1749 D.
1123 1699 1192 1750 Lall.
1208 1702 1270 1752 Em.

187 1768 314 1821 videndi:
339 1768 464 1834 probante
487 1769 611 1817 Goerenz.
633 1766 666 1817 ad
681 1766 736 1818 ltin.
757 1768 786 1817 ll.
805 1768 844 1825 14.
869 1785 897 1834 p.
915 1770 972 1824 193.
1006 1766 1084 1825 2Sio
1102 1768 1147 1818 W.
1167 1785 1192 1819 c.
1208 1769 1271 1819 Ml.

188 1835 349 1886 eNoui0.-·-
362 1837 405 1884 Or.
415 1834 546 1885 revocavit
563 1834 631 1901 vulg.
667 1835 774 1895 acriam,
792 1834 897 1884 alteram
913 1833 1050 1884 lectionem
1063 1833 1123 1884 ideo
1139 1835 1271 1899 reiiciens,

188 1902 257 1970 quod
273 1902 426 1967 adiungitur,
444 1913 473 1951 ut
489 1903 530 1952 ait
547 1901 611 1951 Thes
632 1968 638 1982 .
655 1915 761 1959 rustum
777 1901 871 1951 latinus
888 1901 999 1968 scriptor
1014 1902 1035 1951 si
1052 1900 1209 1965 landaretur,
1228 1903 1271 1954 l‘e*

189 1969 292 2021 rendam
309 1969 372 2019 lore.
406 1970 500 2028 llcctc;
518 1986 565 2018 nec
578 1969 612 2019 ah
630 1986 639 2019 ι
653 1988 693 2038 ap.
708 1970 760 2019 Cic.
777 1969 872 2036 legitur
881 1986 930 2020 vox
937 1970 1064 2037 patritus,
1082 1979 1108 2018 et
1123 1969 1150 2021 in
1164 1972 1241 2022 Verr.
1251 1974 1270 2022 1.

190 2056 212 2087 c.
231 2043 257 2095 2.
275 2036 427 2106 respectio
444 2049 470 2086 et
487 2037 562 2088 avita
579 2035 617 2088 dr.
651 2041 669 2096 3
685 2037 768 2088 Neido
786 2036 852 2087 coni.
876 2037 1015 2101 incensus,
1032 2037 1105 2105 prob.
1123 2037 1226 2089 Wolfio
1244 2038 1272 2089 in

189 2104 269 2161 Praeh
287 2108 321 2153 At
337 2122 361 2154 v.
379 2104 444 2154 Adn.

189 2204 260 2255 rocio
280 2204 330 2253 vim
352 2203 481 2271 propriant
503 2203 615 2255 illustrat
628 2204 708 2267 loom,
744 2202 890 2272 stippeditat
924 2203 1076 2255 Ramshorn.
1117 2206 1181 2256 Lac.
1219 2208 1270 2258 Gr.

190 2271 312 2340 quiinfra
327 2273 365 2332 V,
389 2276 414 2329 3.
434 2271 537 2350 legitur.
573 2273 611 2323 ef.
626 2273 710 2323 Bromi
745 2274 840 2341 §·159·
867 2291 893 2341 p.
910 2274 975 2330 354:
1003 2289 1059 2323 cum
1081 2289 1133 2340 quo
1159 2291 1272 2343 compa·

190 2339 223 2389 ad
240 2338 316 2388 Corn.
326 2338 393 2405 Nep.
411 2339 492 2389 Alcrb.
508 2340 551 2401 Vt,
569 2343 594 2397 1.
612 2344 708 2408 p·113.
744 2338 837 2389 roudus
859 2347 898 2389 est
911 2340 1026 2405 Krnegcr
1046 2339 1085 2389 iu:
1106 2342 1271 2392 Untersuch.

191 2407 238 2456 Uti
250 2406 277 2456 in
302 2405 369 2455 huuc
403 2423 459 2456 uem
474 2415 608 2457 tractatum
625 2408 710 2458 loctun
744 2405 807 2457 iiber
829 2407 856 2457 d.
873 2407 921 2457 Iac.
934 2408 995 2476 Spr.
1012 2409 1054 2457 111.
1072 2408 1143 2458 nest.
1163 2426 1191 2476 p.
1208 2415 1270 2468 127.

190 2473 294 2527 terbum
303 2423 410 2524 visendi
418 2474 514 2541 optimc
528 2475 630 2525 videtur
644 2493 710 2544 qua·
744 2492 781 2542 sq.
793 2501 825 2514 -
843 2477 920 2525 Haec
930 2475 1105 2545 pulchritudo
1117 2476 1155 2527 ita
1170 2477 1272 2529 haum

191 2541 280 2600 drare3
297 2541 335 2590 ita
352 2540 513 2591 vehementer
528 2542 659 2605 addubito,
677 2559 710 2592 an
745 2551 791 2602 est,
809 2559 839 2591 ac
854 2542 876 2591 si
891 2542 940 2592 iam
955 2541 983 2592 in
998 2542 1168 2593 antecedente
1184 2544 1271 2596 enunss

190 2608 258 2659 idem
274 2608 405 2677 „cupidus
424 2609 483 2659 neri
508 2610 633 2660 attende*
651 2628 666 2658 a
685 2620 711 2659 te
744 2608 854 2659 cintione
872 2609 904 2660 de
919 2604 1108 2677 pulchritudine
1123 2627 1208 2662 sermo
1225 2629 1272 2662 es-

191 2685 219 2726 ct
236 2675 300 2724 elin
320 2693 366 2725 rrae
381 2675 475 2726 latinae
491 2627 710 2727 indolanollio
744 2685 796 2734 sct3
815 2694 862 2726 nec
878 2686 963 2726 tamen
980 2678 1115 2745 quicquum
1137 2679 1210 2730 aliud
1226 2679 1271 2729 di-

191 2759 239 2811 pro
268 2694 335 2809 vulg.
365 2743 477 2794 ridendi
505 2744 645 2810 repositum
668 2743 709 2793 sit.
745 2754 813 2794 ctum
828 2753 874 2805 est,
891 2743 940 2794 nisi
956 2762 1043 2796 caussa
1060 2745 1270 2813 pulchritudinis.

191 2811 272 2863 ilecto
290 2810 390 2877 quidem
411 2811 505 2861 dicitur
518 2813 623 2870 visere,
647 2810 712 2879 quid
744 2810 787 2861 stc
803 2812 906 2862 Terent.
924 2812 1002 2863 Andr.
1021 2815 1040 2862 1.
1057 2819 1080 2875 1,
1095 2819 1137 2872 72.
1174 2818 1272 2866 Omnes

192 2878 350 2934 verumsit;
370 2877 598 2939 sedvixcrcdam,
615 2895 711 2944 apro·
744 2878 850 2928 laudare
872 2880 987 2930 fomanus
1002 2896 1077 2931 meas.
1112 2883 1176 2932 Iiac
1184 2880 1272 2951 fanto

192 2944 231 2994 bio
249 2944 413 3011 scriptoribus
436 2945 533 2995 dictum
554 2962 609 2995 esse
623 2946 712 2996 evicere
744 2946 866 3013 impulsus
884 2945 1001 2997 Chremes
1018 2948 1085 2998 ultro
1107 2947 1142 2999 ad
1162 2967 1205 3001 me
1220 2968 1271 3003 ve·

192 3030 290 3062 verrem.
743 3015 783 3063 nit
800 3013 835 3080 (h.
853 3031 876 3063 e.
894 3012 968 3065 huius
983 3015 1020 3064 rei
1039 3016 1125 3082 fama).

243 3080 284 3136 45.
303 3081 380 3130 Haec
392 3079 463 3129 enim
495 3079 658 3147 ulchritudo)
676 3082 710 3130 H.
803 3078 1108 3148 intritam-excitllvit)
1116 3085 1271 3137 Sententia:

193 3163 216 3196 e.
230 3146 318 3196 harum
333 3163 417 3197 rerum
432 3097 578 3197 caelestium
593 3147 711 3215 pulchri·
744 3099 896 3198 caelestium
925 3166 1010 3200 rernm
1042 3149 1209 3217 pulchritudo
1243 3154 1272 3204 in

193 3214 265 3265 tudo.
299 3216 345 3265 Est
364 3214 431 3264 cuim
454 3213 558 3280 elegans
577 3214 711 3281 pronoml-
744 3232 833 3265 caussa
848 3215 912 3277 luit,
938 3227 967 3267 ut
981 3217 1106 3279 maiores,
1132 3219 1271 3285 cognitio-

192 3298 252 3330 num
268 3298 342 3343 usus,
361 3289 390 3329 ut
401 3291 523 3348 sequente
543 3282 710 3346 substantivo,
744 3281 783 3332 nis
800 3282 940 3350 cupiditate
957 3284 1071 3346 accensi,
1089 3285 1202 3336 animum
1218 3305 1236 3338 a

192 3365 302 3415 quocum
321 3348 457 3399 coniuncta
475 3358 549 3410 sont,
575 3349 645 3417 qunsi
668 3358 711 3399 at·
743 3347 909 3417 plicarentad
917 3351 1155 3419 philosophiam-
1173 3307 1271 3406 Pnnhh

192 3426 275 3465 tracta
289 3417 316 3465 in
330 3432 360 3465 co
376 3433 449 3479 casu,
474 3433 549 3484 quem
564 3416 633 3466 istud
648 3417 711 3466 sub-
743 3416 862 3468 audacius
877 3418 972 3469 dictum
984 3419 1160 3490 philosophia
1168 3425 1270 3494 cogni-

193 3483 330 3532 stantivnm
353 3481 445 3544 habet,
476 3493 611 3551 ponantur.
652 3484 709 3547 Vol,
742 3485 826 3535 tionis
840 3486 1115 3555 cupidr'eateoccensa
1127 3505 1193 3555 pro:
1210 3491 1269 3560 ph,

193 3559 222 3599 ut
235 3549 327 3600 clarius
342 3566 395 3599 rem
410 3567 543 3617 exponam,
560 3552 710 3618 pronomina
743 3570 811 3621 quae
834 3566 894 3604 orta
919 3565 959 3604 est
981 3574 995 3605 e
1018 3572 1075 3625 cog.
1107 3557 1268 3625 cupiditate,

194 3626 221 3666 et
243 3615 440 3668 demonstrativa
465 3628 491 3668 et
508 3618 613 3669 relativa
634 3636 709 3686 saepe
742 3637 790 3672 nec
806 3631 891 3672 tamen
904 3621 956 3685 ita,
974 3633 1003 3672 ut
1022 3623 1102 3673 lectio
1118 3623 1269 3676 sollicitan-

193 3682 230 3732 itn
248 3700 275 3732 sc
289 3682 322 3732 ad
336 3684 467 3751 sequentia
488 3674 643 3737 substantiva
660 3705 709 3755 ap·
743 3686 865 3739 deesset.

193 3748 306 3816 plicant,
324 3769 354 3801 ac
368 3753 390 3805 si
409 3752 436 3801 in
452 3753 588 3823 enunciata
602 3764 709 3804 antece·
779 3755 935 3826 dispicere)
958 3756 1038 3807 Huius
1062 3757 1134 3808 verbi
1157 3760 1212 3812 vim
1237 3777 1267 3815 ee

193 3816 272 3866 dente
286 3818 387 3869 veluno
396 3819 611 3872 uomineveltoto
626 3820 708 3871 euun-
741 3838 792 3889 qua
814 3823 881 3873 solet
901 3823 1029 3889 elegantia
1044 3825 1168 3876 enodavit
1182 3830 1267 3880 Erne-

194 3882 262 3934 ciato
271 3885 342 3935 notio
350 3886 403 3936 eius
410 3903 526 3954 expressa
533 3898 609 3951 esset,
617 3906 708 3957 quam-
741 3889 804 3939 stius
819 3890 890 3941 Glav.
907 3891 959 3941 Cic.
975 3910 996 3941 s.
1016 3909 1040 3942 v.

193 3966 268 4018 quarn
282 3963 335 4002 non
351 3970 468 4022 expressa
483 3966 529 4006 est.
564 3957 708 4006 Pronomen
792 3957 853 4008 Gar.
863 3958 927 4007 XX.
944 3956 1051 4028 aliquid
1058 3962 1168 4032 assequi
1175 3981 1264 4034 aepu-

192 4018 270 4085 igitur
284 4023 398 4087 sequenti
417 4022 575 4074 substantivo
592 4024 709 4091 applica·
741 4025 809 4092 cant)
827 4026 860 4076 Η.
882 4043 904 4075 e.
924 4043 976 4075 rem
1005 4028 1106 4080 maximi
1129 4032 1264 4083 momenti.

192 4096 247 4136 tun
261 4087 300 4137 vel
316 4090 436 4169 eooquasi
453 4100 589 4141 attractum
597 4090 709 4158 positum
741 4093 798 4142 Pari
812 4091 888 4143 modo
907 4094 998 4144 Gracci
1021 4096 1110 4148 dicunt
1130 4097 1168 4151 τί.
1195 4101 1261 4152 Plat.

191 4163 285 4235 estpro
301 4167 423 4229 genitivo.
457 4159 533 4210 Cuius
546 4156 648 4209 dicendi
660 4175 708 4238 ge·
740 4162 826 4228 Symp.
844 4178 866 4210 c.
884 4161 905 4223 l,
923 4162 949 4219 4.
968 4158 1043 4230 ὑμᾶς
1059 4181 1089 4218 ca
1105 4164 1175 4228 code
1192 4164 1263 4222 irrel-

193 4227 264 4273 ueut
282 4222 379 4294 largam
408 4225 579 4296 exemplorum
608 4240 708 4295 coprem
742 4245 810 4295 poor
831 4226 916 4311 lteri,
943 4225 988 4284 tu
1004 4230 1260 4299 cleodlceaeoulm
