2640 4626
114 217 179 290 3¹8
362 228 941 281 ruscmauanummseurarronuu

116 349 213 422 detur
222 347 310 421 enim
328 346 501 420 aderitum
517 346 648 420 venisse
666 347 824 445 quaestio.
877 352 916 421 A.
941 349 1193 449 Propemodum

113 451 150 524 id
166 450 310 551 quidem.
967 480 972 489 ·

215 557 264 627 Μ.
288 554 522 624 Verumtamen
540 551 846 625 mathematicorum
862 552 924 625 iste
943 580 1019 625 nros
1038 568 1096 638 est,
1125 581 1190 624 non

114 673 166 730 est
182 654 469 755 philosophorum.
519 655 604 729 Nam
637 671 822 752 geometrae
852 682 954 754 quum
977 652 1105 753 ahquid
1133 654 1192 727 do·-

115 786 188 832 cere
206 756 339 844 volunt,
365 755 394 829 si
418 753 502 854 quid
527 756 570 829 ad
589 784 668 849 eam
686 784 755 829 rem
773 755 916 857 pertinet
943 784 1075 844 eorum,
1104 784 1189 855 quae

116 877 191 934 ente
207 859 407 945 docuemnt‚
433 857 469 929 id
487 875 620 947 sumunt
636 886 698 959 pro
725 886 884 931 concesso
908 875 939 932 et
964 860 1128 957 probato:
1154 858 1190 932 il-

115 963 173 1036 lud
188 962 288 1034 modo
306 960 479 1061 explicant,
498 961 622 1060 dequo
641 976 714 1034 ante
734 960 818 1034 nihil
835 961 994 1060 scriptum
1013 977 1070 1033 cst.
1111 961 1189 1033 Phi-

114 1063 268 1165 losophi,
294 1090 535 1162 quamcumque
555 1091 624 1136 rem
652 1063 835 1137 habentia
852 1063 1025 1150 manibus,
1050 1063 1086 1134 in
1105 1092 1184 1150 eam,

113 1194 198 1269 quae
214 1166 429 1252 conveniunt,
455 1181 636 1262 congerunt
656 1165 785 1250 omnia,
812 1165 873 1238 etsi
891 1164 956 1238 alio
974 1164 1048 1238 loco
1072 1166 1186 1266 dispu-

113 1285 181 1343 tata
197 1285 274 1342 sunt
334 1267 437 1364 Quod
453 1267 489 1339 ui
505 1264 552 1340 ita
573 1285 668 1356 esset,
695 1296 754 1342 cur
771 1267 915 1356 Stoicus,
941 1267 970 1340 si
988 1284 1075 1340 esset
1090 1297 1185 1368 quae-

114 1372 232 1458 situm,
258 1371 380 1445 satisne
410 1369 452 1442 ad
480 1369 576 1444 beate
603 1370 778 1443 vivendum
803 1370 907 1443 virtus
926 1387 1059 1471 posset,
1087 1370 1184 1444 multa

114 1474 266 1548 diceret?
289 1473 343 1546 cni
361 1473 440 1545 satis
454 1489 540 1545 esset
553 1472 767 1573 respondere,
792 1500 828 1546 se
849 1489 924 1546 ante
943 1472 1111 1559 docuisse,
1136 1473 1183 1545 ni-

114 1576 161 1649 hil
179 1576 305 1649 bonum
328 1603 409 1660 esse,
435 1574 501 1646 nisi
520 1575 610 1675 quod
627 1574 801 1649 honestum
821 1590 926 1663 esset3
953 1575 1016 1648 hoc
1033 1575 1183 1674 probato,

112 1689 320 1779 consequens
351 1704 439 1764 esse,
465 1677 593 1751 beatam
623 1677 722 1759 uitam
749 1677 867 1752 virtute
885 1705 956 1750 esse
977 1693 1180 1752 contentam:

116 1799 148 1855 et
162 1794 235 1880 ‘quo
257 1779 359 1852 modo
380 1779 445 1850 hoc
470 1780 513 1851 sit
536 1807 740 1878 consequens
757 1777 824 1866 illi,
851 1779 900 1852 sic
918 1778 1001 1852 illud
1016 1779 1115 1867 huic,
1139 1797 1182 1868 ut,

114 1884 142 1957 si
160 1884 256 1955 beata
270 1883 334 1954 vita
354 1881 471 1954 virtute
490 1881 717 1970 contemsit,
741 1881 807 1954 nisi
827 1882 999 1956 honestum
1023 1884 1116 1982 quod
1132 1883 1181 1969 sit,

113 1984 197 2058 nihil
209 1984 298 2056 aliud
314 1984 357 2056 sit
376 1984 510 2056 bonum.
554 1991 610 2063 19.
626 1984 694 2057 Sed
710 2000 821 2056 tanuen
835 2012 902 2056 nou
921 2001 1022 2081 agunt
1036 1986 1094 2057 sic.
1107 2014 1180 2059 nam

113 2105 145 2162 et
163 2089 204 2160 de
219 2088 367 2167 honesto,
378 2103 409 2159 et
423 2087 464 2159 de
481 2087 714 2160 summobono
730 2087 907 2188 separatim
930 2086 1007 2160 libri
1030 2104 1126 2160 sunt:
1152 2103 1180 2160 et

114 2219 215 2289 quum
234 2198 272 2262 eia
289 2217 327 2262 eo
344 2187 520 2276 efficiatur,
546 2188 626 2261 satis
643 2216 795 2287 magnam
823 2189 859 2261 in
879 2189 997 2262 virtute
1022 2189 1066 2261 ad
1089 2190 1180 2262 beate

113 2292 288 2365 vivendum
314 2318 384 2364 esse
410 2291 492 2378 vim,
517 2290 623 2363 nihilo
649 2291 759 2364 minus
782 2291 846 2364 hoc
870 2307 971 2389 agunt
996 2319 1030 2364 se
1057 2293 1180 2367 aratim.

81 2414 83 2423 ’
113 2394 261 2494 propriis
283 2393 371 2465 enim
401 2409 433 2465 et
460 2380 528 2465 suis
547 2393 748 2490 argumentis
765 2410 795 2466 et
814 2319 1099 2466 admonitioniiius
1118 2411 1181 2468 tra-

111 2497 232 2569 ctanda
250 2523 397 2595 quaeque
416 2523 469 2568 res
486 2511 550 2582 est,
576 2502 665 2568 tanta
680 2496 894 2595 pracsertim·
921 2522 997 2568 cave
1014 2496 1102 2569 enim
1120 2525 1180 2597 pu-

111 2615 171 2686 tes,
197 2597 295 2671 ullam
312 2597 606 2696 inphilosophia⁹
627 2624 739 2671 vocem
755 2598 907 2670 emissam
924 2598 1107 2686 clariorem,
1134 2598 1181 2671 ul-

112 2701 218 2774 lumve
242 2728 312 2773 esse
328 2699 559 2800 philosophiae
582 2700 784 2799 promissum
809 2700 960 2788 uberius,
987 2718 1043 2772 aut
1066 2703 1181 2774 maius.

111 2806 195 2877 Nam
227 2803 307 2902 quid
338 2801 533 2901 profitetur?
570 2830 591 2876 o
618 2802 665 2874 dii
682 2802 780 2876 honi!
806 2804 1025 2902 perfecturam
1043 2831 1099 2891 se,
1127 2803 1181 2904 qui

111 2905 240 3006 legibus
258 2905 326 2978 suis
346 2904 527 3004 paruisset,
552 2921 587 2976 ut
614 2922 699 2977 esset
723 2920 836 2977 contra
857 2905 1023 2977 fortunam
1049 2933 1182 3006 semper

111 3025 273 3094 orantus,
298 3022 334 3079 ut.
350 3007 644 3107 onmia-praesidia
664 3007 799 3080 haberet
816 3007 852 3079 in
866 3035 901 3080 se
918 3008 1003 3081 hene
1017 3007 1181 3108 beateque

110 3109 252 3195 vivendi,
276 3126 314 3181 ut
330 3126 415 3181 essct
433 3136 564 3208 semper
586 3110 727 3209 denique
745 3111 868 3183 heatus.
918 3119 976 3189 20.
1003 3109 1072 3183 Sed
1090 3111 1182 3185 vide·

111 3240 168 3300 ro,
195 3212 276 3311 quid
304 3210 432 3299 efficiat.
483 3212 660 3313 Tantisper
687 3213 750 3286 hoc
766 3212 876 3312 ipsum
897 3211 1008 3310 magni
1031 3213 1182 3300 aestimo,

111 3315 203 3414 quod
222 3311 401 3414 pollicetur.
452 3314 537 3386 Nam
555 3312 682 3389 Xerxes
706 3315 840 3415 quidem
858 3314 1001 3417 refertus
1024 3316 1181 3389 omnibus

176 3472 193 3526 9
210 3470 270 3518 Ern.
289 3486 311 3519 c.
328 3468 358 3518 D.
375 3485 393 3517 α
408 3466 495 3537 phil„
513 3468 551 3519 uti
568 3467 674 3519 habetur
697 3470 723 3519 in
740 3467 802 3518 eod.
819 3467 971 3519 Schotti·et
993 3467 1078 3518 vatic.

159 3569 353 3638 181dr'eputata
367 3570 441 3634 aunt)
458 3570 488 3618 V.
498 3566 627 3618 Adnotatu
708 3574 749 3628 19.
768 3582 912 3620 uteaeet-
923 3571 1051 3635 armatus)
1067 3570 1182 3621 Subiun-

110 3636 136 3687 in
152 3638 196 3687 111.
213 3641 238 3697 9,
258 3641 299 3694 18·
430 3658 433 3664 ¹
661 3637 741 3687 ctirus
761 3637 901 3704 imperfecti
925 3636 1023 3704 positus
1044 3648 1086 3686 est
1110 3650 1140 3688 ut
1156 3639 1180 3687 iu

160 3705 209 3753 hoe·
226 3705 263 3753 sit
279 3705 447 3773 consequens)
465 3704 565 3752 Mutato
588 3711 627 3753 est
660 3705 785 3755 sententia
817 3701 993 3764 ὑποθετικῶς
1034 3706 1179 3756 enunciata.

110 3772 279 3829 constructi03
306 3773 376 3838 sequi
405 3772 471 3820 enim
502 3770 625 3820 debebat:
658 3771 770 3823 Protaais
792 3772 865 3822 euim'
878 3772 942 3822 latet
957 3772 982 3820 in
1003 3774 1181 3839 propositione

49 3861 58 3895 t
109 3839 159 3890 hoc
177 3852 246 3888 essee
260 3847 426 3908 'consequens
447 3867 479 3878 -
502 3849 626 3889 contenta
659 3839 825 3890 relativahoc
836 3839 927 3890 modo:
942 3838 1109 3907 philosophia
1117 3858 1181 3910 pro·

108 3919 192 3967 esset,
216 3908 272 3957 nisi
294 3907 429 3957 honesturn
451 3907 519 3976 qrto'd
548 3919 626 3968 essct,
659 3907 758 3969 fitetur,
773 3908 941 3975 perfecturam
955 3925 999 3967 ae,
1015 3918 1059 3968 ut,
1079 3910 1106 3960 si
1126 3908 1181 3976 quia

7 4020 10 4025 .
109 3975 182 4025 nihil
192 3976 268 4025 aliud
278 3987 347 4025 essct
362 3974 461 4024 bonum.
481 3975 567 4024 Oratio
578 3992 625 4024 au-
659 3975 756 4040 legibus
773 3993 823 4025 aurs
837 3975 973 4043 paruisset,
990 3975 1011 4026 ie
1027 3988 1099 4026 earet
1115 3993 1181 4028 con·

108 4054 160 4093 tem
174 4044 209 4093 itu
226 4044 382 4093 ocrrrl'ormata
395 4052 441 4097 est,
454 4059 483 4091 ac
493 4041 513 4090 si
523 4042 625 4091 verbum
658 4052 699 4093 tra
714 4042 842 4092 fortunam
856 4060 956 4110 semper
968 4052 1089 4094 armatus.

109 4112 180 4161 dicet
189 4112 309 4161 imertum
327 4119 401 4160 esset.
421 4111 478 4161 Hoc
492 4109 584 4159 modo:
601 4122 627 4159 et
708 4117 751 4166 20.
778 4110 831 4160 Sed
857 4111 959 4177 videro)
990 4112 1035 4162 V.'
1048 4110 1181 4165 Adnotatu

108 4179 190 4240 dicet,
207 4177 331 4249 quomodo
347 4178 395 4228 lwc
415 4179 451 4228 sit
466 4194 626 4247 consequens
658 4176 685 4228 in
699 4179 731 4237 11,
748 4180 788 4239 11,
802 4182 844 4235 26.

107 4247 152 4297 illi
166 4258 215 4297 etc.
265 4311 269 4317 ¹
709 4245 780 4298 Nom
797 4246 911 4314 Xerxes)
928 4245 1077 4298 Sententiae
1100 4246 1137 4309 ric
1153 4264 1179 4298 ae
