2640 4626
553 35 569 72 Q

539 221 715 279 cluunt
732 222 775 283 40.
978 249 983 261 ·
1132 212 1192 282 125

120 356 250 431 ventet,
281 367 381 440 quarn
401 338 643 414 Chaldaeorum
668 341 835 441 promissa
857 341 1024 415 consecuti
1044 341 1148 415 simus
1162 349 1193 431 ⁵,

120 443 257 544 spoliati
277 445 408 542 magnis
427 443 627 542 quibusdam
646 443 762 530 honis,
786 442 891 530 illusi,
918 443 1130 543 destitutique
1144 445 1194 518 vi-

81 600 83 604 .
119 548 267 620 deamur.
318 555 376 626 96.
403 545 535 642 Quodsi
558 546 778 646 exspectando
804 562 837 619 et
865 546 1087 619 desiderando
1110 574 1193 647 pen-

120 650 240 723 demus
255 648 386 737 animis,
411 649 607 736 cruciamur,
633 648 801 746 angimur:
827 674 890 748 pro
908 647 956 720 dii
974 648 1191 724 immortales!

119 780 222 851 quam
243 751 307 824 iter
326 749 439 824 illud⁶
468 750 650 824 iucundum
673 779 744 825 esse
773 751 889 839 dehet,
932 778 999 849 quo
1031 751 1192 842 confecto,

119 853 211 927 nulla
229 852 356 952 reliqua
374 880 470 940 cura,
493 851 584 926 nulla
599 852 787 926 sollicitudo
803 852 913 926 sutura
929 853 990 926 sit!
1015 924 1020 932 ,

215 955 336 1052 -Quam
358 983 411 1029 me
435 953 574 1029 delectat
595 955 832 1029 Theramenes!
859 983 958 1054 quam
976 953 1061 1029 elato
1078 955 1190 1029 animo

120 1061 190 1133 est!
215 1058 277 1132 etsi
296 1057 384 1131 enim
398 1055 525 1146 flemus,
550 1087 653 1158 quum
670 1057 820 1154 legimus,
844 1073 955 1131 tamen
970 1085 1039 1131 non
1053 1058 1191 1132 misera·

118 1161 235 1235 biliter
247 1160 298 1232 vir
313 1159 420 1233 clarus
434 1160 600 1233 emoritur.
625 1160 683 1259 qui
698 1185 819 1260 quum,
845 1160 1012 1233 coniectus
1030 1161 1066 1233 in
1082 1189 1192 1234 caree-

119 1291 193 1337 rem
207 1262 344 1360 triginta
356 1261 450 1335 iussu
467 1279 697 1367 tyrannorum,
720 1289 882 1335 venenum
899 1262 1066 1334 utsitiens
1083 1262 1192 1336 obdu-

119 1365 273 1453 xisset7,
288 1363 461 1464 reliquum
486 1364 535 1437 sic
560 1393 578 1438 e
601 1363 722 1464 poculo
746 1363 860 1451 eiecit,
884 1379 921 1434 ut
944 1363 981 1434 id
1004 1381 1191 1454 resonaret3

120 1496 191 1568 quo
209 1467 322 1540 sonitu
338 1467 480 1553 reddito,
506 1466 666 1553 arridens,
690 1469 859 1565 Propino,
886 1465 1004 1564 inquit,
1029 1463 1198 1567 hucpul-⁸

119 1569 206 1643 ebro
225 1572 367 1656 Critiae,
394 1568 453 1668 qui
464 1569 502 1641 in
519 1598 593 1642 eum
609 1569 717 1641 fuerat
728 1567 924 1641 teterrimus.
966 1567 1086 1640 Graeci
1102 1569 1191 1642 enim
1248 1644 1250 1651 A

118 1673 157 1746 in
174 1671 335 1746 conviviis
355 1670 463 1745 solent
483 1670 676 1758 nominare,
701 1671 755 1744 cui
768 1669 929 1770 poculum
946 1669 1100 1743 tradituri
1116 1671 1191 1750 sint

118 1775 219 1848 Lusit
232 1773 284 1847 vir
301 1768 452 1872 egregius
468 1789 612 1847 extremo
628 1772 758 1873 spiritu,
783 1800 886 1873 quum
901 1772 970 1845 iam
983 1773 1191 1873 praecordiis

120 1892 317 1976 conceptam
333 1891 474 1950 mortem
496 1875 694 1955 contineret:
720 1903 861 1976 vereque
879 1874 926 1963 ci,
952 1875 1005 1948 cui
1027 1903 1190 1949 venenum

119 1979 343 2080 praebiberat,
368 1995 508 2052 mortem
530 1994 580 2051 est
595 2006 668 2051 cam
686 1994 875 2075 auguratus,
900 2005 984 2076 quae
1004 1977 1097 2051 brevi
1113 2007 1193 2051 con-

121 2098 237 2156 secuta
251 2097 308 2156 est
359 2089 417 2162 97.
444 2080 530 2177 Quis
554 2080 640 2153 hanc
667 2079 770 2153 animi
789 2079 925 2154 maximi
943 2079 1140 2179 aequitatem
1154 2081 1191 2153 in

119 2186 199 2286 ipsa
214 2199 318 2258 morte
335 2182 494 2272 laudaret,
519 2183 550 2257 si
564 2199 703 2256 mortem
719 2181 842 2257 malum
856 2182 1040 2259 iudicaret?
1091 2183 1192 2257 Vadit

190 2376 207 2430 5
224 2370 270 2422 Sic'
281 2370 327 2424 W.
345 2388 367 2422 c.
383 2370 415 2422 R.
432 2370 503 2421 li.-
520 2369 604 2421 Ceteri
620 2386 717 2420 sumus.
750 2374 768 2429 6
784 2368 826 2420 Sic
833 2369 865 2420 L.
882 2368 964 2420 Gebh.
982 2369 1041 2419 Em.
1058 2397 1091 2406 -
1108 2371 1151 2420 Or.
1169 2387 1191 2422 c.

119 2441 152 2492 n.
171 2440 216 2490 Gr.
233 2441 265 2490 V.
282 2441 352 2489 Brut.
368 2438 400 2490 D.
417 2436 483 2488 lel.
509 2455 587 2506 quam
600 2438 671 2489 illud
684 2439 744 2489 iter.
784 2436 836 2487 Alii
859 2454 938 2506 quam
962 2435 1114 2505 optabiliter
1129 2437 1190 2489 iter.

119 2515 139 2567 7
157 2511 221 2565 02¹.
239 2515 266 2556 et
281 2505 365 2574 plures
381 2505 447 2556 Edd.
464 2514 527 2555 vett.
545 2504 700 2568 obbibisret,
718 2505 752 2556 de
766 2504 859 2573 glossa.
877 2506 908 2559 V·
925 2503 991 2554 Ado.

174 2623 299 2674 CenxL.
317 2621 643 2692 95.Cha1daeorumpro-
674 2624 694 2672 t.
711 2623 746 2672 Μ.
763 2623 870 2685 Brutus,
897 2619 1005 2689 Gryphii
1021 2621 1122 2673 libriin
1138 2639 1189 2691 quo

119 2690 642 2773 aissaiChaidaeommpraedictiouesdo
675 2698 805 2758 comparet
834 2688 995 2767 praebiberat
1029 2691 1191 2769 auctoritate,

118 2757 642 2880 ithtffittfttittttttdtt
673 2756 1191 2894 tttittf‘tttfffltittthtttt:

173 2899 215 2954 ᾖ.
231 2904 396 2944 venenantur
408 2892 641 2945 sitiensobduxie-
673 2891 767 2943 baereat
781 2891 852 2941 nullo
871 2891 949 2942 modo
964 2893 1072 2971 quadret
1087 2893 1115 2942 in
1131 2893 1190 2942 Cri-
1272 2923 1275 2926 -

120 2963 174 3030 τοι)
190 2964 224 3012 Η.
238 2979 262 3012 e.
275 2960 488 3012 avidehausisset.
506 2965 595 3040 Senec.
608 2961 644 3017 de¹
672 2959 750 3021 tiam,
777 2958 847 3011 cuius
871 2969 999 3009 sententis
1019 2960 1191 3041 Theramenes

118 3028 644 3167 itttttttshtthitttthtt
673 3026 1190 3163 institututionem
1209 3058 1210 3063 '

119 3178 198 3234 quem
212 3164 422 3215 medicamentum
444 3162 642 3215 immortalitatis
673 3160 774 3228 legitur
783 3161 875 3225 semel,
900 3161 969 3229 apud
986 3172 1085 3212 ceteros
1099 3180 1189 3212 aureae

120 3231 237 3284 obduxit.
673 3229 765 3280 aetatis
797 3229 934 3296 reperitur·
951 3247 1094 3297 nunquam,
1128 3229 1190 3281 setis

174 3301 304 3369 reliquum
329 3327 363 3338 -
387 3297 501 3368 pulchro
528 3299 631 3350 Critiae
671 3297 866 3348 idonescaussa
875 3305 964 3376 potest
977 3315 1045 3356 esse,
1063 3315 1109 3347 cur
1123 3297 1190 3348 hanc

118 3367 244 3435 Xenoph.
261 3368 327 3418 Hist.
350 3368 395 3417 Gr.
418 3369 450 3418 tt.
463 3371 496 3429 3,
514 3370 556 3426 56.
582 3369 628 3419 Κα
672 3365 810 3416 lectionem
827 3372 980 3431 optimorum
998 3364 1078 3414 Codd.
1094 3375 1188 3414 aucto-

119 3435 213 3502 ἐπείτε
240 3428 431 3501 οἱποθτὴσὲιτιν
455 3431 639 3502 οἶααγκαξόμε·
670 3432 748 3482 ritate
769 3431 964 3494 communitam,
990 3431 1190 3482 exterminemur.

119 3520 173 3565 voc
190 3499 225 3556 τὸ
248 3502 365 3556 κώνειον
389 3499 466 3563 ἔπιε,
499 3501 531 3555 τὸ
549 3499 640 3554 lessed-
671 3498 822 3548 Posterioris
846 3508 916 3548 certe
940 3497 1030 3547 aetatis
1054 3498 1191 3566 scriptores

117 3588 208 3641 μονον
236 3566 344 3638 ἔφασαν
379 3567 641 3637 ἀποκοτταβίσαντα
672 3574 824 3633 receperunt
840 3564 907 3614 hanc
929 3581 1033 3616 vocem:
1070 3565 1191 3632 equibus

122 3640 163 3707 (h.
182 3655 205 3689 e.
219 3647 249 3687 ut
266 3637 294 3687 id
313 3637 458 3704 resonaret)
482 3636 570 3690 elaris
591 3633 640 3690 asi·
672 3632 842 3702 plureslocos
857 3630 979 3682 excitavit
993 3631 1191 3699 diligentiam-

119 3707 183 3761 τότ·
205 3704 320 3777 Κριτία
330 3702 405 3758 τοῦτ’
421 3703 488 3758 ἔστα
501 3705 540 3774 τῷ
554 3704 638 3771 καλῷ.
672 3700 737 3752 visii.

120 3777 161 3826 De
176 3790 241 3824 voce
256 3769 516 3840 ἀποκοτταβίσαντα
537 3771 593 3822 fuse
616 3781 643 3822 et
725 3786 793 3839 qaae
805 3767 879 3820 brevi
896 3779 1055 3837 consequuta
1069 3768 1123 3828 est)
1140 3770 1191 3819 Ge-
1272 3834 1277 3839 ῃ

121 3842 228 3910 copiose
264 3840 424 3908 disputarunt
449 3839 589 3890 Schneider
615 3850 642 3890 ct
674 3836 738 3889 cidit
752 3836 859 3897 enimin
875 3835 984 3905 proelio,
1001 3836 1071 3954 <paud
1085 3835 1192 3904 triginta

120 3911 224 3961 Persou
238 3907 266 3959 in
277 3909 368 3958 Graec.
382 3909 444 3958 Lex.
461 3926 481 3958 s.
497 3925 520 3958 v.
544 3906 640 3961 κόττα·
672 3905 775 3974 tyranni
796 3913 887 3956 contre
906 3903 1005 3971 Thrasy
1024 3904 1091 3954 ulum
1119 3922 1193 3956 oom-

121 3979 182 4044 βας.
209 3977 249 4026 De
257 3975 348 4043 reipsa
356 3975 424 4026 conf.
434 3975 519 4027 Veier.
535 3973 640 4026 Maxim.
673 3973 803 4025 miserunt.
838 3969 935 4052 dVeide.
966 3975 1132 4042 Consequere
1152 3984 1194 4022 est

119 4048 164 4098 HL
169 4049 349 4182 iriaiiibera)
367 4109 486 4227 Estsppud
494 4109 641 4160 Ciceronem
673 4040 1192 4174 bigitiiiciimimudiirrilimbhoiiddimibdddi

120 4179 198 4247 ἅπαξ
212 4177 368 4246 λεγόμενον.
400 4178 425 4228 V
469 4196 486 4229 o
499 4177 560 4228 olim
568 4176 642 4244 lege-
672 4177 856 4244 feretempore
870 4183 1001 4244 sequutum
1010 4191 1071 4226 esse.
1096 4173 1193 4226 vnd-

121 4248 199 4301 batur
209 4245 387 4318 praebuerat:
401 4260 437 4313 qu
456 4310 461 4319 '
484 4245 540 4315 ime
552 4243 642 4297 reiecit
672 4250 758 4297 notet„
773 4243 805 4296 iu
816 4261 842 4296 c.
857 4246 910 4311 οὗ,
923 4246 971 4303 &a
