2640 4626
205 204 265 273 tas
447 210 1025 263 rummmasmrmseurarrouun

203 333 282 421 etsi,
313 330 405 431 quod
432 346 562 432 praeter
586 331 668 404 deos
686 346 785 428 negat
801 330 887 403 scire
913 358 1133 429 quemquam,
1159 329 1199 402 id
1222 332 1280 403 seit

203 436 286 537 ipse,
307 452 417 506 utrum
432 432 549 507 melius
564 432 607 505 sit
619 440 657 507 ⁵:
683 461 762 505 nam
777 432 860 506 dixit
876 449 969 507 ante:
995 433 1056 505 scd
1072 461 1172 505 suum
1192 431 1282 520 illud,
1312 506 1314 517 ,

202 538 287 613 nihil
309 554 345 608 ut
370 534 531 623 allunret,
556 551 646 609 tenet
666 534 710 607 ad
733 551 922 607 extremum.
974 542 1056 613 100.
1070 536 1154 607 Nos
1172 550 1280 609 autem

202 658 382 727 teneamus,
407 655 444 712 ut
455 637 540 711 nihil
559 666 751 711 censeamus
769 665 841 710 esse
854 636 989 724 malum,
1013 636 1105 737 quod
1123 638 1168 709 sit
1188 666 1209 711 a
1228 666 1279 711 na·

203 760 277 817 tura
302 742 417 815 datum
439 740 612 814 carnibus:
649 738 950 839 intelligamusque,
981 738 1012 811 si
1037 766 1131 813 murs
1157 740 1277 813 malum

202 845 264 932 sit,
289 872 361 920 esse
387 843 624 944 sempiternum
645 839 777 915 malum.
811 870 889 915 nam
910 840 996 915 vitae
1020 840 1164 916 miserae
1192 872 1276 917 mors

201 946 278 1021 fiais
295 973 367 1020 esse
382 945 527 1021 videtur:
553 972 644 1019 mors
663 942 693 1016 si
713 959 763 1018 est
776 943 908 1032 misera,
920 942 1103 1017 miseriae⁶
1120 944 1204 1019 finis
1214 974 1277 1021 esse

200 1048 312 1123 nullus
327 1063 445 1149 potest.

306 1150 376 1224 Sed
388 1148 470 1250 quid
484 1176 545 1247 ego
556 1148 739 1236 Socratem,
761 1164 818 1221 aut
831 1147 1081 1236 Theramenem,
1107 1166 1276 1249 praestan

202 1253 247 1328 tis
264 1252 354 1327 viros
370 1251 499 1326 virtutis
516 1267 547 1324 et
563 1250 744 1351 sapientiae
760 1250 877 1348 gloria,
901 1254 1152 1327 commemoro?
1180 1281 1276 1353 quum

153 1390 160 1403 ¹
205 1354 488 1430 Lacedaemonius
512 1352 669 1453 quidam,
694 1353 790 1427 cuius
808 1382 851 1429 ne
871 1381 994 1427 nomen
1007 1353 1147 1455 quidem
1166 1355 1276 1456 prodi-

203 1476 275 1531 tum
298 1474 365 1546 est,
392 1473 532 1530 mortem
557 1471 729 1555 tantopere
753 1455 1007 1556 contempserit,
1031 1471 1086 1544 ut,
1113 1485 1224 1558 quum
1241 1458 1277 1533 ad

203 1590 277 1635 eam
299 1560 491 1645 duceretur,
518 1557 692 1631 damnatus
709 1558 751 1631 ab
774 1558 940 1658 Ephoris,
964 1575 998 1633 et
1013 1575 1101 1633 esset
1115 1558 1216 1635 vultu
1234 1560 1276 1633 hi-

204 1662 265 1738 lari
290 1679 387 1761 atque
412 1660 515 1747 laeto,
542 1658 743 1759 dixissetque
769 1660 801 1733 ei
824 1660 961 1760 quidam
984 1658 1165 1750 inimicus„
1195 1667 1276 1737 Cou-

203 1767 376 1839 temnisne
401 1764 496 1858 leges
522 1766 708 1859 lycurgi?
739 1762 965 1862 responderit,
999 1768 1080 1861 Ego
1109 1794 1195 1839 vero
1229 1766 1279 1838 illi

203 1869 405 1939 martinam
422 1866 584 1960 graetiam
600 1863 734 1952 haheo,
760 1868 827 1965 ptri
837 1894 893 1938 me
915 1893 959 1939 ea
969 1894 1091 1966 poena
1108 1870 1277 1941 anullare-

203 1974 261 2055 rit,
276 1996 386 2069 prtum
402 1971 478 2039 stiae
495 1970 716 2039 mutuatione
739 1980 774 2039 et
790 1971 866 2040 sine
884 1996 1026 2041 versura
1042 1996 1196 2068 possem
1212 1971 1275 2045 dis-

202 2074 348 2145 solvere·
367 2068 515 2143 Ovirum
525 2068 646 2168 Sparta
663 2068 818 2165 dignum!
836 2086 873 2142 ut
889 2070 972 2143 mihi
982 2070 1128 2171 quidem,
1146 2074 1275 2173 quitali

201 2201 323 2271 magno
348 2171 457 2244 animo
488 2171 604 2259 fuerit,
630 2171 790 2245 innocens
825 2171 1000 2247 damnatus
1031 2200 1104 2247 esse
1119 2175 1274 2251 videatm.

205 2283 286 2354 101.
312 2274 403 2349 Talis
426 2272 678 2347 innumerabilis
698 2291 811 2346 nostra
838 2275 952 2348 civitas
965 2274 1048 2347 tulit.
1099 2276 1176 2351 Sed
1201 2276 1274 2379 quid

204 2378 306 2451 duces
323 2393 354 2449 et
373 2376 543 2476 principes
561 2377 741 2464 nominem,
766 2404 868 2475 quum
887 2377 1034 2475 legiones
1052 2378 1186 2453 scribat
1200 2382 1273 2455 Cato

201 2508 300 2580 saepe
327 2478 444 2553 alacris
465 2479 500 2550 in
519 2507 593 2552 eum
607 2478 718 2551 locum
733 2478 916 2578 prolectas,
942 2479 1032 2552 unde
1054 2480 1226 2557 redituras
1243 2511 1273 2557 se

200 2610 269 2655 non
289 2581 549 2655 arbitrarentur?
598 2580 677 2653 Pari
704 2579 814 2653 animo
832 2582 1088 2657 Lacedaemonii
1115 2584 1153 2657 iu
1174 2586 1273 2659 'l'lter-

198 2684 344 2788 mopylis
364 2683 567 2770 occiderunt,
593 2682 627 2756 in
644 2710 728 2783 quos
745 2682 954 2760 Simonides:

247 2893 264 2946 5
282 2890 324 2936 0r.
343 2903 365 2937 c.
382 2886 413 2935 lt.
430 2884 537 2951 aliisque
554 2884 634 2936 Codd.
652 2896 679 2937 et
695 2888 726 2938 D.
745 2888 781 2938 eit
799 2887 901 2938 arcellus.
943 2891 961 2947 0
977 2887 1019 2938 Sic
1035 2888 1081 2939 W.
1099 2890 1194 2943 eCod.
1210 2890 1272 2943 atet.

198 2954 282 3020 Vulgo
300 2953 426 3003 omittitur
443 2953 575 3003 miseriae.
609 2955 665 3005 Nec
681 2972 730 3021 ego
747 2954 863 3005 desidero
881 2955 946 3006 hanc
962 2973 1060 3016 vocem,
1079 2974 1162 3023 quum
1178 2978 1211 3011 ex
1224 2961 1272 3029 ipro

195 3021 331 3071 verborum
352 3018 441 3070 ordine
457 3020 533 3071 facilc
549 3030 635 3072 mente
651 3022 763 3091 suppleri
780 3024 868 3091 possit.
884 3052 917 3061 -
934 3024 967 3074 D.
985 3040 1000 3073 e
1017 3023 1098 3075 Codd.
1125 3026 1192 3095 aliq.
1208 3046 1273 3079 mor·

197 3090 242 3150 tir,
260 3090 286 3138 si
303 3101 343 3139 eet
361 3089 476 3151 misera,
486 3088 568 3155 finis.
584 3089 661 3141 Male.

246 3222 306 3273 Car.
324 3223 406 3273 XLII.
435 3226 477 3281 99.
503 3241 660 3293 quamquam
681 3254 714 3263 —
750 3198 898 3275 sumendum
912 3235 987 3288 esset,
1005 3242 1131 3293 quocum
1148 3228 1273 3281 diuulsu-

198 3290 256 3357 eed)
271 3291 303 3341 V.
321 3290 417 3341 Aduot.
433 3290 460 3341 in
478 3309 499 3343 c.
516 3296 565 3355 37,
583 3297 629 3350 90.
753 3310 815 3342 rem.
849 3295 984 3344 Murrentio
1012 3293 1079 3345 enirn
1101 3306 1162 3361 est,
1193 3315 1272 3367 quum,

246 3376 321 3408 uuum
334 3359 417 3420 illud)
433 3359 465 3409 V.
489 3378 553 3426 quae
571 3360 603 3410 de
619 3362 715 3410 Socra·
748 3360 816 3428 quod
838 3377 890 3410 non
917 3360 1027 3423 habeas,
1052 3362 1161 3415 aliunde
1185 3384 1272 3419 emm

195 3426 229 3505 ³⁵⁸
244 3425 714 3553 illil‘dlilll'l‘ilfmdlm‘llll
748 3428 1273 3551 la't‘t'ttt{tlttittl²⁰”'¹tt

193 3510 222 3545 m
242 3529 262 3609 ¹.
532 3513 550 3562 p
609 3512 636 3563 p·
750 3512 830 3614 bitiim
854 3564 953 3613 solvere
975 3564 1028 3626 ita,
1055 3573 1083 3614 ut
1107 3512 1216 3620 :¹:033
1227 3586 1273 3621 nott

159 3654 162 3659 ·
246 3633 304 3687 100.
322 3627 376 3678 Sed
394 3628 472 3698 quid)
501 3631 555 3679 lam
578 3638 718 3696 sequuntur
750 3648 841 3680 sumas.
859 3631 998 3682 vni-neni
1007 3632 1272 3687 ctav.cioerou.·.=.

193 3696 309 3773 exempla
322 3695 402 3745 mium
417 3695 601 3812 sslmffiffi'dm
639 3763 716 3813 rodi·
751 3698 1107 3817 Catdoditironatioirdslclildeddn
1116 3702 1271 3823 (dfiw

192 3779 716 3897 eumludliiudwl'lltitntiidhiultpophllhegm.
751 3849 773 3882 c.
788 3836 830 3889 20.
847 3785 996 3896 Recordor,
1013 3804 1118 3900 iuquit,
1140 3788 1273 3905 Elegio-

192 3899 288 3948 Lacom
311 3916 337 3964 p.
353 3900 414 3953 209.
440 3896 471 3946 T.
493 3898 561 3947 vflt.
584 3897 624 3947 ed.
642 3900 715 3949 Hutt.
749 3916 795 3949 nes
809 3910 908 3950 nostras
926 3900 1004 3968 (quod
1026 3901 1076 3951 sori
1109 3901 1117 3915 ⁶
1144 3903 1173 3955 in
1188 3904 1259 3957 0ri‘

192 3973 300 4015 vocatur
316 3962 512 4042 Theclamenea
747 3966 829 4030 nibus)
848 3967 875 4017 iu
899 3985 956 4019 eum
982 3985 1058 4037 saepe
1085 3986 1164 4023 ocum
1183 3990 1234 4042 pro

243 4047 276 4081 ea
287 4047 377 4100 poena
390 4048 468 4100 quam
482 4048 541 4081 arne
554 4034 715 4083 mutuatione
748 4044 802 4084 ctas
818 4034 896 4085 alacri
909 4035 995 4087 auimo
1005 4046 1033 4086 et
1048 4048 1149 4103 erecto,
1166 4041 1238 4095 unde
1248 4056 1271 4091 re

192 4100 714 4234 tt⁶¹.'“.‘.'‘'ttt‘.¹⁹⁰ttt.‘'ttttttttl
747 4103 1231 4241 ”mllffllaillllialillss'flm

180 4202 286 4301 possem
309 4185 367 4301 ital,J
397 4245 427 4290 ut
441 4204 554 4291 'odanda
576 4235 641 4289 mihi
661 4252 715 4288 non
746 4189 871 4291 Heroddt.
889 4240 953 4303 vlt,
968 4242 1031 4301 228.
1129 4172 1270 4247 mmm
