2640 4626
194 197 272 270 2661
442 210 725 271 rusomauaauu
741 212 1021 273 ursnurarrouuu
1117 270 1120 281 ¹

94 315 98 329 ¹
196 328 377 416 fortitudo,
402 329 470 402 nisi
495 328 642 403 insanire
664 329 830 429 coeperit,
856 330 1000 430 impetus
1022 357 1112 403 auos.
1126 357 1197 403 non
1215 329 1264 402 ha-

29 512 34 522 ,
112 526 115 534 .
195 432 278 506 bet?
303 431 409 532 quid?
434 432 627 520 Herculem,
653 460 750 531 quem
776 433 812 504 in
829 432 957 506 coelum
975 433 1040 505 ista
1053 433 1147 534 ipsa,
1173 460 1263 532 quam

196 563 256 609 vos
282 532 488 608 iracundiam
513 563 585 609 esse
606 535 721 624 voltis,
755 533 886 606 sustulit
902 535 1084 624 fortitudo,
1110 535 1264 608 iratumne

197 664 312 711 censes
340 635 527 711 conflixisse
549 665 624 710 cum
642 637 861 740 Erymanthio
886 666 986 738 apro,
1012 654 1068 710 aut
1087 636 1185 712 leone
1209 639 1264 710 Ne·-

194 767 310 813 meaeo
322 741 339 837 l
363 768 403 812 an
434 740 532 814 etiam
547 741 696 813 Theseus
709 740 913 812 Marathonii
937 741 1023 813 tauri
1040 769 1168 814 cornua
1184 768 1263 813 com·

195 841 375 944 prehendit
394 842 523 918 iratus?
548 842 642 931 vide,
668 848 710 916 ne
730 842 892 915 fortitudo
912 844 1048 916 minime
1066 844 1111 916 sit
1127 843 1263 928 rabiosa,
1307 800 1310 913 l

196 945 305 1045 sitque
329 945 500 1019 iracundia
514 962 584 1018 tota
602 944 750 1018 levitatis.
775 945 988 1045 nequeenim
1008 962 1057 1019 est
1073 946 1164 1018 illa4
1180 945 1263 1018 sorti·
1308 992 1310 1043 i

195 1048 296 1136 tudo,
321 1076 405 1147 quae
421 1048 560 1121 rationis
578 1065 627 1120 est
648 1076 773 1147 expers.
1303 1104 1310 1151 t

298 1151 423 1222 XXIII.
475 1159 532 1230 51.
568 1151 836 1224 Contemnendae
869 1178 922 1223 res
955 1167 1032 1223 sunt
1053 1151 1262 1224 humanae5':
1308 1170 1310 1199 ¹

194 1250 393 1350 negligenda
415 1281 506 1326 mors
533 1269 596 1328 est:
623 1253 778 1354 patibiles
801 1266 832 1326 et
857 1252 990 1326 dolores
1014 1269 1046 1327 et
1062 1253 1195 1327 labores
1210 1281 1262 1351 pu·
1308 1262 1310 1327 ἓ

154 1356 162 1365 ’
195 1355 298 1428 tandi.
348 1356 438 1429 Haec
466 1384 567 1455 quum
594 1357 771 1429 constituta
802 1360 908 1427 sunt⁶
938 1355 1064 1429 iudicio
1084 1373 1183 1454 atque
1199 1382 1264 1428 sen·
1302 1350 1310 1399 ·'

194 1458 314 1546 tentia,
337 1474 409 1530 tum
425 1475 474 1532 est
488 1458 625 1531 robusta
640 1458 697 1531 illa
712 1475 744 1532 et
756 1457 884 1531 stabilis
899 1458 1077 1546 fortitudo:
1104 1458 1173 1531 nisi
1187 1457 1264 1529 sorte

196 1589 280 1660 quae
303 1559 528 1648 vehementer,
555 1562 691 1648 acriter,
717 1561 864 1634 animose
889 1559 1175 1648 liunt,‚iracunde
1201 1559 1265 1632 lieri

196 1663 410 1763 suspicamur.
464 1662 551 1735 Mihi
569 1692 610 1737 ne
628 1664 743 1764 Scipio
760 1663 900 1763 quidem·
911 1662 977 1750 ille,
1002 1663 1155 1762 pontifex
1169 1662 1266 1735 maxi·

195 1793 290 1852 mus,
326 1764 382 1864 qui
405 1765 470 1837 hoc
497 1765 693 1865 Stoicorum
708 1793 820 1839 verum
849 1793 921 1838 esse
946 1764 1145 1852 declaravit,
1176 1793 1266 1837 num-

198 1872 303 1965 quam
323 1868 487 1967 privatum
512 1895 584 1941 esse
609 1868 811 1968 sapientem,
836 1868 940 1940 iratus
956 1867 1087 1940 videtur
1100 1867 1206 1940 fuisse
1223 1867 1266 1938 'l'i

195 1969 352 2043 ¹Graccho
381 1986 473 2056 tum,
500 1999 602 2070 quum
627 1970 796 2044 consulem
821 1969 1028 2068 languentem
1048 1969 1202 2069 reliquit,
1227 1986 1266 2041 at-

197 2100 262 2172 que
290 2073 362 2172 ipse
383 2073 549 2172 privatus,
574 2089 610 2145 ut
628 2074 656 2146 si
675 2072 791 2146 consul
807 2089 909 2160 esset,
935 2072 992 2172 qui
1014 2072 1266 2172 rempublicam

197 2173 321 2247 salvam
347 2203 418 2247 esse
441 2175 553 2263 vellet,
579 2204 667 2248 sese
692 2176 726 2248 ui
745 2176 849 2248 iussit.
900 2185 957 2254 52.
980 2176 1125 2261 Nescio,
1152 2173 1266 2274 ecquid

196 2276 263 2376 ipsi
286 2304 348 2349 nos
362 2276 492 2350 fortiter
507 2277 542 2348 in
559 2204 745 2379 republica
762 2277 953 2353 fecerimus:
979 2277 1106 2378 siquid
1122 2278 1265 2362 fecimus,

199 2396 286 2453 certe
303 2379 381 2459 irati
393 2408 461 2452 non
478 2379 625 2453 fecimus.
1254 2416 1257 2421 ·

296 2482 352 2554 An
364 2498 413 2555 est
429 2483 611 2581 quidquam
626 2481 767 2555 similius
782 2482 941 2568 insaniae,
958 2510 1055 2581 quam
1073 2482 1147 2555 ira?
1172 2507 1263 2581 quan
1308 2520 1310 2541 ι

195 2582 280 2657 bene
296 2584 424 2656 Ennius
439 2588 580 2656 int’taiam
595 2586 678 2659 dixit
692 2588 865 2658 insaniae.
917 2584 1035 2672 Color,
1062 2613 1146 2671 vox,
1174 2583 1264 2666 oculi,
1308 2612 1310 2617 ·

196 2685 352 2786 spiritus,
389 2686 582 2786 impotentia
625 2688 790 2760 dictorum
826 2703 923 2785 atque
956 2687 1138 2774 laetorum,
1173 2713 1264 2785 quam
1308 2748 1310 2757 .

84 2884 88 2893 ἰ
195 2806 324 2888 partem
347 2788 470 2862 habent
484 2789 656 2862 sanitatis?
682 2780 764 2888 quid
780 2788 910 2863 Achille
924 2790 1104 2862 Homerico
1128 2789 1265 2873 foedius,

261 3010 339 3068 4Sic
360 3011 420 3061 ML.
446 3011 495 3061 Da.
513 3011 572 3060 Ern.
588 3038 622 3051 -
639 3010 724 3077 Vulgo
749 3023 789 3061 eat
812 3010 884 3061 ulla:
900 3010 970 3080 quod
992 3008 1131 3078 probabile
1151 3009 1221 3061 rdtr.
1237 3014 1263 3065 .5

196 3077 239 3128 bic
256 3076 339 3128 Gebh.
357 3077 446 3128 tacite.
464 3077 531 3127 Lall.
549 3079 608 3128 Ern.
626 3079 711 3145 Vulgo
731 3090 793 3129 sunt
807 3078 876 3128 huna
893 3095 946 3128 rer.
965 3081 1007 3128 Or.
1025 3095 1049 3127 c.
1065 3078 1124 3129 VD.
1141 3078 1264 3128 realium

196 3157 265 3195 aunt.
298 3150 317 3203 6
333 3145 377 3196 Sic
391 3145 457 3196 bene
470 3147 529 3195 Era.
548 3163 562 3195 e
578 3145 646 3197 coni.
662 3163 710 3215 pro
728 3146 796 3212 vulg.
813 3147 877 3196 sint.

244 3280 304 3330 Gar.
321 3279 421 3328 XXIII.
441 3284 483 3337 51.
503 3280 559 3328 nisi
560 3272 648 3348 furtel
660 3280 716 3329 Hae
748 3281 848 3344 cebant,
864 3279 1094 3348 solumaapie'utem
1106 3297 1163 3332 esee
1178 3296 1264 3351 regern

192 3346 333 3417 particulae
346 3362 403 3395 cum
411 3345 508 3396 ironiae
517 3346 715 3414 quadamripo-
748 3348 835 3414 (Diog.
851 3349 936 3398 baert.
952 3349 1007 3408 VII,
1026 3349 1098 3412 122.)
1112 3346 1264 3417 atqudw

193 3425 296 3477 nuntur,
314 3423 341 3464 et
359 3431 415 3464 cum
431 3413 569 3465 indicativo
585 3413 655 3480 iungi
670 3431 715 3464 so·
749 3416 886 3476 considam,
902 3415 1075 3481 magistratum
1092 3424 1158 3466 cett.
1193 3446 1197 3459 ·

194 3484 257 3534 lent.
286 3482 319 3536 V.
344 3481 485 3532 Ramshorn
514 3485 574 3533 Lat.
598 3484 715 3533 Gramen.
792 3482 929 3533 'consulem
952 3484 998 3533 lon
1019 3485 1136 3551 nentem)
1158 3480 1265 3535 Ruth

194 3553 217 3620 ᾗ.
235 3554 293 3609 190.
302 3561 335 3618 p.
352 3554 411 3608 592.
749 3550 904 3611 Scaevolam,
926 3551 969 3618 qui
1012 3586 1018 3600 .
1043 3549 1074 3620 I.¹
1091 3550 1190 3601 dicitur
1209 3550 1265 3601 Ian·

492 3651 556 3703 offic
582 3654 595 3702 J
619 3656 654 3711 26
672 3656 706 3709 9⁰
748 3637 842 3691 guena,
859 3618 926 3685 quia,
935 3635 1011 3685 quum
1019 3617 1050 3668 ab
1058 3619 1185 3686 eoscipio
1195 3616 1266 3670 nni-

558 3688 601 3703 ..
652 3688 715 3773 5³⁰3
749 3685 1081 3804 ttlttlittffilts
1099 3692 1266 3805 alii‘ithll

690 3787 696 3798 ·
762 3773 781 3870 ξ
963 3770 979 3820 p
1080 3791 1088 3814 5
1171 3789 1178 3803 .

245 3651 371 3717 animose)
382 3651 427 3711 ,Sic
444 3651 476 3702 de

194 3717 267 3768 Haec
298 3719 455 3789 praescripta
487 3730 629 3771 servantem

193 3784 335 3852 magnifice,
357 3789 470 3853 graviter
491 3789 609 3837 animose
626 3806 658 3837 ue
672 3805 714 3835 vr-

193 3870 263 3904 vere.
280 3853 319 3919 (h.
336 3871 359 3905 e.
382 3854 494 3913 fortitera
514 3855 584 3907 omni
615 3853 713 3922 eposito

193 3921 713 4053 attentaranttanea
824 3959 854 4006 r
876 3974 902 4023 ν·
918 3961 979 4014 22⁵·
1003 3954 1044 4005 ...
1212 3958 1264 4018 n

193 4055 527 4190 puzqgffiwgsstipft
542 4056 647 4108 fortior:
671 4056 714 4106 ⁰¹³³
747 4023 1264 4160 iiitiiaiclophi'riliiiibiiebniiiboh

747 4176 806 4208 erae
818 4159 884 4220 vult,
900 4158 1052 4209 exclamarit
1076 4177 1119 4209 me
1133 4171 1263 4229 aequauer-

245 4225 294 4278 1100
310 4223 465 4292 Stoicorum)
486 4224 568 4278 sasiri
589 4224 656 4277 enirn
671 4225 714 4278 di-
748 4225 1108 4286 V.Beier.ad0ffie.1..22.
1125 4245 1152 4296 p.
1172 4229 1228 4286 179.

748 3839 762 3872 c
781 3839 822 3870 um
831 3820 993 3880 interficeret,
1002 3820 1114 3881 dicebar,
1129 3838 1157 3871 se
1174 3817 1264 3870 nihilri

748 3906 801 3938 esse
816 3899 938 3939 acturum.
954 3886 1022 3937 Plut.
1034 3888 1080 3937 rit.
1090 3888 1149 3938 Tib.
1160 3884 1265 3939 Gracchi
