2640 4626
548 225 714 276 ursnnr.
731 227 773 311 u,
1154 214 1195 289 73

122 340 315 417 Mercedem
330 341 454 437 gloriae
469 341 595 440 llagitat
610 341 652 415 ab
668 341 728 430 iis,
755 360 896 442 quorum
910 359 1022 444 patres
1038 343 1195 419 affecerat

120 441 246 540 gloria:
271 444 435 545 idemque,
1073 478 1078 488 ·

167 560 262 625 Nemo
278 587 325 624 me
340 569 488 626 lacrumis
509 564 635 637 decorati
657 569 835 643 necfunera
849 569 928 647 fletu

207 653 308 709 Facit.
332 653 409 710 cur?
429 655 524 711 volito
540 656 621 711 vivo'
632 674 688 731 per
708 673 763 710 ora
782 655 890 711 virum.

119 747 190 820 Sed
206 746 289 847 quid
305 749 446 847 poetas?
471 748 607 848 opifices
631 765 708 848 post
723 765 863 822 mortem
880 747 1053 822 nobilitari
1070 750 1190 826 volunt.

118 848 205 948 quid
227 849 314 923 enim
328 851 467 923 Phidias
485 851 537 924 sui
551 848 853 949 similem'specieur
867 851 1001 925 inclusit
1018 853 1054 925 in
1072 851 1190 956 clypco

117 951 308 1040 Minervae,
335 981 436 1051 quum
450 953 632 1027 inscribere
648 981 715 1025 nou
731 951 867 1027 liceret?
892 954 974 1053 quid
990 952 1096 1028 nostri
1114 957 1189 1056 phi-

118 1052 277 1154 Iosophi?
300 1056 455 1129 nouncin
466 1055 547 1128 his⁷
568 1054 652 1154 ipsis
667 1054 773 1142 libris,
799 1058 1095 1155 quosscribuntde
1110 1088 1190 1132 cou-

116 1156 296 1231 temnenda
310 1157 426 1254 gloria,
452 1185 512 1231 sua
526 1158 661 1231 nomina
677 1156 886 1232 inscribunt?

221 1267 279 1339 35.
304 1259 437 1356 Quodsi
446 1261 593 1333 omnium
604 1287 785 1334 consensus
800 1275 935 1333 naturae
948 1289 1012 1333 vox
1027 1279 1093 1353 est3
1118 1292 1189 1336 our-

115 1387 255 1459 nesque,
271 1363 333 1460 qui.
344 1362 468 1463 ubique
485 1380 571 1448 sunt,
595 1363 816 1449 consentiunt,
843 1389 914 1435 esse
933 1362 1070 1462 aliquid,
1097 1366 1189 1463 quod

115 1463 163 1536 ad
171 1491 229 1535 eos
246 1464 425 1563 pertineat,¹
442 1466 501 1564 qui
515 1465 581 1538 vita
589 1481 765 1543 cesserunt
776 1470 806 1538 ⁸:
831 1464 930 1538 nobis
950 1493 1082 1565 quoque
1097 1467 1188 1540 idem

115 1564 373 1638 existimandum
393 1583 449 1640 est.
475 1567 563 1655 etsi,
589 1595 731 1668 quorum
746 1583 801 1640 aut
817 1566 971 1665 ingenio,
995 1585 1053 1640 aut
1069 1568 1187 1644 virtute

116 1668 251 1740 animus
266 1668 402 1757 excellit,
429 1697 485 1743 eos
504 1670 713 1757 arbitramur,
738 1669 816 1769 quia
827 1686 945 1743 natura
961 1672 1087 1770 optima
1099 1674 1198 1760 sunt,

113 1798 251 1844 cernere
270 1789 406 1845 naturae
423 1772 489 1847 vim
503 1773 661 1847 maxime:
686 1769 876 1846 verisimile
897 1788 956 1860 est,
981 1775 1186 1875 quum'opti-

183 1965 201 2016 7
217 1957 365 2024 Lugendum
382 1961 462 2010 eumS
473 1960 501 2010 E.
518 1959 564 2010 iis.
581 1961 612 2010 V.
629 1959 695 2010 Adn.
711 1959 738 2009 iu
754 1963 811 2023 c.3,
827 1938 856 2018 5.Ι
885 1963 904 2018 8
920 1959 961 2010 Sic
971 1959 1034 2009 Dav.
1052 1976 1066 2009 e
1080 1960 1143 2027 neg.
1153 1990 1184 1999 —

110 2027 175 2077 Em.
190 2043 213 2076 c.
228 2026 283 2077 aliis
294 2028 432 2078 cesserint.
449 2026 500 2077 Atii
516 2046 531 2077 e
544 2027 603 2078 vita
615 2046 638 2077 c.

167 2144 279 2214 panxit)
312 2145 344 2194 H.
371 2161 393 2194 e.
419 2144 568 2212 composuit.
601 2145 633 2194 V.
668 2142 765 2194 laver'at
789 2146 944 2195 Amazonum
967 2143 1088 2211 praelium
1112 2145 1185 2197 intu-

112 2209 418 2262 cenomanensium
434 2231 459 2262 v.
478 2212 635 2279 Composue-
667 2221 796 2261 mescente
819 2213 915 2263 ambitu
936 2228 1053 2279 pannas,
1074 2212 1184 2264 eiusdem

110 2289 154 2330 rat
172 2289 258 2330 autem
280 2279 373 2330 Ennius
395 2279 525 2330 historiam
547 2297 635 2330 roma·
668 2296 779 2330 concava
795 2291 866 2347 parte
890 2279 994 2330 deorum
1013 2290 1039 2330 et
1055 2281 1185 2359 gigantum

111 2365 189 2408 nam,
215 2346 242 2396 iu
257 2347 351 2397 XVIII.
366 2347 446 2398 libros
467 2347 633 2398 distributam.
668 2346 862 2409 dimicationem,
880 2347 1082 2398 suctore.Pliuro
1098 2350 1132 2397 H.
1147 2349 1181 2400 N.

110 2405 145 2454 -‘-
164 2415 216 2464 Pro
229 2415 327 2482 panxit
340 2414 468 2467 Ernestius
492 2433 549 2466 cum
564 2415 634 2465 mul·
667 2416 800 2476 XXXIV,
816 2419 842 2474 8.
879 2416 963 2481 Atque
984 2413 1011 2463 in
1026 2414 1076 2464 hoc
1093 2414 1184 2482 clypeo

108 2481 145 2532 tis
159 2481 227 2532 Edd.
244 2490 307 2531 vett.
325 2481 388 2548 legit
399 2483 498 2551 pinxit.
531 2485 567 2534 Ex
582 2500 633 2550 quo
664 2481 798 2548 imaginem
828 2482 866 2532 usi
890 2480 997 2537 similem
1038 2481 1184 2546 incluserat,

110 2549 218 2619 quidem
235 2549 350 2616 exemplo
364 2549 489 2600 tironibus
502 2549 632 2600 videreti-
665 2559 701 2611 ut,
719 2549 804 2617 siquis
820 2549 880 2600 olim
894 2566 949 2599 eam
962 2547 1072 2614 apellere
1086 2549 1184 2599 voluis-

110 2617 202 2677 cebit,
220 2616 325 2667 eandem
339 2617 513 2684 metaphoram
524 2617 575 2668 alio
588 2616 633 2668 lo-
664 2627 720 2679 set,
743 2616 827 2667 soluta
851 2633 989 2683 compage,
1021 2624 1078 2666 tota
1100 2616 1184 2683 operis

109 2702 143 2737 co
154 2683 310 2763 aptissimam
320 2701 374 2735 esse
381 2694 408 2734 et
415 2685 632 2751 elegantissimam,
665 2685 795 2750 colligatio
812 2684 960 2735 solveretur.
994 2686 1026 2737 V.
1034 2683 1140 2734 Aristot-
1151 2683 1183 2734 de

109 2752 165 2803 alio
174 2762 288 2820 ineptam
295 2752 550 2818 planeetridiculam.
568 2753 632 2803 Edi-
664 2753 761 2803 Mundo
785 2771 807 2802 c.
823 2753 867 2803 VI.
885 2750 970 2803 Valer.
987 2751 1090 2802 Maxim.
1112 2753 1180 2804 VIII.

107 2830 199 2880 tores,
218 2818 261 2885 qui
276 2819 411 2870 lectionem
421 2821 513 2888 pinxit
526 2839 633 2890 recepe·
666 2821 712 2881 14,
728 2826 753 2879 6·
1170 2830 1174 2836 “

108 2895 182 2949 runt,
198 2895 347 2953 comparant
364 2905 455 2954 graeca
470 2889 632 2947 ποικίλλειν.
715 2888 760 2938 sui
782 2887 896 2938 similem
919 2887 1040 2956 speciem)
1075 2888 1180 2937 Gesner.

108 2951 283 3008 δαιδάλλειν.
315 2954 357 3004 Sic
368 2957 475 3034 pictura
489 2973 536 3023 pro
552 2956 632 3023 poesi,
665 2955 742 3006 Thes.
758 2956 790 3005 L.
806 2956 837 3005 L.
855 2957 943 3017 „Haec
958 2952 1101 3005 differentia
1116 2953 1183 3004 Dio-

103 3023 230 3092 pictores
243 3039 290 3089 pro
304 3032 387 3089 poetis
402 3023 528 3090 leguntur.
569 3026 632 3072 Om-
663 3023 756 3072 medis:
775 3023 856 3085 „Sum
871 3023 969 3072 similis
984 3023 1033 3084 tui,
1050 3020 1183 3078 moribus5

106 3090 154 3140 uia
179 3087 271 3139 festiva
287 3098 366 3156 atque
380 3091 405 3139 le
423 3090 482 3153 idn,
500 3107 545 3141 suo
559 3083 633 3141 scili-⁴
657 3090 762 3140 'similia
782 3089 848 3152 tibi,
866 3087 992 3159 figura“
1017 3106 1070 3139 non
1084 3106 1183 3156 semper

108 3167 154 3208 cet
177 3156 255 3217 loco,
280 3155 307 3206 h.
326 3174 368 3218 e.,
391 3109 434 3207 ulii
451 3175 482 3207 ex
497 3167 555 3208 toto
570 3175 630 3208 ver·
663 3175 723 3208 veru
736 3166 792 3219 est,
810 3157 869 3224 quia
883 3167 1016 3224 utrumque
1029 3156 1181 3206 indifferen-

106 3225 204 3276 borum
223 3223 326 3285 ordine,
344 3234 388 3274 aut
404 3243 435 3274 ex
449 3224 488 3287 iis,
506 3225 630 3292 quasilla
661 3235 702 3276 ter
725 3225 877 3292 reperitur.“
920 3227 952 3275 V.
982 3224 1102 3276 chsner.
1125 3223 1181 3274 Ecl.

106 3290 239 3343 vocabula
255 3291 415 3355 comitantur,
433 3310 463 3343 ea
478 3294 629 3373 μεταφορι·
665 3293 718 3342 (lio.
736 3311 763 3360 p.
782 3296 840 3351 197.
1068 3323 1072 3330 ·

104 3360 169 3420 stuic
185 3358 333 3426 acciplenda
347 3377 401 3408 esse
416 3369 497 3427 patet.
532 3363 559 3410 Sr
573 3359 629 3411 h.l.
715 3378 765 3410 sua
796 3361 903 3410 nondun
934 3354 1099 3423 inreritum)
1134 3374 1182 3423 pro

104 3426 256 3494 legeretur:
295 3428 371 3488 „Hic
385 3440 502 3478 vestrum
526 3440 633 3496 patrum
664 3427 741 3477 Arch.
754 3429 802 3477 XI.
815 3431 859 3486 26.
894 3425 961 3493 „ipsi
975 3424 1014 3475 illi
1033 3423 1179 3492 philosophi

103 3493 189 3564 facta
203 3492 324 3544 versibus
333 3496 454 3564 pinxit,·‘
470 3495 497 3545 id
513 3504 540 3544 et
547 3505 633 3562 aptum
666 3494 741 3545 etiam
758 3494 808 3544 illis
820 3493 920 3554 libellis,
938 3509 1001 3559 quos
1016 3492 1049 3542 de
1065 3501 1182 3541 coutem-

103 3561 256 3628 etelegaus
272 3571 352 3621 esset3
377 3562 472 3613 sivero
486 3561 554 3612 nude
566 3564 632 3632 pin·
665 3561 749 3613 menda
763 3561 844 3627 gloria
859 3560 987 3620 scribunt,
1004 3576 1096 3609 nomen
1110 3575 1182 3607 suum

103 3632 151 3681 xit
169 3628 289 3696 ponitur,
312 3647 399 3681 nonne
415 3630 574 3698 putabimus,
596 3630 632 3679 il·
664 3629 819 3689 inscribunt:
837 3628 864 3678 iu
877 3644 908 3677 eo
921 3627 985 3694 ipso,
1002 3625 1029 3676 in
1046 3642 1182 3693 quoprae-

103 3697 155 3749 Iud
170 3706 373 3760 mouumentum,
400 3697 498 3764 inquo
519 3697 569 3748 ista
587 3696 631 3747 in·
664 3696 817 3747 Moationem
848 3695 1055 3761 nobilitatemque
1093 3693 1182 3761 despi-

103 3765 208 3831 scripta
230 3775 304 3826 suut,
336 3763 363 3813 in
389 3765 493 3832 picton's
517 3764 631 3816 defuncti
665 3763 743 3826 ciunt,
759 3762 900 3832 praedicari
916 3761 948 3811 de
968 3779 994 3811 se
1012 3779 1042 3811 ac
1057 3761 1182 3811 nominari

103 3833 237 3883 honorem
255 3842 479 3882 esseexstructum.
500 3833 538 3883 ef.
548 3835 630 3883 Bent-
663 3832 780 3883 voluut.“
796 3829 1183 3897 Eandemseuteutiamexpres-

103 3900 189 3952 teiam
207 3900 234 3948 in
247 3899 399 3950 Emended
413 3899 440 3949 h.
455 3898 473 3950 l.
569 3922 572 3941 ι
663 3899 696 3949 sit
712 3899 798 3952 Valer.
815 3897 918 3948 Maxim.
934 3899 1001 3948 VIII.
1020 3899 1067 3959 14,
1080 3901 1106 3955 3.
1116 3907 1182 3949 extr.

160 3963 318 4034 necfnnera
327 3968 397 4034 fletu
403 3965 491 4035 saxia)
508 3968 540 4017 V.
552 3967 628 4018 Orel-
711 3971 753 4024 35.
773 3985 880 4017 cernere
893 3977 1008 4016 naturae
1020 3967 1075 4015 vim
1092 3967 1180 4015 maxi-

103 4035 157 4086 lius
181 4035 209 4084 iu
225 4034 366 4085 Observatt.
387 4036 420 4085 ad
440 4036 516 4087 Tusc.
533 4053 559 4102 p.
568 4039 628 4094 389.
663 4035 711 4102 me)
729 4037 801 4084 Verr.
819 4037 861 4085 III.
880 4038 921 4096 15,
939 4037 981 4091 35.
1000 4033 1137 4084 consistere
1155 4032 1183 4081 in

159 4101 288 4161 Phidias)
320 4101 537 4153 Absolutissimum
562 4102 627 4153 Phi-
662 4120 690 4154 re
708 4102 872 4152 frumentaria
889 4102 1010 4152 maxime.
1046 4100 1088 4150 Sic
1109 4115 1183 4166 saepe

104 4169 560 4236 diaeopuscelebrabaturMiuervae
575 4180 630 4221 sta-
664 4187 720 4221 cum
744 4188 835 4237 magua
857 4167 966 4236 quadam
984 4167 1009 4217 vi
1031 4177 1107 4233 atque
1124 4165 1183 4216 effi-

104 4248 152 4289 tua
176 4238 303 4298 eburnea,
332 4237 401 4287 cuius
420 4237 446 4293 iu
462 4238 552 4306 clypeo
569 4253 630 4288 cao·
664 4237 735 4289 cacia
750 4235 896 4288 adverbium
911 4236 938 4286 in
954 4235 1095 4286 sententiae
1110 4233 1133 4284 cl
1146 4250 1183 4282 n—
