2640 4626
118 177 182 249 ort
366 181 943 241 ruscmauxnuuunrurarxouun

121 335 285 382 summum
313 306 440 379 bonnm
466 305 561 380 firma
590 306 741 407 corporis
766 305 942 379 allectione
958 301 1195 403 explorataque

124 438 183 510 spe
201 409 373 496 contineri,
397 408 548 481 fortunae
563 407 672 480 aditus
689 406 925 481 interclusisti?
975 404 1054 502 Quo
1068 407 1196 480 modo?

123 514 187 586 isto
205 511 291 587 enim
308 511 400 584 bono
418 510 482 583 iam
500 508 678 609 exspoliari
695 525 801 608 potes.

223 616 266 685 X.
316 618 375 692 28.
400 611 503 711 Atqui
529 611 583 685 his
607 611 784 711 capiuntur
811 609 974 710 imperiti:
1000 626 1032 682 et
1054 624 1196 709 propter

123 714 322 788 huiusmodi·
340 714 537 801 sententias,
568 712 708 786 istorum
732 712 904 785 hominum
931 727 981 785 est
1006 710 1193 784 multitudo.

124 819 230 891 Acute
248 833 354 889 autem
371 815 569 916 disputantis
586 814 669 888 illud
688 831 753 903 est,
778 842 858 901 non,
882 813 966 912 quid
983 813 1127 912 quisque
1146 813 1194 886 di-

124 937 193 1007 cat,
218 919 277 992 sed
293 918 375 1017 quid
398 919 515 1019 cuique
539 916 718 990 dicendum
735 917 794 1004 sit,
818 915 938 989 videre.
988 915 1090 988 Velut
1105 915 1140 986 in
1158 944 1191 988 ea

123 1023 198 1121 ipsa
231 1021 409 1107 sententia,
435 1048 534 1120 quam
567 1019 602 1091 in
636 1019 698 1092 hac
722 1017 945 1118 disputatione
973 1018 1191 1118 suscepimus,

122 1122 231 1196 omnis
247 1121 354 1194 bonos
366 1121 619 1221 semperbeatos
630 1121 779 1193 volumus
791 1148 871 1194 esse.
897 1120 999 1219 quid⁹
1012 1119 1123 1193 dicam
1134 1119 1190 1192 bo

122 1253 195 1311 nos,
221 1223 433 1324 perspicuum
453 1240 517 1297 est:
545 1223 700 1296 omnibus
716 1223 803 1296 enim
818 1223 993 1295 virtutibus
1012 1222 1189 1295 instructus

123 1342 155 1400 et
182 1343 333 1414 ornatos,
364 1335 462 1399 tum1
493 1325 670 1424 sepientis,
707 1341 777 1398 tum
807 1325 895 1397 viros
913 1324 1021 1396 bonos
1039 1323 1189 1396 dicimus.

122 1427 319 1515 Videamus,
344 1428 402 1527 qui
419 1427 551 1502 dicendi
567 1427 632 1500 sint
649 1427 747 1501 beati.
782 1425 935 1525 equidem
950 1426 1012 1498 hos
1024 1425 1189 1512 existimo,

122 1530 181 1629 qui
196 1530 319 1602 sintin
332 1529 450 1617 bunis,
474 1528 564 1603 nullo
587 1529 742 1602 adiuncto
766 1527 871 1602 malo:
909 1536 966 1607 29.
992 1556 1102 1626 neque
1127 1526 1188 1600 ulla

123 1631 186 1704 alia
208 1632 283 1704 huic
307 1630 426 1719 verbo,
459 1660 559 1730 quum
580 1631 713 1705 beatum
736 1631 893 1717 dicimus,
925 1629 1076 1703 subiecta
1097 1629 1185 1703 notio

122 1750 190 1821 est,
226 1732 311 1820 nisi,
346 1733 479 1806 secretis
510 1732 604 1807 malis
634 1733 807 1818 omnibus,
833 1730 996 1806 cumulata
1021 1732 1184 1805 bonorum

121 1833 314 1934 complexio.
364 1837 457 1908 Hanc
480 1834 610 1933 assequi
643 1836 767 1922 virtus,
801 1833 830 1906 si
854 1834 1036 1933 quidquam
1060 1850 1185 1933 praeter

121 1937 229 2036 ipsam
243 1936 324 2009 boni
342 1952 401 2025 est,
426 1965 493 2009 non
510 1952 626 2035 potest.
651 1936 757 2010 aderit
772 1935 859 2009 enim
875 1935 1049 2022 malorum,
1075 1936 1106 2008 si
1124 1965 1184 2008 ma·

121 2037 154 2111 la
170 2037 225 2111 illa
246 2038 416 2125 ducimus,
440 2039 537 2111 turba
561 2039 741 2138 quaedam,
765 2054 961 2139 paupertas,
986 2037 1183 2134 ignobilitas,

119 2139 306 2227 humilitas,
332 2140 487 2227 solitudo,
513 2140 647 2230 amissio
662 2169 809 2227 suorum,
834 2167 949 2238 graves
965 2139 1100 2214 dolores
1118 2169 1182 2214 eor-

122 2242 236 2342 poris,
261 2242 391 2342 pcrdita
409 2241 571 2331 valitudo,
597 2242 760 2330 debilitas,
786 2242 935 2330 caecitas,
959 2241 1116 2316 interitus
1132 2271 1183 2343 pa-

121 2344 220 2431 triae,
245 2342 415 2432 exsilium,
440 2345 578 2417 servitus
594 2345 744 2443 denique.
769 2343 805 2416 in
825 2344 877 2417 his
893 2360 990 2418 tutet
1009 2345 1114 2418 tantis
1128 2353 1200 2439 (at-¹

120 2473 184 2544 qne
198 2445 295 2518 etiam
313 2445 436 2545 plura²
462 2454 603 2544 pos'sunt
624 2446 786 2541 accidere)
820 2463 930 2547 potest
954 2473 1027 2519 esse
1045 2447 1183 2547 sapiens.

120 2574 197 2620 nom
215 2548 294 2632 haee
312 2548 407 2620 casus
425 2548 597 2647 importat,
621 2548 679 2649 qui
698 2549 733 2619 in
751 2549 932 2647 sapientem
951 2564 1063 2647 potest
1080 2549 1183 2622 iucur-

120 2677 200 2723 rere.
227 2665 277 2737 at,
303 2649 598 2737 stomatasm,
624 2651 698 2749 quis
712 2666 822 2749 potest
843 2666 1028 2751 praestare,
1056 2651 1183 2752 sapien-

120 2767 184 2823 tem
204 2755 363 2852 semper³
381 2750 513 2824 beatum
529 2751 620 2841 fore,
645 2780 746 2851 quum
763 2751 814 2826 rel
828 2753 864 2824 in
876 2751 1034 2839 omnibns
1051 2752 1109 2828 his
1122 2783 1182 2827 uno

119 2870 267 2954 ternpore
287 2881 358 2927 esse
379 2853 509 2953 possit?

221 2964 277 3034 30.
327 2957 405 3028 Non
424 2955 525 3053 igitur
541 2954 636 3029 facile
657 2955 822 3042 concedo,
846 2984 953 3056 neque
968 2957 1080 3029 Bmto
1106 2987 1184 3044 meo,

119 3085 226 3155 neque
244 3058 475 3131 communibus
488 3056 665 3155 magistris,
682 3063 819 3156 neque⁴
836 3058 1002 3132 veteribus
1012 3057 1094 3148 illis,
1114 3061 1184 3134 Ari-

120 3157 243 3244 stoteli,
269 3157 477 3258 Speusippo,
502 3159 698 3245 Xenocrati,
723 3158 911 3246 Polemoni,
935 3175 988 3245 ut,
1014 3188 1120 3260 quum
1142 3192 1184 3250 ea,

120 3286 205 3359 quae
219 3287 320 3360 snpra
338 3261 540 3349 enumeravi,
565 3261 600 3335 in
618 3260 713 3334 malis
730 3279 919 3350 numerent,
944 3261 1047 3335 iidem
1067 3264 1184 3350 dicant,

187 3450 204 3504 9
220 3444 272 3496 atii
288 3463 359 3515 quos.
376 3450 410 3497 At
426 3456 495 3498 recte
508 3450 550 3497 Or.
565 3447 634 3514 vulg.
652 3446 742 3515 explic.
760 3447 839 3564 ''dnid
854 3446 1011 3514 intelligam,
1032 3467 1112 3517 quum
1125 3451 1183 3502 bea-

121 3513 262 3564 tosdico.“
304 3516 397 3572 1Ern.
414 3532 436 3565 c.
452 3516 480 3565 P.
498 3513 578 3565 Gebh.
593 3516 624 3565 D.
650 3533 734 3585 quum.
792 3510 977 3566 ‚adn.‘infra.
1001 3519 1079 3584 §.72
1112 3519 1183 3577 2Sic

121 3581 206 3648 plures
222 3580 302 3631 Codd.
312 3581 358 3632 Ed.
373 3592 425 3633 vet.
436 3581 516 3632 Bouh.
531 3610 563 3620 -
579 3583 637 3633 Ero.
654 3600 676 3633 c.
693 3582 759 3650 vulg.
777 3600 794 3631 a
823 3601 854 3632 ue
868 3584 948 3632 etiam
962 3600 1032 3653 quae
1047 3586 1087 3655 pl.
1100 3605 1128 3656 p.
1139 3606 1182 3636 uc-

96 3699 99 3705 ,
120 3649 218 3698 cidere.
250 3652 327 3704 30r.
346 3650 408 3700 ott.
423 3648 495 3701 SVD.
511 3667 612 3718 semper
626 3667 682 3719 sap.
700 3649 737 3700 uti
754 3652 775 3718 §
792 3655 833 3707 31.
867 3652 943 3708 40r.
957 3653 1064 3711 esEv.
1084 3656 1181 3704 D.'nec.

121 3718 167 3778 „In
182 3714 275 3765 talibus
293 3716 324 3766 D.
341 3715 450 3782 Regium
465 3716 556 3785 uliosq.
581 3716 659 3767 Codd.
679 3715 909 3785 praestantissimos
924 3727 952 3768 et
968 3717 1117 3772 Victoriam
1134 3723 1181 3771 l'erc

120 3793 221 3835 secutus
236 3787 293 3832 est“
301 3818 308 3845 ,
327 3782 365 3834 uti
379 3794 466 3834 monet
480 3787 521 3834 Or.

171 3900 229 3949 Gur.
247 3901 283 3949 X.
300 3903 341 3957 29.
357 3913 445 3969 potest
464 3902 533 3967 esse)
560 3903 629 3952 Haec
665 3906 703 3960 16.
721 3900 784 3969 quid
797 3913 884 3970 potest
900 3920 959 3953 ease
981 3901 1008 3952 iu
1034 3922 1119 3957 rerum
1135 3925 1178 3956 ua-

120 3965 232 4046 lqgitima
255 3965 345 4017 horum
367 3968 544 4018 vocabulorum
562 3970 629 4036 apud
661 3979 718 4019 tura
741 3969 844 4018 homine
864 3968 974 4019 melius?
997 3969 1042 4021 ubi
1061 3990 1085 4023 v.
1101 3973 1178 4023 Hein-

120 4035 266 4084 cheronem
297 4044 336 4084 est
365 4035 510 4086 collocutio.
535 4038 568 4086 N.
596 4039 627 4086 D.
661 4036 727 4086 dors.
753 4054 778 4104 p.
804 4040 859 4094 136.
873 4066 906 4076 -
928 4037 1025 4089 Contra
1050 4057 1111 4091 mox
1125 4059 1177 4091 esse

119 4104 138 4152 l.
154 4103 195 4162 41,
217 4106 274 4159 116.
299 4107 338 4152 An
360 4101 492 4170 quicquam
509 4103 627 4155 eximium
655 4105 750 4174 possit.

88 4179 93 4187 ’
113 4181 274 4238 potestesse
291 4168 466 4223 incenatum.
483 4170 548 4222 [bid.
560 4173 591 4222 11.
599 4176 624 4235 6,
706 4171 855 4242 praestare)
875 4171 1051 4226 vadimonium
1065 4175 1159 4229 sistere.
