2640 4626
555 192 773 301 mannua
870 214 872 217 ’
1139 233 1203 309 149

125 353 222 430 libris
244 357 357 429 omnia
378 356 585 430 referserunt.
613 359 704 457 qnod
732 358 859 433 accidet
881 361 979 436 etiam
1002 364 1144 452 nostris,
1170 367 1199 439 si

125 461 168 532 ad
184 460 266 533 haec
282 459 391 532 studia
406 457 519 558 plures
536 457 761 550 confluxerint.
788 463 848 536 sed
866 491 940 552 eos,
965 464 995 538 si
1009 493 1200 565 possumus,

124 561 315 649 excitemus,
332 562 388 661 qui
397 559 577 634 liberaliter
589 562 720 650 emditi,
735 563 886 637 adhibita
899 566 997 641 etiam
1013 567 1199 644 disserendi

124 663 305 762 elegantia,
328 664 456 738 ratione
471 680 503 737 et
518 664 572 737 via
587 663 874 765 philosophantur.
899 669 956 742 Ill.
989 679 1021 750 7.
1036 671 1096 743 Est
1111 672 1199 746 enim

123 765 296 865 quoddam
324 793 428 864 genus
443 794 577 854 eorum,
603 765 710 866 quise
729 767 950 869 philosophos
964 770 1124 871 appellari
1142 762 1199 849 vo-

121 867 213 956 lunt,
238 896 381 967 quorum
401 869 558 941 dicuntur
579 869 775 943 esse-Latini
790 899 869 945 sane
883 873 978 945 multi
993 873 1098 950 libris
1112 904 1198 977 quos

121 990 194 1043 non
230 987 405 1044 contemno
438 971 610 1070 equidem,
635 971 761 1072 quippe
795 1002 880 1073 quos
904 1004 1084 1075 numquam
1111 976 1199 1076 lege-

122 1074 205 1147 rim:
231 1072 291 1147 sed
323 1073 402 1172 quia
425 1073 623 1172 profitentur
640 1073 707 1173 ipsi
723 1074 790 1163 illi,
816 1076 873 1175 qui
892 1105 949 1150 eos
968 1077 1136 1169 scribunt,
1161 1108 1198 1157 se

122 1202 232 1274 neque
256 1175 427 1261 distincte,
452 1203 560 1274 neque
585 1175 777 1264 distribute,
802 1206 909 1276 neque
932 1178 1114 1278 eleganter,
1139 1209 1197 1255 ne·

123 1305 190 1378 que
206 1294 320 1351 ornate
334 1277 501 1366 scribere3
522 1275 697 1352 lectionem
714 1276 785 1352 sine
801 1278 867 1361 ulla
884 1280 1100 1356 delectatione
1116 1276 1197 1383 neg-

121 1378 202 1478 ligo.
228 1380 311 1479 quid
332 1379 421 1453 enim
447 1377 575 1466 dicant,
598 1380 734 1480 etquid
756 1380 899 1453 sentiant
925 1382 973 1470 ii,
995 1383 1139 1483 quisunt
1153 1385 1195 1458 ab
1243 1379 1245 1383 ¹
1301 1391 1303 1399 ’

123 1504 164 1557 ea'
193 1481 389 1583 disciplina„
414 1482 779 1556 nemo⁸mediocriter
803 1483 939 1582 quidem
963 1484 1197 1585 doctus-igno-

121 1601 183 1657 rat.
209 1612 314 1684 quam·
329 1584 374 1657 ob
391 1611 461 1657 rem
481 1583 656 1682 quoniam,
679 1585 958 1684 quemadmodum
974 1586 1103 1676 dicant,
1127 1581 1196 1688 ipsi

120 1714 194 1765 non
215 1685 383 1759 laborant:
411 1714 469 1759 cur
488 1686 619 1783 legendi
649 1686 732 1774 sint,
758 1686 934 1787 nisiipsi⁹
955 1688 1111 1777 intense,
1137 1690 1195 1789 qni

121 1789 214 1862 idem
230 1789 384 1875 sentiunt,
408 1786 478 1861 non
494 1787 649 1885 intelligo.
700 1795 732 1868 8.
757 1791 853 1877 Nam,
877 1806 914 1862 ut
928 1789 1118 1879 Platonem,
1142 1819 1195 1865 re-

121 1890 305 1990 liquosque·
321 1891 530 1978 Socraticos,
556 1907 588 1962 et
609 1890 766 1990 deinceps
793 1918 868 1979 eos,
894 1892 951 1990 qui
977 1894 1018 1965 ab
1045 1893 1100 1966 his
1114 1921 1194 1992 pro-

120 1992 204 2067 fecti
228 2010 333 2081 sunt,
349 1992 461 2090 legunt
482 2020 617 2080 omnes,
643 1992 739 2066 etiam
765 1992 822 2092 qui
843 1992 970 2068 illaaut
986 2022 1060 2066 non.
1072 2022 1196 2095 appro-

120 2095 225 2183 bant,
251 2111 388 2168 autnon
407 2094 651 2177 studiosissime
668 2110 914 2182 consectantum,
938 2095 1120 2196 Epicurum
1137 2126 1194 2169 au-

119 2215 190 2270 tem
214 2212 246 2271 et
267 2197 499 2279 Metrodorum
522 2225 591 2268 non
613 2195 690 2289 fene·
709 2212 839 2296 praeter
863 2225 942 2269 suos
968 2199 1143 2298 quisquam
1157 2199 1194 2271 in

118 2297 242 2373 manus
267 2300 384 2373 sumit:
410 2299 458 2372 sic
486 2299 549 2370 hos
568 2296 837 2373 Latinosiisoli
865 2298 1111 2399 legunt¹,'qui
1138 2299 1194 2374 illa

119 2418 211 2476 recte
234 2401 301 2474 dici
322 2417 447 2502 putant.
473 2400 573 2473 nobis
599 2398 710 2473 autem
724 2398 871 2488 videtur,
897 2401 1061 2500 quidquid
1075 2401 1192 2474 litteris

117 2504 315 2592 mandetur,
340 2504 376 2577 id
407 2502 632 2577 commendari
663 2502 809 2578 omnium
833 2503 1037 2576 eruditorum
1058 2500 1193 2576 lectioni

165 2759 255 2817 ·8V.
272 2757 337 2808 Adn.
380 2759 475 2816 9Em.'
496 2758 565 2827 ipsis
581 2756 614 2809 de
640 2756 738 2809 Clerici·
756 2757 838 2822 ceni,
857 2757 928 2813 nulla
949 2763 1057 2823 cogente
1078 2756 1190 2807 necessi-

118 2836 184 2878 tate.
221 2828 310 2884 1Ero.
329 2843 343 2876 ο
358 2826 442 2877 Guelf.
456 2825 556 2897 legant.
581 2825 658 2878 Male.

173 2965 199 3019 6.
216 2944 323 3010 ratione
337 2971 364 3010 et
379 2961 439 3025 via)
455 2962 540 3011 Ratio
555 2972 581 3011 et
596 2962 643 3011 via
693 2985 696 2991 ·
721 2961 771 3078 poi
785 2970 847 3010 sunt
863 2958 940 3010 ab'ea
964 2957 1125 3029 disciplina)
1149 2956 1190 3008 sic

120 3046 168 3080 seu
176 3029 258 3079 viaet
266 3029 336 3078 ratio
347 3027 555 3094 idemsignificat,
589 3028 641 3079 nod
674 3026 719 3079 de·
743 3027 778 3077 in.
802 3028 844 3077 tv.
862 3031 895 3090 3,
919 3032 945 3084 7.
963 3024 997 3076 ab
1020 3043 1050 3076 eo
1068 3024 1190 3094 (Zenone)

118 3095 381 3174 graecum-uiderint).
415 3095 457 3150 Sic
465 3110 557 3180 graece
572 3045 642 3157 itte
674 3095 812 3162 quisunt:
839 3093 882 3144 ubi
904 3110 928 3142 v.
946 3082 1070 3149 Gberenz.
1090 3111 1117 3161 p.
1132 3095 1190 3151 427.

119 3163 646 3311 aessfftamutt.uitetur
673 3160 880 3308 ttulit
893 3160 1114 3313 tuente
1133 3165 1190 3277 tt·

119 3296 642 3432 unanimisadnuit
674 3295 1190 3430 tittdttttttt..ittditttttfs

120 3442 215 3484 servat.
239 3432 271 3482 de
288 3431 343 3482 Fin.
360 3433 402 3481 III.
424 3439 455 3493 5,
481 3436 522 3490 18.
539 3431 638 3481 ratione
672 3429 911 3491 tonis,Academiae.
927 3427 1190 3479 V.Passow.Grieclr.

120 3500 289 3552 constitutum
304 3509 331 3550 et
346 3498 395 3551 via.
421 3498 454 3549 de
472 3502 543 3552 Orat.
560 3501 579 3548 l·
596 3503 638 3560 25,
672 3497 767 3549 texit.-
785 3515 805 3547 s.
821 3514 845 3546 v.
865 3492 929 3548 dud.
945 3495 974 3561 0)
991 3496 1025 3562 7).

120 3572 181 3628 113»
198 3567 324 3618 rationem
340 3566 441 3628 dicendi
457 3566 572 3618 et-viam.
605 3566 639 3616 V.

120 3638 249 3688 Goerena.
264 3634 297 3685 ad
310 3634 366 3684 Fin.
382 3635 413 3685 tt
430 3639 461 3695 1,
486 3638 512 3692 3.
537 3634 642 3701 p.115'.

119 3703 165 3772 qui
173 3720 241 3752 unus
256 3702 328 3753 locus
344 3710 391 3764 est,
405 3702 449 3754 ubi
465 3703 512 3753 teia
527 3700 642 3770 quodam

120 3783 148 3823 et
163 3770 271 3820 ratione
284 3769 385 3820 dicitur.
409 3769 451 3820 Sic
464 3769 539 3819 nobis
553 3772 608 3819 Art
615 3785 641 3819 u.

120 3838 230 3900 mise,
243 3842 301 3888 'non
313 3837 406 3887 Weise
421 3855 447 3887 u.
464 3840 525 3888 Art.

172 3906 234 3956 Gen.
251 3907 295 3954 ΙΙΙ.
314 3909 339 3963 7.
374 3903 590 3957 uorum-multi
604 3904 641 3954 ii-

724 3614 798 3646 nemo
821 3595 989 3655 mediocriter
1012 3596 1117 3665 quidem
1140 3595 1190 3646 do-

675 3667 745 3733 ctus)
763 3663 848 3726 Quid?
866 3663 887 3713 si
904 3680 960 3714 cum
975 3663 1099 3716 Lambino
1117 3664 1142 3715 le
1159 3681 1190 3715 a·

675 3750 729 3797 mus
749 3749 823 3785 nenio
847 3749 881 3782 tte
904 3729 1072 3782 mediocriter
1086 3733 1132 3801 qni
1166 3750 1191 3782 m

677 3799 776 3850 doctus.
809 3797 939 3851 Particula
959 3816 993 3849 ne
1012 3798 1088 3849 facile
1111 3799 1191 3867 prima

674 3868 771 3936 syllaba
785 3865 992 3936 sequeutisvocis
1007 3866 1134 3917 absorberi
1140 3885 1191 3934 po-

674 3935 731 3986 tuit.
765 3935 835 3986 Alias
848 3935 943 4002 legitur
959 3933 1128 3984 mediocriter
1142 3935 1191 3984 do-
1218 3962 1221 3971 .

117 3973 176 4104 tt
191 3971 386 4104 teau.
404 3970 641 4091 tutamur
673 4004 940 4139 Quum
957 4000 1108 4053 ...m
1124 4005 1149 4064 1,
1164 4004 1190 4057 ³·

172 4107 327 4172 distribute)
343 4107 377 4155 H.
395 4123 418 4156 e.
431 4105 544 4158 adbibita
560 4124 642 4174 gene-

120 4194 177 4228 mm
195 4176 332 4226 informas
345 4171 534 4225 distributione.
549 4176 582 4226 V.
591 4177 641 4226 Er·
726 4172 916 4238 Metrodorum)
934 4171 967 4221 V.
988 4170 1097 4222 Greuzer
1111 4166 1144 4218 ad
1159 4165 1192 4216 de

120 4243 190 4296 nesti
204 4243 277 4294 (ileu.
293 4241 374 4292 Cicer.
388 4259 408 4293 s.
423 4257 448 4291 v.
676 4239 710 4292 N.
726 4242 759 4292 D.
775 4243 865 4314 iffi.
881 4258 911 4310 p.
928 4237 993 4298 ibt).
