2640 4626
117 197 178 265 104
361 204 641 257 TUSCULANARUM
659 202 938 255 DrsPuTa‘rsoNUM

116 324 153 413 ti,
165 323 244 397 vel⁹
261 320 454 396 domesticis
462 321 550 395 vitiis
561 320 798 422 atqnellagitiis
809 350 845 395 se
853 319 1133 422 inquinavissent,
1144 318 1195 393 vel

117 455 153 499 re
173 424 309 525 publica
322 424 477 499 violanda
496 424 631 499 fraudes
646 423 859 525 inexpiabilis
874 450 976 501 conce
1000 422 1128 510 issent,
1153 420 1196 495 iis

119 528 251 602 devium
276 526 445 627 quoddam
461 527 627 615 iterasse,
654 526 818 603 seclusum
840 554 860 601 a
875 450 1017 601 concilo
1031 523 1195 599 deorum:

119 630 177 729 qui
200 636 308 703 antem
329 658 364 703 se
382 629 530 728 integros
552 645 727 729 castosque
744 628 979 716 servavissent,
1004 626 1196 745 quibusque

119 730 236 806 suisset
252 732 390 805 minima
405 761 479 807 cum
497 731 694 831 corporibus
711 731 876 830 contagio,
901 758 1039 830 seseque
1053 729 1099 803 ab
1114 728 1192 803 Ιιιιι

120 862 252 934 semper
267 851 491 921 sevocasscut,
517 851 690 934 essentque
707 834 742 907 in
760 834 957 934 corporibus
971 831 1132 905 humanis
1149 822 1196 903 vi-

121 953 189 1009 tam
212 936 330 1009 imitati
357 937 514 1024 deorum;
540 936 593 1009 his
619 936 663 1010 ad
691 936 783 1026 illos,
810 937 969 1036 aquibus
987 949 1101 1009 essent
1116 961 1196 1034 pro-

121 1038 209 1127 secti,
235 1038 378 1112 reditum
392 1037 522 1113 facilem
536 1056 657 1138 patere.
709 1048 767 1120 73.
792 1039 868 1111 Ita²
891 1052 1143 1124 commemorat,
1161 1051 1197 1109 ut

123 1170 140 1214 c
165 1140 222 1239 gui
236 1147 266 1228 ³,
291 1141 349 1241 qni
365 1170 433 1214 non
444 1141 516 1215 siue
526 1170 642 1215 caussa
656 1140 807 1241 Apollini
819 1140 918 1215 dicati
928 1140 1006 1228 sint,
1030 1138 1095 1213 sed
1103 1136 1197 1239 quod

124 1170 165 1316 ab
186 1271 224 1316 eo
244 1243 481 1318 divinationem
497 1245 620 1318 habere
644 1243 834 1330 videantur,
860 1245 957 1342 qua4
979 1240 1197 1342 providentes

124 1345 206 1445 quid
221 1345 257 1417 in
267 1347 463 1420 morteboni
481 1347 533 1435 sit,
560 1375 635 1420 cum
649 1362 745 1419 cantu
765 1362 797 1419 et
813 1345 978 1444 voluptate
993 1343 1197 1431 morientum

124 1447 172 1521 sie
194 1449 349 1521 omnibus
374 1449 504 1522 bouis⁵
535 1464 567 1521 et
591 1448 698 1522 doctis
725 1476 796 1522 esse
811 1446 1007 1521 laciendum.
1033 1474 1099 1519 uec
1118 1473 1196 1519 vero

124 1548 166 1622 de
182 1551 246 1624 hoc
274 1551 449 1650 quisquam
474 1549 626 1623 dubitare
650 1565 779 1650 posset,
806 1550 872 1623 nisi
887 1549 977 1624 idem
992 1547 1095 1622 nobis
1111 1546 1197 1623 acci-

125 1651 233 1738 deret,
259 1652 434 1750 diligenter
459 1652 500 1725 de
524 1651 635 1724 animo
656 1652 896 1751 cogitantibus,
922 1650 1013 1751 quod
1034 1650 1080 1724 iis
1096 1676 1197 1749 saepe

124 1754 296 1840 usuvenit,
323 1754 381 1853 qui
393 1753 524 1853 quum*
541 1755 661 1828 acriter
678 1754 782 1828 oculis
801 1754 1006 1828 deficientem
1023 1753 1132 1827 solem
1148 1751 1198 1826 in-

193 1936 269 1996 9Sic
293 1939 326 1989 D.
344 1938 377 1988 de
402 1920 504 2007 egregia
529 1940 611 1990 Reutl.
636 1938 704 1991 coni.
728 1958 776 2021 pro
794 1940 861 2009 vulg.
887 1939 966 1990 νεῖαι.
1006 1941 1022 1998 1
1047 1936 1199 2005 Legeudnus

126 2025 149 2056 c.
169 2006 215 2055 SE.
232 2006 277 2055 iis.
320 2005 396 2063 28ic
411 2007 577 2059 Eru.·’tacite.
595 2011 638 2058 Or.
654 2007 755 2058 redunt
777 2007 845 2074 vulg.
863 2009 980 2075 Itaque,
1000 2005 1098 2056 collato
1116 2006 1156 2057 W

125 2073 194 2124 teub.
216 2072 249 2122 ad
258 2072 354 2123 Phacd.
371 2091 396 2140 p.
405 2079 465 2132 226.
499 2077 563 2132 31..
573 2075 639 2126 coui.
649 2077 749 2142 qycnis.
763 2077 873 2126 Frustra.
884 2077 915 2125 V.
925 2074 990 2125 Adn.
1024 2072 1142 2132 almas
1164 2072 1198 2123 Μ.

125 2141 196 2209 quia.
214 2139 290 2191 Male.
307 2141 374 2191 Hinc
391 2143 423 2192 D.
441 2159 509 2209 susp.
545 2144 643 2195 uasi-
651 2145 804 2194 moriuntur.
820 2143 930 2193 Frustra.
965 2148 982 2200 5
999 2140 1040 2191 ste
1053 2140 1086 2191 ΙΙ.
1096 2140 1121 2191 b.
1139 2138 1200 2190 alti-

126 2223 175 2276 que
193 2207 272 2258 Codd.
289 2209 320 2257 D.
336 2237 368 2247 -
385 2210 444 2259 Em.
457 2227 480 2260 c.
496 2160 563 2277 varig.
581 2223 608 2261 et
624 2209 706 2262 lionis.
722 2210 800 2261 Male.
843 2212 856 2244 Ι
875 2213 973 2260 Oxonn.
992 2207 1051 2275 aliq.
1071 2208 1109 2259 M.
1128 2207 1197 2258 oliv.

126 2274 192 2324 Lall.
211 2274 293 2325 omitt.
312 2294 396 2344 quum.
413 2277 490 2328 Male.
506 2280 537 2330 V.
551 2279 629 2352 Αδο.χ

127 2391 645 2527 iffiiiillssil.liiiiliiullii‘e'.
677 2389 1121 2514 lalttlttislllalla
1140 2390 1200 2509 id.

127 2527 185 2576 Era.
203 2527 354 2593 „quominus
368 2529 489 2595 se(auimi
515 2549 530 2579 a
574 2531 645 2580 iscu—
677 2531 775 2581 tionem
797 2529 825 2579 in
852 2528 1002 2597 Mytbolog.
1036 2529 1084 2577 ΒΓ.
1135 2561 1144 2577 .
1169 2527 1206 2577 ΙΙ.-

128 2593 194 2643 erint
216 2605 291 2660 atque
317 2594 487 2661 implicuerint
516 2596 645 2647 homiuum
678 2616 704 2665 p.
723 2602 765 2656 98.
784 2613 839 2663 sqq.

128 2660 197 2709 vitiis
220 2671 296 2728 atque
313 2662 466 2713 erroribua.“
500 2664 571 2713 Nihil
594 2664 646 2729 igi·
727 2667 756 2717 A
772 2662 955 2729 allinidicati)
973 2661 1040 2711 Hinc
1054 2659 1125 2728 apud
1133 2660 1199 2711 Pla·

128 2738 170 2777 tur
187 2728 345 2778 correctione
360 2746 424 2796 opus
450 2739 496 2780 est.
513 2731 545 2780 V.
563 2733 594 2782 V.
613 2732 643 2780 L.
678 2741 734 2782 ton.
751 2682 773 2780 ll
790 2730 814 2781 d.
839 2730 914 2797 cygni
940 2727 1048 2779 audiunt
1072 2727 1202 2795 Apollinis

128 2822 163 2834 -
186 2795 354 2845 dedidissent
385 2797 485 2861 gravius
508 2806 547 2847 est
572 2815 646 2864 quam
679 2797 867 2862 θεράποντεςτ
893 2797 935 2847 ubi
952 2815 976 2847 v.
1000 2812 1064 2864 quae
1090 2795 1202 2847 contulit

129 2861 266 2912 dedissent.
280 2863 318 2911 Cf.
332 2866 417 2912 Somu.
428 2864 494 2931 Seip.
513 2864 530 2913 l.
544 2864 570 2914 d.
590 2865 646 2915 Cat.
680 2866 813 2917 HeindorF.
830 2884 854 2932 p.
873 2867 928 2922 124.

128 2928 190 2979 Mai.
210 2933 250 2987 13.
268 2946 343 2996 quum
363 2948 390 2979 aa
410 2930 582 2999 voluptatibus
598 2932 647 2982 de·
730 2951 782 3003 qua
801 2930 980 3002 procidentes)
1024 2929 1203 2998 Exspectabis

130 2995 256 3046 diderunt·
680 3018 734 3070 qua
758 3001 908 3081 praevident.
957 2998 1042 3049 Verba
1066 2997 1136 3047 enim
1159 3015 1203 3049 se-

181 3063 332 3113 domesticis
354 3064 440 3131 vitiis)
465 3068 499 3116 H.
525 3084 547 3116 e.
562 3067 588 3117 iu
602 3085 647 3117 re·
680 3074 782 3136 quentia
809 3086 866 3118 cum
899 3078 979 3117 cantu
1010 3077 1036 3116 et
1066 3065 1205 3135 voluptate

129 3130 176 3195 bus
200 3128 321 3196 privatis,
353 3130 381 3181 in
408 3133 461 3184 vita
483 3134 590 3200 privata.
613 3165 646 3174 -
679 3138 827 3188 moriantur
840 3132 973 3185 referenda
993 3142 1053 3183 sunt
1074 3132 1109 3182 ad
1123 3150 1204 3200 prae·
1228 3196 1231 3201 Ι

129 3198 192 3246 Mox
203 3194 322 3264 fraudes
338 3208 398 3248 suut
414 3201 544 3264 facinora,
570 3202 646 3268 flagi·
681 3223 766 3271 gressa
779 3204 871 3253 verba:
890 3214 919 3253 ιιι
933 3202 1023 3271 cygni.
1042 3198 1133 3251 Cicero
1149 3200 1159 3250 i
1180 3200 1204 3239 '-

130 3263 182 3325 tia,
201 3264 303 3328 scelera,
320 3266 360 3316 vel
374 3268 475 3318 sceleris
490 3268 648 3336 impiecom-
680 3284 723 3322 tur
737 3280 864 3322 structura
878 3269 986 3320 excidit:
1022 3270 1117 3318 uamL
1179 3266 1204 3318 i·

130 3330 199 3382 missi
207 3349 283 3382 noxa.
301 3332 385 3385 Divin.
394 3337 415 3386 1.
423 3338 448 3397 4,
458 3342 481 3394 7.
491 3335 568 3404 impia
575 3338 648 3387 irau-
681 3358 728 3389 nus
750 3338 911 3388 restituturus
931 3285 1067 3402 legendnm
1089 3335 1204 3387 coniecit

131 3398 164 3449 de
173 3399 290 3467 obligari.
308 3402 387 3469 Legg.
400 3405 417 3453 1.
433 3404 474 3465 14,
491 3405 534 3461 40.
554 3422 648 3472 augore
682 3419 711 3457 ne
732 3407 843 3484 cygnis:
871 3421 935 3472 quac
963 3420 1024 3454 vero
1054 3403 1204 3454 emendatio

131 3467 302 3519 conscientiae
315 3470 461 3538 fraudisque
477 3472 599 3523 cruciatu.
682 3475 713 3524 ab
730 3473 803 3523 hmus
827 3472 879 3523 loci
894 3470 1021 3521 sententia
1045 3469 1203 3521 alienissima

180 3540 222 3593 73.
239 3547 268 3588 ut
290 3539 387 3607 cygni)
427 3528 647 3592 Platou.⁹Plraed.
682 3551 729 3591 est.

131 3603 205 3718 pal.
224 3621 246 3653 e.
266 3603 299 3670 (p.
310 3607 365 3663 124.
376 3604 416 3654 ed.
426 3605 509 3673 Hdrf.)
528 3617 554 3657 et
569 3612 647 3676 p.85.
733 3608 802 3677 quod
816 3607 853 3658 iis
868 3622 1010 3676 snspensas
1025 3605 1109 3672 venit)
1128 3607 1163 3656 ΙΙ.
1181 3623 1204 3655 e.

150 3669 286 3754 mlss125·
305 3672 349 3737 Η.)
376 3670 404 3723 ol
419 3673 518 3727 κύκνοι
543 3702 577 3715 ·-
598 3675 650 3727 τοῦ
683 3676 752 3743 quod
769 3676 800 3724 iis
821 3691 896 3742 saepe
912 3673 1019 3724 accidit:
1044 3690 1091 3740 pro
1112 3672 1149 3723 rie
1165 3682 1204 3723 est

130 3733 303 3797 'Anotlnvoe
317 3735 394 3798 deses
408 3741 538 3807 μαντικοί
551 3740 581 3794 ee'
597 3741 650 3793 εἰσι
683 3742 752 3810 quod
759 3761 786 3793 ae
793 3742 848 3791 usui
856 3742 897 3792 vel
905 3740 1074 3809 experientiae
1090 3691 1204 3791 liominis

131 3802 180 3855 nat
193 3802 355 3869 προειδότες
368 3804 404 3858 τὰ
421 3804 450 3861 ἐν
464 3808 536 3862 ἅδον
553 3806 650 3874 aaut&
684 3810 760 3861 offert
774 3810 826 3859 sive
841 3809 868 3859 in
881 3810 982 3871 bonam,
999 3807 1094 3858 sivein
1110 3808 1204 3859 malam

131 3868 232 3939 ᾆδονοὶ
253 3887 282 3924 τε
304 3870 352 3927 iat
372 3862 520 3941 τέρπονται
542 3872 651 3941 ἐκείνην
682 3886 789 3944 partem,
804 3876 842 3926 uti
856 3888 925 3927 recte
941 3875 1203 3944 explicatGernhard.

130 3935 184 4003 τὴν
197 3936 301 4004 ἡμέραν
317 3940 506 4010 διαφερόντως
528 3938 546 4008 ἢ
566 3940 650 4010 ἐντῷ
683 3944 915 4007 adsecuntur,
934 3949 959 4002 7.
978 3945 1027 3994 Pro
1044 3961 1093 3992 usn
1109 3944 1205 3994 venire

130 4003 258 4071 πρόσθεν
278 4006 378 4080 χρόνῳ.
412 4010 451 4060 De
468 4026 606 4076 cygnorum
622 4009 649 4059 in
680 4012 773 4080 passim
788 4011 815 4062 iu
829 4022 940 4061 veterum
955 4011 1106 4079 scriptorum
1114 4028 1204 4061 exem-

130 4082 213 4123 morte
229 4084 313 4138 cantu,
331 4076 472 4145 antiquitus
481 4076 588 4126 maxime
603 4095 649 4127 ce·
680 4079 792 4147 plaribus
805 4079 898 4146 legitur
918 4098 968 4130 usn
984 4079 1106 4129 ersenire:
1136 4078 1204 4128 inter

130 4137 239 4205 lobreto,
256 4143 351 4194 multos
362 4162 380 4194 e
392 4143 520 4193 veteribus
536 4144 648 4212 scripto·
681 4158 812 4216 utramque
830 4147 1007 4215 loquutioncm
1025 4148 1151 4197 Goerenz.
1171 4144 1203 4196 ad

130 4206 199 4261 n'bas
212 4218 291 4261 testes
304 4209 425 4262 excitavit
440 4209 555 4262 Davisius
572 4212 606 4264 ad
620 4212 647 4265 h.
680 4215 775 4268 Finv.
785 4220 818 4278 2,
835 4216 861 4273 4.
878 4233 904 4282 p.
921 4217 980 4273 534.
996 4214 1024 4264 id
1040 4212 1203 4265 statuendum
