2640 4626
122 195 183 262 100
367 190 649 243 Tuscmauauum
666 188 946 241 orseummouun

122 331 191 401 est,
230 311 373 384 sormam
400 336 511 380 suam:
547 335 748 409 quamquam
767 306 945 380 fortasse³
980 307 1015 379 id
1047 335 1202 411 quoque;

122 416 182 493 sed
213 412 456 511 relinquamus:
489 409 557 482 vim
592 425 711 497 certe,
728 409 957 508 sagacitatem,
990 410 1202 517 memoriam,

122 520 300 603 motumst,
333 511 532 588 celeritatem
557 512 654 586 videt.
686 511 768 584 haec
793 540 932 610 magna,
965 512 1046 585 haec
1072 510 1201 600 divina,

122 623 204 696 haec
230 616 431 716 sempiterna
454 630 538 687 sunt.
590 613 677 714 Qua.
690 613 775 687 sacie
798 612 933 715 quidem
960 613 1020 702 sit,
1058 631 1117 688 aut
1140 615 1200 688 ubi

121 721 266 807 habitet,
285 747 333 793 »ne
350 717 575 818 quaerendum
593 715 727 817 quidem
744 732 800 789 est.

222 821 380 896 XXVIII.
398 827 463 900 268.
488 821 551 906 Ut,
578 846 680 917 quum
703 817 853 892 ridemus
870 819 1016 919 speciem
1038 819 1201 919 primum,

123 915 366 1022 candoremque
376 921 498 1008 ‘coelia
515 920 638 994 deinde
658 921 884 994 conversionis
903 920 1103 995 celeritatem
1126 939 1200 995 tan·

122 1045 200 1115 tam,
226 1041 382 1125 quantam
400 1023 544 1122 cogitare
561 1052 629 1096 non
649 1024 839 1123 possumus,
863 1040 934 1096 tum
949 1023 1200 1099 vicissitudines

122 1128 252 1203 dierum
284 1133 409 1226 atque⁵
441 1125 607 1215 noctium3
643 1126 981 1225 commutationesque
1007 1142 1200 1227 temporum

122 1229 397 1331 quadripartitae,
423 1228 467 1301 ad
486 1227 708 1301 maturitatem
725 1227 858 1326 frugum
875 1245 906 1301 et
927 1229 970 1301 ad
984 1230 1201 1328 temperatio·

122 1362 199 1407 nem
226 1359 404 1432 corporum
427 1346 542 1430 aptas;
576 1358 756 1429 eorumque
779 1330 928 1403 omnium
951 1330 1200 1406 moderatorem

122 1453 155 1509 et
174 1436 293 1508 ducem
309 1432 434 1520 solem3
458 1432 653 1530 lunamque,
680 1431 865 1505 accretionc
886 1450 918 1506 et
936 1432 1196 1507 deminutione⁶

120 1537 255 1610 luminis
275 1535 370 1635 quasi
384 1533 547 1606 fastorum
564 1533 653 1606 notis
672 1533 857 1632 signantem
875 1535 967 1621 dies;
993 1551 1064 1607 tum
1084 1536 1124 1608 in
1143 1564 1201 1610 eo·

120 1640 198 1713 dem
219 1639 311 1725 orbe,
331 1638 368 1710 in
382 1634 559 1709 duodecim
575 1634 679 1735 partis
694 1636 892 1724 distributo,
919 1636 1065 1737 quinque
1084 1637 1199 1713 stellas

120 1741 211 1828 ferri,
235 1739 369 1813 eosdem
390 1765 506 1810 cursus
530 1738 795 1811 constantissime
814 1738 986 1827 servantis,
1002 1738 1200 1838 disparibus

120 1843 207 1916 inter
228 1869 265 1915 se
289 1838 454 1928 motibus;
479 1855 740 1938 nocturnamque
767 1840 849 1914 coeli
880 1840 1023 1914 samiam
1046 1843 1198 1943 undique

121 1943 287 2017 sideribus
305 1958 474 2030 ornatam;
499 1958 569 2014 tum
585 1941 722 2039 globum
741 1958 847 2019 terrae
858 1943 1056 2017 eminentem
1074 1945 1197 2031 emari,

120 2046 221 2119 lixum
241 2045 277 2117 iu
293 2043 540 2143 mediomundi
562 2043 707 2117 universi
723 2042 807 2132 loco,
834 2045 965 2118 duabus
980 2046 1048 2119 oris
1068 2047 1196 2122 distan-

143 2236 150 2253 ·
186 2212 262 2272 38ἰο
277 2207 322 2265 W.
339 2212 372 2262 de
395 2212 462 2263 coni.
486 2215 528 2262 Or.
555 2229 576 2262 c.
594 2211 661 2279 vulg.
688 2210 831 2281 fortasse!
851 2232 1010 2331 puamquam
1032 2215 1063 2265 id
1080 2234 1194 2288 quoque:

121 2298 186 2350 quae
201 2280 291 2330 ultima
306 2280 384 2330 verba
404 2298 420 2329 a
442 2279 648 2347 philosophastro
672 2281 782 2347 quodam
804 2298 850 2350 pro
863 2294 920 2334 ecta
941 2294 1036 2334 censet.
1078 2287 1097 2342 4
1115 2288 1148 2336 D.
1166 2284 1196 2335 de

120 2348 203 2399 Bentl.
221 2347 287 2398 coni.
313 2360 397 2397 motus
419 2347 596 2410 celeritatem,
619 2365 728 2426 compar.
753 2367 775 2399 c.
794 2353 846 2411 28,
865 2357 906 2408 70.
953 2353 1029 2409 50r.
1056 2369 1079 2403 c.
1099 2354 1133 2404 R.
1152 2354 1193 2406 Gr.

121 2418 153 2468 D.
170 2434 211 2467 aa.
246 2419 263 2474 6
279 2414 320 2465 aie
337 2417 368 2467 R.
386 2415 416 2465 L.
434 2416 466 2465 D.
478 2416 543 2466 Era.
562 2432 584 2466 c.
603 2424 693 2465 cetone
711 2416 892 2468 diminutione.
910 2419 941 2469 V.
959 2417 1025 2468 Adn.

120 2525 162 2567 tur
177 2516 210 2566 de
225 2532 261 2577 re,
278 2530 344 2582 qnae
357 2513 412 2564 fieri
423 2524 526 2581 poteat;
544 2514 641 2581 imper·
674 2515 700 2566 di
714 2526 741 2566 et
754 2516 921 2584 temperatio:
939 2518 1060 2585 adquam
1075 2518 1194 2570 locumv.

121 2584 216 2635 fectum
230 2582 272 2633 vel
286 2582 563 2649 plusquamperfectum
578 2581 641 2630 sub-
673 2584 788 2634 Macrob.
804 2585 831 2647 Ι,
849 2590 893 2643 20.

121 2651 226 2701 iunctivi
243 2649 275 2699 de
296 2665 340 2711 re,
367 2665 433 2714 quae
448 2665 501 2698 non
517 2657 572 2710 eat,
599 2647 640 2697 vel
724 2651 913 2719 deminutione)
948 2651 1032 2718 Vulgo
1061 2652 1089 2703 le
1109 2654 1196 2705 ebatur

121 2717 176 2769 fieri
197 2734 250 2769 non
269 2724 364 2784 potest.
402 2714 441 2763 Cf.
465 2717 558 2782 Zumpt
579 2716 638 2765 Lat.
673 2717 849 2770 diminutione
872 2719 904 2786 (v.
921 2719 953 2770 V.
969 2720 1020 2786 Ia).
1044 2721 1074 2770 Μ
1104 2739 1128 2772 e.
1144 2722 1195 2772 Di-

121 2786 168 2835 Gr.
187 2787 258 2853 §.78
274 2800 302 2849 p.
315 2786 375 2840 393.
409 2783 490 2849 Supra
505 2799 527 2831 c.
536 2785 578 2844 11,
595 2787 637 2840 23·
672 2788 758 2838 minui
780 2786 847 2836 enim
869 2787 990 2836 dicamur
1007 2804 1063 2849 ree,
1091 2789 1196 2856 quaein

122 2855 249 2922 Cuperem
257 2849 377 2917 equidem
386 2859 528 2917 utrumque,
542 2851 569 2899 si
594 2867 639 2900 os·
672 2853 784 2904 diversas
798 2863 884 2921 partes
900 2854 1054 2916 minuuntur,
1073 2854 1133 2906 h.e.
1143 2856 1195 2906 dis·

122 2930 179 2976 um
198 2917 247 2971 aed
269 2928 310 2966 est
326 2913 445 3032 drl'sficile
467 2914 565 2985 confun
586 2937 638 2968 ere.
673 2930 805 2983 secantur,
837 2920 1014 2971 discinduntur
1034 2931 1116 2990 atque
1132 2924 1195 2975 adeo

122 3004 145 3036 c.
162 2988 212 3046 33,
238 2987 281 3041 81.
313 2984 408 3033 velem
433 2982 529 3035 adesse
549 2996 640 3055 posset
673 2987 849 3048 destruuntur;
883 2988 1001 3043 deminui
1032 2999 1122 3041 antem
1148 3008 1196 3053 rea,

121 3051 270 3103 Panaetius
285 3049 327 3116 (at
338 3048 473 3102 Panaetius
490 3051 541 3102 iam
557 3052 640 3119 obiit).
673 3072 739 3122 qaae
758 3055 909 3106 decrescunt
932 3056 1035 3124 quidem
1048 3066 1078 3106 et
1092 3068 1197 3111 amenu-

122 3136 146 3170 o.
153 3118 197 3176 41.
211 3117 330 3186 equidem
342 3136 422 3188 saepe
434 3121 528 3181 emori,
542 3119 641 3185 eifieri
674 3132 757 3185 antur,
775 3123 820 3172 aed
835 3123 880 3184 ita,
897 3133 926 3173 ut
940 3140 992 3174 non
1008 3123 1090 3190 plane
1102 3125 1196 3178 dissol-

60 3204 64 3213 ·
119 3195 218 3256 posset,
233 3185 466 3250 voluat-,mo-
483 3186 642 3239 Noevellem
672 3199 772 3240 vantur.
806 3191 838 3243 V.
854 3190 974 3240 Ochsner.
984 3192 1037 3242 Ecl.
1049 3192 1106 3244 cte.
1114 3211 1142 3262 p.
1157 3199 1196 3253 10.

119 3252 505 3381 praznrioffiegffipggaenbpe.
620 3320 626 3330 Ι
674 3255 717 3374 gui
738 3257 828 3383 laudgt
849 3257 1011 3324 Oudendorp.
1037 3259 1074 3310 ad
1091 3263 1194 3312 Sueten.

194 3336 233 3370 aa.
360 3356 367 3371 .
418 3358 424 3372 .
522 3337 641 3372 numm-
695 3341 784 3375 aesc.
816 3360 822 3375 .
1088 3350 1090 3355 ·

123 3387 222 3454 demae)
237 3337 558 3456 Particulaeutrespbnqdet
567 3390 589 3456 Ι.
597 3393 638 3446 70.
723 3390 796 3458 orbe)
812 3393 846 3442 N.
862 3392 893 3443 D.
914 3394 954 3455 11,
972 3397 1017 3451 20.
1035 3392 1135 3446 dicitur
1152 3412 1195 3445 or-

123 3455 164 3506 eie
177 3465 289 3505 merrtem
304 3454 419 3506 hominis
436 3466 487 3506 etc.
672 3456 714 3509 bia
733 3456 860 3529 signifer.
895 3459 979 3510 Divin·
1000 3462 1039 3522 Π,
1056 3463 1105 3520 42·
1140 3463 1195 3514 Vim

170 3523 433 3592 commutationesque
460 3548 495 3563 ·-
521 3521 641 3590 ,quadri—1
671 3526 797 3594 quandam
813 3544 867 3577 ease
878 3527 1003 3593 signifero
1018 3527 1045 3577 in
1062 3530 1136 3592 orbe,
1154 3529 1194 3608 qui

117 3591 246 3661 partitos)
264 3590 296 3642 V.
313 3591 348 3641 N.
362 3592 394 3640 D.
409 3590 447 3650 ΙΙ,
466 3592 508 3648 19·
670 3611 764 3660 graece
782 3593 918 3657 ζωδιακὸς
940 3594 1040 3645 dicitur.
1053 3624 1090 3635 -
1116 3599 1194 3648 Huius

171 3657 209 3708 ad
238 3657 453 3727 temperationem
489 3660 638 3728 carporum)
671 3662 740 3712 orbis
756 3661 891 3713 duodecim
904 3662 1017 3728 partium
1031 3664 1139 3715 nomina
1152 3681 1194 3715 re-

121 3724 310 3786 InfraIV.13‚
327 3729 370 3783 30.
405 3725 443 3774 Ut
458 3724 525 3775 enim
543 3742 638 3803 corpo-
672 3727 748 3779 dueta
766 3740 824 3780 sunt
841 3729 868 3779 in
885 3728 932 3780 hos
948 3747 1048 3780 versus:

120 3792 163 3843 ria
176 3793 339 3863 temperatio,
356 3804 433 3858 quum
448 3808 478 3842 ea
493 3801 636 3858 congruunt
702 3799 766 3846 Sunt
781 3795 861 3859 aries,
878 3806 980 3858 taurus,
1015 3797 1111 3861 emini,
1130 3817 1191 3850 cau-

120 3858 187 3910 inter
200 3877 244 3924 se,
261 3858 377 3938 equibus
392 3867 548 3921 constamus,
565 3860 637 3910 sani-
711 3888 713 3895 s
752 3891 754 3896 .
923 3881 979 3926 oer,
996 3814 1057 3926 ico,
1077 3867 1159 3933 virgo,

120 3935 177 3987 tare
198 3926 236 3978 aio
257 3924 335 3977 menri
356 3925 466 3988 dicitur,
491 3943 569 3995 quum
583 3927 637 3976 eius
669 3977 672 3982 ,
704 3927 849 3998 Libraque,
875 3931 1003 3999 scorpius,
1036 3933 1189 3995 arcitenens,

118 3993 212 4046 iudicia
227 3993 408 4062 opinionesque
423 3993 588 4044 concordant.
805 4015 898 4065 caper,
915 3998 1046 4066 amphora,
1056 4001 1159 4068 pisces.

169 4060 372 4125 moderatorem)
402 4062 486 4110 Somn.
515 4060 583 4127 Scip.
607 4061 633 4118 4.
715 4064 830 4133 quinque
845 4065 948 4131 stellas)
963 4065 1094 4132 Planetaa,
1114 4085 1189 4120 exce-

117 4126 164 4179 sol
177 4155 211 4168 -·
225 4127 277 4177 dux
298 4137 325 4179 et
337 4126 455 4206 princeps
475 4136 502 4177 et
514 4128 635 4179 modera—
667 4130 718 4198 ptis
735 4131 790 4182 sole
807 4142 834 4183 et
848 4132 917 4184 luna.

116 4193 462 4264 certaminumrequuomm
476 4211 546 4248 mem
557 4213 633 4248 mun-
717 4198 748 4249 in
763 4199 850 4250 medio
869 4201 963 4252 mundi
979 4201 1043 4268 loeo)
1062 4202 1185 4254 Nimirum
