2640 4626
652 98 660 125 ,
698 98 705 115 .

216 191 277 269 180
460 199 1039 255 ruscuuauaauuorsruranouuu

213 322 331 409 situm,
357 345 417 392 sua
430 335 550 418 sponte
566 318 749 408 laudabile;
775 317 1018 419 quodquidam
1032 316 1131 391 citius
1144 287 1287 423 dixerini

214 423 333 510 solum,
366 449 466 521 qnam
492 449 561 493 non
587 448 752 511 summum
774 421 909 495 honum.
960 421 1071 520 Atque
1092 437 1130 492 ut
1144 420 1231 495 haec
1245 414 1282 497 di

213 526 375 612 honesto,
400 524 450 596 sic
477 523 518 596 de
540 525 629 625 turpi
646 522 828 599 contraria:
853 522 938 596 nihil
953 541 1021 597 tam
1037 540 1178 615 tetrum,
1203 522 1282 599 nihil

212 645 281 702 tam
299 625 587 727 adspernandum,
612 624 696 700 nibil
713 627 847 699 homine
864 626 1044 726 indignius.
1270 619 1280 634 ⁸

312 734 370 809 47.
397 727 500 824 Quod
524 728 553 801 si
580 728 642 801 tibi
668 757 864 829 persuasum
889 746 955 803 est:
982 726 1170 829 (principio
1196 724 1281 801 cuim

213 830 344 923 dixisti,
377 831 453 930 plus
480 830 516 902 in
544 830 706 906 dedecore
730 831 810 904 mali
825 830 888 903 tibi
903 831 1028 919 videri,
1053 858 1156 930 quam
1173 828 1211 903 in
1225 830 1282 925 ἀφ

211 933 281 1008 lore
292 938 317 1033 :)
341 932 507 1031 reliquum
523 949 589 1020 est,
614 950 651 1005 ut
664 950 733 1006 tute
746 933 809 1006 tibi
827 933 978 1033 imperes.
1004 959 1211 1033 quamquam
1220 930 1281 1008 hoe

211 1036 325 1111 nescio
348 1063 415 1135 quo
437 1034 539 1129 mado
555 1036 701 1127 dicatur3
726 1036 822 1136 quasi
841 1036 908 1109 duo
924 1036 1047 1123 simus,
1070 1052 1109 1106 ut
1123 1032 1209 1109 alter
1223 1024 1284 1133 ini-r

210 1153 315 1240 peret,
331 1134 413 1210 alter
426 1155 556 1237 pareat:
582 1168 651 1212 non
666 1139 787 1212 inscite
797 1154 906 1210 tamen
922 1138 1050 1212 dicitur.
1101 1136 1200 1209 XXI.
1224 1136 1281 1210 Est

210 1239 299 1314 enim
326 1239 455 1312 animus
479 1240 515 1312 in
530 1242 635 1341 partis
658 1240 802 1313 tributus
821 1241 924 1315 duas:
951 1267 1091 1339 quarum
1109 1238 1216 1313 altera
1231 1267 1279 1337 ra-

210 1335 311 1433 tionis
338 1358 387 1415 est
402 1342 588 1444 particeps,
613 1342 714 1416 altera
727 1371 852 1443 expers.
878 1370 980 1442 quum
996 1341 1097 1440 igitur
1112 1341 1279 1443 praecipi-

208 1461 271 1534 tur,
284 1461 320 1517 ut
328 1444 494 1517 nobismet
501 1445 584 1546 ipsis
596 1451 611 1498 ³
625 1446 837 1546 imperemus,
849 1444 1137 1546 hocpraecipitur,
1151 1443 1277 1531 utratio

208 1556 357 1621 co’e‘rceat
370 1547 595 1620 temeritatem.
644 1548 704 1620 Est
723 1547 758 1619 in
776 1546 896 1620 animis
914 1546 1063 1621 omnium
1077 1545 1148 1620 fere
1161 1561 1276 1619 natura

206 1647 306 1723 molle
324 1647 495 1747 quiddam,
521 1647 720 1737 demissum,
746 1648 885 1737 humile,
912 1665 1100 1723 enervatum
1115 1647 1276 1748 quodam-

206 1740 308 1825 modo
341 1765 374 1822 et
404 1748 639 1848 languidumt
665 1751 695 1824 si
717 1750 802 1826 nihil
821 1767 909 1825 esset
922 1751 1030 1840 aliud,
1054 1749 1142 1857 nihil
1158 1758 1272 1825 esset⁵

271 1936 337 1995 SV.
353 1933 418 1988 aun.
452 1934 529 1994 48ic
546 1939 609 1995 021.
627 1936 710 1988 MLD.
743 1936 818 1997 &Sic
832 1936 914 1988 MLD.
932 1965 964 1976 -
978 1937 1037 1991 Era.
1056 1953 1079 1988 c.
1098 1936 1176 1993 ΜΝ.
1194 1935 1270 1991 Geth.

205 2003 271 2061 Lall.
289 2004 315 2054 si
338 2001 410 2053 nihil
430 2003 522 2064 aliud,
540 2004 613 2054 nihil
625 2017 703 2056 esset.

253 2105 295 2162 47.
312 2113 367 2153 tate
386 2100 444 2168 riht)
469 2102 511 2152 Sic
528 2103 560 2153 de
587 2103 659 2154 Offic.
677 2105 722 2155 ΠΙ.
757 2104 830 2155 Catil.
860 2122 882 2156 c.
906 2109 952 2163 20.
974 2103 1110 2172 legendum
1136 2114 1192 2158 est:
1223 2105 1272 2157 nisi

204 2175 267 2234 Μ.
284 2187 347 2221 neve
357 2168 509 2235 committas,
524 2180 561 2234 ut,
579 2188 655 2289 quum
663 2188 723 2221 om·
755 2185 856 2223 uocaret
892 2173 968 2250 ipsos
996 2173 1184 2236 vindicamus,
1224 2190 1271 2225 non

205 2239 248 2289 nia
260 2237 422 2306 suppeditata
443 2236 495 2287 sint
519 2254 583 2289 ano
602 2238 640 2301 is,
666 2250 722 2290 tute
755 2252 855 2290 nosmet
885 2242 955 2309 apsi:
986 2239 1056 2308 quod
1084 2249 1183 2292 temere
1211 2240 1271 2292 tueri

205 2304 256 2357 sibi
272 2305 382 2356 delirisse
400 2302 511 2356 videare.
753 2307 840 2357 studet
857 2307 975 2370 Cottius,
1001 2307 1044 2374 qui
1062 2307 1165 2359 scilicet
1181 2326 1271 2377 perpe-

254 2373 313 2424 Car.
339 2373 415 2422 XXI.
438 2371 567 2490 tributusp¹
595 2370 722 2424 Tribuere
752 2392 807 2425 ram
822 2374 926 2437 uanus,
956 2375 1024 2443 apud
1038 2376 1195 2427 vetustiores
1211 2376 1272 2428 scri·

203 2440 295 2509 passim
310 2439 402 2491 dicitur
415 2456 463 2507 pro
479 2439 550 2490 distri
569 2456 636 2491 uere.
654 2444 720 2490 Ora·
752 2451 839 2509 ptores
864 2458 1005 2509 pronomen
1028 2442 1086 2512 ipse
1102 2443 1188 2512 primo
1217 2461 1271 2496 casu

203 2517 246 2560 tur
261 2526 282 2559 c.
296 2512 338 2566 33.
358 2517 388 2557 ut
405 2507 483 2558 ineas
506 2517 591 2575 partes
614 2506 720 2557 tribua-
752 2527 809 2559 cum
826 2508 876 2559 alio
891 2526 1041 2576 quocunque
1054 2511 1160 2561 alterius
1176 2508 1271 2581 prouo-

203 2586 248 2627 tur
267 2574 356 2625 amnis
372 2574 464 2625 oratio.
481 2601 515 2614 —
548 2574 623 2636 Quod
635 2585 720 2625 autem
751 2576 825 2627 minis
839 2594 898 2626 casu
912 2577 1025 2628 iunctum
1041 2594 1103 2629 esse.
1135 2580 1170 2629 In
1185 2581 1271 2631 eodem

203 2643 237 2695 ad
259 2659 312 2692 rem
333 2642 413 2709 ipsam
427 2650 543 2708 spectat,
566 2642 720 2692 monendum
752 2661 838 2694 errore
859 2653 972 2695 versatur
996 2644 1117 2696 Ochsner.
1140 2648 1201 2699 Ecl.
1221 2647 1269 2697 Cic.

203 2720 256 2772 est,
280 2709 414 2759 Platonem
438 2707 484 2773 (de
499 2709 563 2774 ssep.
590 2710 638 2758 tx.
663 2709 719 2759 init.
752 2729 778 2780 p.
801 2715 843 2769 95.
893 2711 1044 2762 Posterioris
1064 2722 1152 2765 maren
1185 2715 1270 2767 aeta&

203 2778 244 2828 cf.
261 2794 337 2843 supra
350 2778 371 2825 Ι.
389 2780 439 2836 10,
457 2775 509 2839 21.)
528 2775 652 2841 triplicem
669 2777 720 2826 lin·
752 2778 888 2846 scriptures
920 2779 1059 2846 iungebant
1087 2782 1270 2833 nominativum

202 2844 269 2895 xisse
286 2842 410 2904 animum,
429 2841 575 2892 Ciceronem
594 2859 654 2893 vero
669 2843 719 2894 ali·
751 2846 810 2915 ipse
825 2846 865 2896 vel
885 2847 940 2916 ipsi
956 2846 1053 2896 casibus
1072 2848 1187 2916 obliquis
1211 2866 1269 2919 pro-

204 2929 232 2962 as
248 2927 348 2978 quoque
365 2907 492 2975 duplicem
507 2909 559 2958 vim
580 2911 719 2960 animorum
751 2912 859 2962 nominis
875 2914 1032 2981 personalis,
1055 2914 1160 2968 adiecta
1181 2916 1268 2968 vocula

203 2988 280 3046 atque
297 2986 412 3026 naturam
427 2974 558 3027 statuisse:
584 2995 719 3047 unapars
752 2992 817 3043 niet,
844 2997 867 3030 v.
891 2999 915 3032 c.
934 2981 1033 3030 Curtius
1055 2983 1101 3035 IV.
1118 2988 1155 3047 3,
1174 2985 1201 3043 4.
1222 3002 1267 3035 ue·

204 3047 234 3096 in
255 3045 384 3112 appetitu
393 3043 485 3112 posita
507 3056 563 3106 est,
590 3062 657 3113 quae
678 3057 718 3096 est
751 3059 803 3097 niet
822 3048 877 3116 ipsi
897 3049 1075 3100 tramitterem.
1089 3078 1124 3090 -
1160 3052 1203 3104 ct
1216 3052 1268 3103 Ad·

203 3110 276 3179 όρμὴ
291 3113 407 3171 Graece,
432 3128 500 3180 quae
522 3111 651 3162 doctinam
667 3113 718 3163 lsuc
750 3124 842 3169 notata
856 3115 882 3164 in
896 3117 916 3166 l.
932 3119 982 3176 30,
1000 3120 1041 3174 73.

204 3191 230 3230 et
244 3181 309 3229 illac
329 3179 422 3247 rupim
445 3179 534 3229 altera
554 3181 584 3229 in
604 3182 717 3242 rarione,
799 3184 981 3249 resuscitarem)
1006 3184 1040 3234 H.
1059 3199 1082 3233 e.
1102 3184 1183 3236 animi
1210 3203 1267 3255 par-

203 3264 271 3316 quae
286 3246 361 3296 docet
390 3257 416 3295 er
431 3264 464 3295 ex
483 3247 573 3309 Ianos,
589 3248 654 3316 quid
663 3247 718 3317 sa·-
749 3259 811 3312 tem,
827 3250 932 3300 rationis
949 3260 1089 3317 expertem,
1106 3252 1140 3305 τὸ
1156 3251 1265 3321 ἄλογον.

202 3315 340 3376 ciendum,
364 3313 428 3382 quid
457 3314 657 3393 ugr'endumsir.
673 3318 719 3366 Ita
801 3320 851 3368 Est
866 3319 896 3367 in
911 3316 1018 3383 animis)
1033 3319 1105 3373 lulla
1119 3321 1168 3373 111.
1185 3326 1210 3381 6.
1225 3323 1266 3371 list

195 3384 243 3450 fit,
259 3394 288 3432 ut
304 3382 375 3431 ratio
388 3395 506 3449 praescr,
524 3385 657 3450 appetitas
672 3382 719 3431 ab·
751 3393 841 3434 natura
854 3385 907 3434 sera
920 3385 946 3434 in
959 3385 1048 3435 animis
1061 3395 1181 3439 tenerum
1193 3387 1267 3457 quid-

202 3463 341 3520 temperst,
374 3458 403 3498 ut
424 3448 462 3499 sit
485 3449 518 3499 de
541 3450 613 3500 Ollio.
638 3451 658 3499 1.
673 3456 715 3511 28,
750 3450 896 3518 dematque
911 3452 1003 3514 molle,
1022 3452 1091 3519 quod
1106 3456 1266 3521 aegritudine

202 3523 260 3578 101.
275 3517 335 3568 ibid.
350 3520 401 3578 36,
421 3520 480 3574 132.
516 3516 717 3569 etronillae
750 3518 821 3586 quasi
836 3529 987 3587 tempestate
1003 3519 1141 3586 quatiatur.
1156 3552 1190 3563 -
1212 3523 1265 3574 Ob-

200 3588 290 3636 Anima
303 3604 325 3636 c.
343 3588 382 3641 16.
416 3583 496 3634 Plato
508 3581 637 3650 bifariam
647 3602 718 3653 par·
748 3586 898 3635 servandum
922 3596 962 3643 cst
985 3596 1084 3649 autom,
1114 3591 1266 3655 particulam

201 3654 267 3703 titur
281 3654 406 3711 animam,
420 3669 471 3719 per
483 3653 616 3702 rationale
634 3664 660 3702 et
674 3653 716 3702 ir·
749 3654 820 3703 enim
841 3670 856 3702 a
877 3653 1041 3721 scriptoribus
1063 3655 1166 3720 omitti,
1192 3674 1265 3727 quum

200 3720 341 3769 rationale.
362 3728 389 3768 et
404 3718 469 3768 infra
482 3721 525 3769 tv.
543 3727 573 3781 5,
592 3725 633 3777 10.
748 3737 817 3770 nova
830 3720 969 3786 disputatio
982 3719 1133 3773 instituitur.
1152 3725 1263 3776 deoffic.

250 3786 413 3836 utnobr'smer
420 3786 488 3853 ipsis
496 3787 660 3856 imperemus)
667 3787 717 3836 Er·
747 3787 768 3837 1.
784 3791 833 3847 29,
851 3788 909 3844 101.
926 3788 1032 3857 Duplex
1046 3794 1211 3844 estomnino
1222 3792 1263 3844 io-

199 3852 271 3904 nesti
287 3854 380 3903 edidit:
399 3851 524 3904 nobismet
545 3856 607 3921 ipsi.
650 3855 717 3903 Fru·
749 3854 831 3904 candi
853 3871 954 3922 genus:
983 3855 1033 3905 etsi
1055 3866 1134 3909 antes
1158 3859 1209 3912 iam
1233 3858 1263 3910 ds

199 3930 266 3978 stra;
282 3939 342 3970 nam
359 3936 435 3987 qnam
450 3919 539 3970 vocula
551 3934 602 3971 niet
616 3938 716 3988 prono·
748 3920 806 3972 ioco
828 3921 923 3971 dictum
940 3931 1007 3972 erat:
1031 3925 1072 3975 sia
1086 3926 1117 3975 in
1135 3928 1196 3997 ipso
1210 3928 1262 3978 iaco

198 3985 260 4038 mini
276 3986 404 4054 personali
423 3985 499 4036 affixa
512 3996 558 4047 est,
575 4005 714 4054 pronomen
747 3988 857 4056 aliquod
885 3986 944 4039 rabi
952 3989 1047 4059 inge'ni
1056 3991 1147 4043 luascu
1157 3997 1259 4046 eluceat.

197 4056 257 4106 ise
271 4055 338 4122 uliud
351 4054 497 4103 Ciceronem
513 4071 611 4121 semper
624 4054 649 4103 in
666 4072 714 4103 co·
747 4057 777 4105 V.
793 4006 935 4106 Geruliard.
953 4058 986 4108 ad
1001 4058 1074 4109 offic.
1096 4061 1117 4112 1.
1137 4068 1189 4126 28,
1207 4067 1257 4121 101.
1312 4070 1314 4095 ¹

216 4141 255 4174 em
276 4140 335 4174 casu
352 4119 512 4185 adiungitur,
536 4138 586 4188 quo
603 4121 713 4187 positum
745 4138 770 4189 p.
789 4125 845 4179 115.

190 4202 231 4242 est
241 4194 386 4260 pronomen
394 4187 535 4259 personale.
553 4188 595 4238 Sic
610 4187 711 4238 Sallust.
794 4189 960 4259 languidum.
977 4190 1009 4242 Si
1015 4191 1170 4257 sibilasset
1177 4192 1255 4260 atta
