2640 4626
145 178 208 247 272
392 187 673 238 TUSCULANARUM
688 187 969 241 DISPUTATIONUM

143 305 242 405 longe
267 334 285 379 a
301 304 466 405 sapientia
490 304 631 393 absunt,
656 304 789 379 allectio
803 321 853 380 est
868 300 926 379 illa
940 304 1078 407 quidem
1093 306 1213 385 disere·

145 437 230 511 pans
244 408 310 481 sibi
327 408 419 508 ipsa,
445 408 524 480 dum
540 423 589 483 est
605 406 784 506 insipiens,
810 408 954 482 sednon
970 408 1132 499 (lutona,
1156 440 1212 489 uec

144 540 255 613 prava.
279 510 390 583 morbi
421 526 529 584 autem
557 527 588 583 et
606 510 848 607 aegrotationes
861 528 974 611 partes
990 528 1071 585 sunt
1088 512 1211 589 vitiosi-

143 614 229 687 tatis.
281 612 349 688 Sed
372 612 638 713 perturbationes¹
660 612 769 686 sintne
791 612 941 687 eiusdem
957 631 1091 715 partes,
1117 642 1210 717 quiae-

60 782 63 793 .
143 717 209 791 stio
227 732 284 789 est.
335 725 392 795 30.
417 714 496 789 vitia
518 714 606 789 enim
626 713 818 789 affectiones
836 732 1117 805 suntmanentes;
1141 747 1208 821 per-

142 818 349 895 turbationes
375 835 502 905 autem,
535 832 723 893 moventes:
756 834 885 893 utnon
910 819 1045 921 possint
1066 818 1207 897 allectio-

142 950 223 995 num
234 921 435 995 manentium
454 934 564 1020 partes
583 947 663 993 esse.

241 1024 352 1123 Atque
375 1040 412 1096 ut
435 1024 472 1095 in
491 1022 587 1097 malis
610 1021 741 1121 attingit
761 1020 864 1094 animi
888 1039 1042 1097 naturam
1060 1024 1204 1144 corporis

139 1125 341 1214 similitudo,
365 1126 414 1199 sic
436 1125 473 1199 in
487 1125 595 1200 honis.
621 1140 698 1197 sunt
712 1124 800 1199 enim
815 1124 850 1196 in
865 1152 1006 1227 corpore
1022 1154 1206 1245 praecipua,

139 1227 374 1330 pulchritudo,
406 1228 510 1317 vires,
542 1225 708 1314 valitudo,
741 1226 901 1316 firmitas,
933 1226 1112 1306 velocitas:
1137 1246 1205 1305 sunt

138 1332 218 1429 item
244 1331 278 1404 in
303 1330 423 1403 animo.
472 1332 518 1403 Ut
539 1330 626 1405 enim
642 1328 793 1430 corporis
811 1330 1028 1430 temperatio,
1054 1359 1159 1433 quum
1173 1360 1206 1407 ea

139 1450 325 1531 congruunt
348 1433 435 1506 inter
457 1461 511 1522 se,
546 1462 563 1507 e
592 1432 713 1532 quihus
743 1448 950 1522 constamus,
984 1434 1130 1509 sanitas:
1163 1434 1205 1509 sic

137 1535 241 1609 animi
263 1535 435 1623 dicitur⁶,
460 1563 561 1634 quum
582 1536 653 1609 eius
670 1533 831 1607 indiciae
857 1535 1056 1635 inionesque
1074 1565 1205 1611 concor-

137 1637 225 1711 dant.
252 1665 355 1736 eaque
374 1638 475 1710 animi
491 1654 540 1710 est
558 1637 678 1725 virtns;
705 1664 803 1737 quam
824 1562 881 1709 ilii
897 1638 1006 1737 ipsam
1023 1653 1205 1741 temperan-

135 1739 216 1813 tiam
238 1740 353 1813 dicunt
375 1767 464 1828 esse,
490 1739 545 1812 alii
564 1738 845 1839 obtemperantem
862 1740 1102 1840 temperantiae
1115 1770 1204 1845 prae-

202 1928 220 1983 6
237 1923 279 1975 sto
302 1935 371 1976 recte
396 1924 428 1975 de
444 1923 573 1975 sententia
588 1924 714 1975 Camerar.
732 1951 766 1965 -
781 1924 842 1975 Ειπ.
859 1936 1027 1976 constamus:
1044 1926 1153 1979 sanitas
1169 1929 1204 1979 sic

137 1992 223 2043 aniani
238 1992 345 2043 elicitur.
363 1992 501 2061 Pleraeque
510 1992 573 2043 Edd.
591 2002 656 2043 vett.
673 1992 778 2042 ammo:
794 1992 1086 2067 aarporis'tempm—
1102 1996 1203 2047 dicitur.

133 2109 197 2163 Non
211 2110 389 2161 omneuitium
397 2122 491 2178 partes
504 2108 654 2160 habetdis-
686 2108 814 2161 harrliche
843 2108 986 2171 Zost'u'ndes
1018 2111 1064 2163 die
1096 2114 1203 2165 Leiden-

134 2179 288 2241 sentiantes,
304 2188 440 2239 uteorum,
457 2178 503 2246 qni
512 2194 566 2227 non
575 2178 655 2247 louge
687 2176 804 2229 schaften
820 2177 881 2229 aber
897 2178 1066 2244 weahsalnde,
1083 2181 1124 2233 uti
1139 2192 1203 2233 recu

134 2262 152 2296 a
172 2244 308 2315 sapientia
330 2244 442 2305 absunt,
471 2244 589 2313 adjectio
614 2258 654 2296 est
687 2244 766 2297 vertit
779 2244 899 2295 Kernius.

135 2313 293 2381 discrepans
307 2311 360 2362 sibi
374 2313 451 2381 ipsa,
475 2329 560 2361 nonne
575 2330 654 2380 aper·
737 2314 773 2363 Ut
798 2313 868 2361 enim
892 2313 1012 2384 corporis
1036 2318 1201 2387 temperatio)

70 2422 77 2437 ,
132 2380 229 2431 tissima
238 2379 305 2429 inest
314 2380 495 2430 sententiarum
506 2397 653 2447 repugnan-
686 2378 811 2496 Apposite
830 2379 947 2431 Davisius
972 2380 1082 2435 adduxit
1102 2385 1200 2437 stobad

132 2446 170 2497 tia
191 2457 217 2497 et
236 2445 426 2514 discrepantia?
450 2446 516 2498 Ilinc
538 2457 653 2515 apparet,
686 2449 739 2497 Ec.
762 2446 814 2497 eth.
839 2464 865 2515 p.
881 2451 939 2507 168.
968 2446 1063 2517 doaso
1080 2452 1136 2520 γὰρ
1157 2452 1201 2574 τδρ

132 2514 159 2564 in
182 2515 233 2565 hoc
256 2515 315 2564 loco
338 2515 409 2563 ulcus
432 2514 547 2564 haerere:
600 2514 653 2565 uod
685 2515 737 2567 toti
749 2513 876 2579 σώματος
886 2512 996 2582 ὑγίειαν
1007 2514 1161 2587 εὖκρασίαν

132 2581 182 2632 levi
204 2599 264 2631 sune
278 2580 419 2632 mutatione
434 2581 534 2647 egregie
550 2532 652 2632 videtur
683 2600 732 2635 uua
743 2583 800 2633 τῶν
814 2578 844 2634 ἐν
855 2584 894 2650 toi
907 2582 1014 2651 aucun
1027 2585 1199 2655 dependenti

130 2648 304 2717 personavisse
321 2666 425 2714 magnus
440 2650 583 2710 Bentleins,
609 2649 651 2699 le·
683 2650 800 2716 ψυχρῶν
830 2648 878 2701 nul
904 2650 996 2718 ξηρῶν
1020 2652 1071 2705 stul
1095 2652 1198 2723 ὑγρῶν·

129 2715 239 2781 gendum
263 2733 317 2765 esse
338 2715 480 2782 suspicans:
506 2734 558 2765 non
580 2718 651 2765 enim
684 2714 757 2769 allato
781 2714 829 2767 nul
850 2714 901 2770 r'v
917 2719 967 2786 τῆς
982 2722 1078 2788 ψυχῆς
1097 2720 1199 2790 ὑγίειαν

130 2800 206 2835 amns
220 2785 314 2833 uitium
329 2801 402 2861 pares
418 2783 496 2833 habet
511 2783 650 2833 dissensio·
683 2782 835 2850 εὐκρασίαν
856 2737 930 2837 eluat
950 2787 1007 2839 τοῖν
1029 2788 1061 2843 ἐν
1077 2790 1113 2859 τῇ
1130 2790 1198 2859 ψυχῇ

129 2868 174 2901 nes
197 2851 252 2917 (vel
276 2850 458 2915 dissidentias).
501 2850 558 2900 Nisi
581 2852 649 2900 forte
683 2850 839 2918 δογμάτων.

129 2927 241 2968 statuere
267 2918 395 2981 volumus,
423 2918 538 2969 voculam
561 2936 649 2968 ararites
733 2920 948 2987 temperantiam)
969 2923 1053 2989 Supra
1072 2941 1094 2974 c.
1111 2928 1145 2988 9,
1159 2930 1197 2983 22.

129 2985 267 3047 excidisse,
298 2984 348 3034 hoc
374 2985 465 3036 modo:
501 3003 553 3035 non
578 2988 649 3036 enim
682 2986 869 3053 „temperantia
883 2988 957 3037 sedat
970 2990 1161 3055 appetitiones,
1177 3000 1198 3043 et

130 3068 204 3101 omree
228 3054 323 3102 vitium
347 3070 433 3103 omnes
452 3066 547 3122 partes
570 3052 649 3103 habet
682 3052 768 3117 elficit,
787 3063 815 3102 ut
827 3071 871 3103 eae
880 3064 966 3105 rectae
978 3055 1075 3107 rationi
1086 3070 1196 3127 pareant,

128 3119 326 3169 dissentientes.
362 3120 469 3169 Orellius
490 3138 579 3170 sunum
597 3139 649 3187 pu·
682 3131 866 3188 conservatque
907 3122 1071 3176 considerata
1112 3125 1197 3179 iudicia

128 3196 170 3235 tut
183 3204 237 3236 esse
252 3186 319 3236 hunc
333 3186 432 3248 locum,
452 3188 500 3236 etsi
517 3190 648 3237 latendum
680 3189 798 3239 mentis.“
833 3192 904 3251 Quae
923 3190 1076 3243 iudiciorrun
1097 3196 1196 3262 opinio·

127 3252 177 3317 sit,
203 3270 256 3303 non
273 3254 346 3303 nimis
367 3253 435 3303 clare
451 3254 564 3305 aTullio
581 3274 647 3305 corr·
680 3272 788 3321 numque
801 3257 965 3307 concordatio
978 3276 1055 3326 quum
1067 3260 1150 3312 virtus
1161 3262 1196 3325 sit,

126 3338 199 3371 versa
215 3338 269 3371 csse
285 3321 362 3371 verba
378 3320 483 3371 alicuius
499 3320 647 3389 philosophi
679 3322 794 3385 fuerunt,
812 3323 856 3390 qui
870 3324 990 3375 virtutem
1002 3326 1087 3395 ipsam
1102 3339 1197 3398 tempe·

126 3388 227 3439 Graeci.
275 3389 433 3439 Sententiam
457 3389 495 3438 sit
520 3389 644 3455 explicat:
679 3391 802 3451 rentiam,
835 3409 901 3458 (puae
924 3392 986 3443 alias
1012 3412 1064 3445 una
1091 3408 1196 3464 quatuor

127 3474 196 3519 „non
210 3456 237 3506 in
252 3456 320 3508 omni
333 3455 577 3523 vitioinestapertu
591 3456 646 3506 dis-
679 3457 844 3507 cardinalium
869 3460 992 3511 virtutum
1016 3478 1073 3513 esse
1099 3464 1196 3527 dieitur,

126 3524 209 3575 sensio
227 3535 254 3574 et
270 3524 446 3592 repugnantia,
462 3524 523 3584 aive,
541 3533 571 3574 ut
585 3526 645 3575 Ma·
679 3542 733 3574 esse
756 3537 895 3577 censerent.
938 3528 977 3579 Cf·
1003 3528 1086 3581 Cicer.
1110 3532 1195 3583 Partit.

126 3591 246 3642 crobiano
260 3610 316 3643 voc.
328 3602 394 3653 utar,
412 3591 579 3642 contrarietas
589 3592 645 3641 sin·
678 3604 774 3643 orator.
793 3611 815 3643 c.
831 3600 874 3651 22.
917 3598 986 3658 „Est
1000 3624 1036 3635 -
1053 3599 1100 3649 vis
1114 3602 1195 3651 virtu·

124 3658 239 3723 gnlarum
255 3659 334 3709 veluti
351 3659 404 3708 eius
420 3659 543 3726 partium:
568 3677 644 3727 saepe
677 3662 714 3709 tis
728 3660 832 3729 duplex.
859 3662 914 3712 Aut
926 3664 996 3713 enirn
1008 3666 1129 3718 scieretia
1141 3686 1195 3717 eer-

124 3725 238 3776 delectus
251 3728 337 3793 potins
352 3725 454 3793 quidam
468 3726 495 3776 in
511 3744 542 3777 eo
558 3726 644 3777 cerni·
677 3729 751 3777 nitur
772 3730 875 3789 virtus,
900 3742 949 3780 aut
967 3733 1083 3783 actione.
1120 3736 1193 3795 Nan,

123 3800 179 3841 tur:
206 3810 257 3859 quo
283 3793 384 3860 quidem
404 3794 449 3855 lit,
472 3804 503 3844 ut
517 3794 644 3861 discrepet
677 3813 744 3863 quae
764 3796 926 3865 prudentia,
954 3817 1023 3866 quae
1048 3802 1192 3861 calliditas,

124 3875 181 3908 cum
195 3878 222 3907 se
236 3859 292 3926 ipsu
308 3860 428 3921 allectio,
447 3861 463 3910 i.
478 3878 517 3923 e.,
540 3872 570 3911 ut
583 3862 642 3912 talis
677 3880 793 3931 quaeque
824 3866 988 3933 gravissim
1015 3870 1123 3920 nomine
1151 3888 1192 3921 sa-

123 3925 245 3986 nonsit,
271 3927 356 3992 'qualis
375 3945 429 3977 esse
446 3928 564 3987 deberet3
590 3947 642 3980 non
672 3932 779 3999 pientia
802 3933 969 4001 appellatur,
992 3934 1060 3987 daec
1084 3938 1192 3989 scientio

122 4003 210 4042 tumen
225 4010 328 4059 prorsus
345 4005 383 4044 est
400 3995 448 4045 stlat
465 3996 583 4058 inimica,
601 3997 642 4046 vel
671 3999 832 4066 pelletana.
862 4004 935 4064 Quae
947 4020 1011 4052 uera
1025 4004 1191 4055 nroderandis

122 4060 274 4112 ‹Estortaac
287 4066 392 4126 prova.“
674 4066 879 4134 cupiditatibus,
907 4070 1088 4141 regendisque
1113 4070 1190 4123 aniani

171 4132 213 4186 30.
240 4129 309 4178 uitia
326 4157 359 4166 -
374 4130 521 4197 moventes)
551 4131 642 4182 Laeter
674 4131 785 4183 metibus
805 4135 948 4199 laudatur,
972 4138 1032 4189 sius
1048 4152 1090 4189 est
1105 4155 1190 4191 munus

113 4193 244 4261 [sittliclre
266 4195 641 4267 Verkehrtheiten1sindbe-
674 4201 704 4250 in
718 4201 837 4271 agendo:
862 4204 906 4255 cui
927 4208 1124 4275 temperaratiae
1143 4224 1187 4259 no·
