2640 4626
540 214 670 265 trouu
687 212 732 265 111.
750 221 776 272 a.
1005 233 1007 238 π
1132 202 1196 269 203

117 347 261 419 rentem,
287 329 539 404 nominaverunt
558 332 743 420 amentiam,
769 332 972 430 eandemque
987 331 1195 404 dementiam.

120 464 162 508 ex
195 462 261 534 quo
283 432 533 531 intelligendum
558 452 624 522 est,
651 464 726 524 cos,
751 435 809 534 qui
833 434 917 507 haec
945 434 1046 508 rebus
1059 434 1196 506 nomina

119 553 323 638 posuerunt,
349 538 493 610 sensisse
519 536 582 610 hoc
598 538 703 625 idem,
730 538 820 637 quod
839 538 1008 611 aSocrate
1024 553 1196 635 acceptum

122 639 301 737 diligenter
314 639 421 711 Stoici
443 639 664 727 retinuerunt,
690 640 799 712 omnis
831 640 1019 740 insipientis
1038 667 1196 712 essenon

122 769 236 816 sanos.
262 740 331 837 Qui
357 741 444 814 euim
466 741 595 824 animus
619 759 669 815 est
693 743 728 815 in
752 742 864 842 aliquo
882 743 1018 828 morbo,
1045 741 1197 836 (morbos

122 860 234 917 autem
268 844 331 916 hos
355 844 577 943 ‚perturbatos
610 861 739 932 motus,
764 862 802 916 ut
833 845 934 917 modo
969 844 1061 930 dixi,
1087 843 1197 943 philo-

124 944 227 1046 sophi
257 945 456 1046 appellante)
482 975 550 1019 non
566 947 672 1046 magis
688 963 735 1021 est
750 975 869 1034 sanus,
896 975 993 1046 quam
1011 945 1047 1018 id
1064 973 1197 1045 corpus,

123 1048 217 1149 quod
251 1048 288 1122 iu
318 1049 437 1123 morbo
471 1066 528 1123 est.
553 1049 598 1122 ita
633 1050 688 1138 lit,
723 1067 761 1122 ut
795 1049 957 1149 sapientia
995 1048 1118 1121 sanitas
1153 1047 1197 1120 sit

125 1151 250 1240 animi,
292 1150 484 1251 insipientia
526 1169 633 1225 autem
674 1151 768 1252 quasi
810 1151 970 1224 insanitas
1012 1151 1196 1250 quaedam:

122 1255 232 1429 pquae
254 1270 303 1327 est
327 1254 477 1341 insania,
494 1255 682 1354 eademque
706 1255 872 1328 dementia
885 1257 924 1355 ³]
946 1254 1114 1352 multoque
1131 1280 1199 1325 me-

136 1357 190 1429 ius
207 1356 288 1430 haec
302 1373 416 1429 notata
433 1373 509 1429 sunt
523 1358 632 1430 verbis
647 1357 784 1446 Latinis,
810 1386 909 1457 quam
926 1355 1080 1443 Graecis;
1107 1353 1199 1455 quod

125 1458 201 1533 aliis
225 1487 357 1558 quoque
389 1459 499 1532 multis
523 1458 605 1534 locis
632 1460 821 1560 reperietur.
847 1458 961 1533 sedid
972 1457 1071 1533 alias:
1098 1486 1200 1545 nunc,

125 1560 219 1661 quod
236 1561 344 1633 instat.

230 1671 286 1743 11.
311 1665 433 1736 Totum
453 1663 555 1761 igitur
570 1663 616 1751 id,
631 1663 727 1764 quod
740 1663 940 1765 quaerimus,
957 1664 1040 1765 quid
1056 1680 1087 1737 et
1103 1662 1198 1763 quale

125 1766 188 1854 sit,
211 1764 305 1838 verbi
338 1766 388 1838 vis
420 1764 495 1866 ipsa
533 1766 684 1840 declarat.
711 1794 768 1841 eos
801 1768 888 1841 enim
916 1794 1016 1840 sanos
1041 1768 1223 1865 quoniam.

125 1867 267 1965 intelligi
291 1896 426 1943 neccsse
450 1884 515 1956 est,
540 1896 681 1967 quorum
705 1898 799 1942 niens
821 1886 931 1955 motu,
957 1867 1052 1968 quasi
1068 1868 1198 1955 morbo,

106 1971 321 2071 *perturbata
349 1970 440 2043 nullo
468 1971 526 2044 sit:
551 1973 609 2070 qui
638 1989 752 2045 contra
776 1970 885 2044 allecti
912 1986 1006 2057 sunt,
1032 1970 1095 2042 hos
1111 1971 1198 2043 insa-

125 2101 191 2147 nos
208 2073 367 2173 appellari
386 2101 520 2146 necesse
535 2090 592 2145 est.
617 2074 727 2173 itaque
741 2073 826 2145 nihil
840 2071 968 2159 melius,
994 2101 1093 2171 quam
1108 2072 1199 2171 qood

127 2192 179 2268 est
211 2175 247 2248 iu
276 2176 513 2249 consuetudine
542 2177 705 2249 sermonis
732 2176 862 2264 Latini3
888 2202 989 2274 quum
1013 2177 1129 2247 exisse
1152 2203 1199 2246 ea

123 2293 303 2378 potestate
323 2278 466 2352 dicimus
491 2306 566 2367 coe,
592 2279 650 2378 qui
672 2277 857 2351 effrenate4
887 2277 1038 2350 seruntur
1052 2294 1108 2349 aut
1122 2276 1199 2349 libi-

196 2431 263 2489 3V.
282 2431 347 2480 Adn.
383 2431 460 2489 4Sic
475 2431 521 2481 W.
540 2448 554 2481 e
571 2430 637 2482 coni.
654 2432 734 2483 Recte
750 2435 792 2483 Or.
809 2431 891 2483 restit.
908 2427 978 2497 vulg.
997 2428 1136 2498 efferenti:
1161 2428 1199 2479 uti

130 2500 170 2549 dr.
188 2500 334 2562 incitatus,
348 2516 466 2569 pronus,
481 2517 610 2569 praeceps
622 2497 723 2568 fertur.

130 2601 208 2664 Quod
236 2599 279 2650 ubi
310 2599 352 2662 lit,
388 2601 493 2651 animus
524 2599 650 2667 significat
682 2604 718 2651 At
732 2601 766 2651 cl.
780 2603 813 2652 N.
828 2602 859 2652 D.
874 2603 894 2651 1.
911 2604 949 2659 17.
966 2610 1026 2651 sunt
1041 2599 1108 2650 enim
1122 2598 1199 2651 rebus
1270 2645 1272 2651 ,

130 2686 250 2736 graecum
275 2668 388 2734 θυμὸν,
423 2669 561 2734 appetendi
589 2667 648 2730 vinu
682 2669 756 2720 novis
772 2684 839 2719 nova
853 2668 978 2738 ponenda
995 2669 1110 2718 nonn'na.

129 2754 196 2805 quae
211 2745 250 2786 est
264 2735 427 2786 affectionum
441 2735 526 2798 sedes,
546 2735 648 2802 (nobis:
734 2736 813 2806 [quae
830 2766 864 2776 -
880 2726 1043 2805 denuntiaD
1069 2736 1198 2788 Ernestius

130 2805 183 2856 das
198 2803 326 2864 Gemrith,
350 2820 375 2854 v.
395 2802 490 2854 Aduot.
513 2802 540 2854 in
557 2806 589 2854 ΙΙ.
606 2808 649 2864 22,
682 2805 755 2856 uncis
777 2804 857 2858 cinxit
872 2806 961 2855 verba:
988 2819 1056 2874 quae
1079 2817 1118 2855 eet
1135 2807 1198 2867 ins„

129 2877 202 2935 539,
230 2889 302 2922 mens
327 2881 411 2920 autem
436 2871 566 2937 cogitandi
589 2871 649 2932 rim,
683 2872 794 2924 Wolfius
808 2873 885 2924 etiam
901 2874 1043 2942 eademque
1057 2873 1198 2924 domania.

129 2941 271 3004 rationem,
297 2938 445 3001 consilium,
470 2938 649 3004 cogitationem
683 2944 718 2992 At
738 2938 847 2991 Orellius
867 2940 950 2995 omnia
970 2941 1124 3002 vindicavit,
1156 2940 1198 2990 di-

129 3011 188 3076 (gr.
205 3008 256 3060 roe
271 3008 355 3069 νοῦν,
380 3005 411 3059 τὸ
428 3006 545 3072 νοερόν).
580 3007 650 3056 Infra
684 3026 759 3071 cens,
785 3026 816 3059 ea
837 3008 931 3059 habere
954 3009 1004 3059 iam
1020 3008 1146 3071 Nouium,
1174 3017 1200 3058 et

130 3096 154 3128 c.
170 3081 218 3139 15,
234 3080 277 3132 33.
294 3092 384 3143 parere
401 3073 468 3124 enim
483 3084 569 3124 censet
586 3075 650 3124 ani·
684 3075 786 3128 omuino
804 3095 858 3126 esse
873 3077 1027 3136 necesaaria3
1044 3077 1200 3138 „insanitas

130 3161 202 3195 mum
225 3143 334 3193 rationi.
359 3143 391 3192 de
413 3144 474 3192 Nat.
500 3144 531 3192 D.
554 3143 586 3192 11.
608 3146 649 3200 59.
684 3144 767 3207 enim,
791 3145 940 3195 vocabulum
954 3155 1008 3194 tum
1026 3162 1119 3195 novum
1135 3143 1200 3194 nihil
1294 3195 1297 3198 ,

128 3213 189 3264 init.
205 3212 322 3261 animum
333 3210 415 3278 ipsum
428 3222 587 3280 aientemque
598 3209 651 3261 ho-
683 3211 754 3263 aliud
767 3212 932 3278 significabat,
949 3230 1024 3279 quam
1037 3212 1201 3291 Ungesundss
1233 3240 1238 3255 ·

130 3279 223 3340 minis,
249 3279 387 3340 rationem,
414 3277 561 3341 consilium,
587 3295 650 3345 pru-
684 3278 748 3332 tete.
782 3283 835 3330 lam
851 3279 928 3342 dicit,
945 3280 1073 3346 sapienter
1087 3280 1200 3331 1nsaniae

130 3346 254 3398 dentiam.
288 3347 329 3396 Sic
344 3345 411 3429 apud
424 3345 563 3396 Homerum
578 3345 651 3396 κατὰ
673 3348 764 3415 ¹(quae
787 3347 874 3398 eadem
898 3358 937 3398 est
959 3346 1100 3414 dementia)
1126 3347 1201 3413 quasi

131 3414 225 3483 φρένα
241 3413 287 3466 καὶ
301 3430 373 3466 κατα
389 3411 485 3477 enata
497 3414 583 3479 (Geist
596 3413 653 3463 und
684 3414 814 3469 imunitati
827 3415 926 3465 crudam
940 3414 1039 3476 mentis,
1056 3414 1106 3464 hoc
1118 3415 1199 3480 ipsum

130 3482 228 3549 Hera).
264 3484 347 3543 Quum
368 3498 429 3532 vero
450 3481 587 3547 separatim
603 3479 652 3530 hae
684 3482 797 3533 insaniae
814 3500 906 3532 nomen
922 3482 1096 3549 imposuerunt
1117 3481 1200 3532 maio·-
1268 3541 1269 3547 q

458 3548 463 3559 ¹
815 3550 848 3579 ’te
927 3570 930 3576 .

130 3557 653 3679 ppppofflpopqqtppdr'utuqqqqrbqtrqqqq
685 3559 868 3687 rislifftrqieid
888 3628 914 3666 et
936 3581 1014 3686 quale
1036 3617 1092 3675 sit)
1121 3619 1202 3683 Saepe

132 3683 272 3738 Goerenzii
294 3684 328 3734 ad
348 3684 469 3734 Academ.
493 3686 523 3734 Π.
548 3687 594 3746 11,
610 3685 652 3741 31.
685 3684 749 3736 haec
767 3684 1037 3751 iuncta'reperiuntur.
1065 3683 1098 3734 de
1111 3683 1167 3734 Fin.
1181 3685 1201 3734 1.

131 3772 161 3823 p.
187 3757 230 3811 68.
277 3753 310 3802 V.
338 3752 433 3803 Aduot.
460 3762 547 3810 nostra
575 3750 608 3800 ud
632 3752 652 3801 1.
687 3757 766 3812 c.11.
790 3771 857 3803 nunc
875 3762 960 3803 autem
978 3751 1125 3819 explicabo,
1153 3768 1202 3802 vo-

132 3826 178 3883 22,
195 3827 236 3879 52.
270 3822 353 3870 Docte
371 3820 502 3887 utriusque
517 3818 588 3870 vocis
602 3818 654 3869 vim
685 3821 771 3889 luptas
786 3820 840 3888 ipsa
857 3839 924 3891 quae
939 3820 1077 3890 qualiaque
1091 3821 1135 3871 sit.
1164 3820 1202 3871 Ib.

133 3898 214 3956 atque
236 3897 390 3955 potestatem
410 3887 547 3938 illustravit
569 3886 652 3938 Ochs-
686 3909 708 3940 c.
723 3893 748 3947 9.
768 3889 934 3952 constituam,
954 3888 1014 3956 quid
1034 3899 1060 3938 et
1078 3888 1153 3957 quale
1170 3887 1204 3936 sit

134 3974 183 4006 ner
206 3955 259 4006 Ecl.
282 3956 397 4008 Ciceron.
420 3973 445 4023 p.
469 3957 511 4015 94.
533 3973 570 4023 sq.
614 3955 653 4006 Cf.
685 3957 727 4019 id,
756 3957 789 4008 de
813 3975 864 4025 quo
889 3957 1037 4024 quaerimus.
1089 3959 1202 4019 Quorum

134 4024 322 4092 Wytteubach.
348 4024 381 4075 ad
401 4025 481 4090 Legg.
502 4026 522 4075 l.
544 4030 593 4087 22,
609 4027 652 4082 59.
685 4024 751 4076 illud
772 4042 847 4093 quam
869 4025 976 4076 barbare
999 4025 1088 4075 dicunt
1110 4041 1203 4074 essea-

134 4111 162 4160 p.
172 4138 174 4145 ‚
181 4091 239 4151 144.
257 4093 297 4141 Cr.
462 4151 464 4155 ,
686 4094 768 4155 tiam,
785 4093 835 4144 hoc
849 4094 1005 4163 qualitatem
1019 4093 1138 4151 denotat,
1156 4108 1202 4140 ex-

188 4160 254 4210 haec
273 4158 351 4209 rebus
367 4160 477 4209 nomina
495 4160 652 4230 posuerunt)
686 4161 908 4230 plicanteBremio
920 4162 954 4212 ad
962 4161 1016 4211 Fin.
1025 4163 1056 4221 ll,
1068 4165 1093 4216 3.
1107 4177 1132 4239 p.
1142 4161 1202 4215 109.

138 4231 203 4287 01¹·
221 4227 349 4278 codun.
364 4227 544 4298 imposuerunt
557 4227 654 4297 legunt.
740 4230 829 4283 exisse
840 4249 882 4282 ea
901 4228 1055 4300 potestate&
1077 4225 1217 4274 lutam·
