2640 4626
537 226 786 288 cruentare.
1072 283 1074 287 ,
1132 211 1197 285 243

222 355 279 427 72.
305 345 374 419 Sed
406 345 519 445 plures
554 361 631 417 sunt
665 368 800 418 caussae
832 344 1038 445 suscipiendi
1061 345 1196 420 doloris.

117 450 267 552 primunr
291 446 346 521 illa
372 448 489 548 opinio
507 446 602 534 mali,
628 475 695 548 quo
712 446 898 547 viso'atque
910 474 1073 548 persuaso
1089 449 1197 547 aegri·

118 542 209 627 tudo'
221 550 408 651 insequitur
421 550 629 623 necessario:
656 550 777 623 deinde
794 550 892 623 etiam
908 566 1039 649 gratum
1053 552 1194 626 mortuis

118 653 308 741 sefacere,
341 653 370 725 si
395 652 537 750 graviter
559 679 616 724 eos
642 651 793 750 lugeant,
825 652 1035 726 arbitrantur.
1069 654 1196 728 accedit

118 755 313 857 superstitio
329 754 502 828 muliebris
519 754 699 853 quaedam:
727 755 915 828 existimant
928 755 1029 843 enim,
1051 756 1116 829 diis
1133 757 1196 830 inr-

118 858 317 933 mortalibus
340 885 375 930 se
399 857 531 930 facilius
556 856 802 944 satisfacturos,
828 857 858 930 si
874 857 986 931 eorum
1003 858 1101 959 plaga
1118 887 1195 959 per·

119 961 223 1050 cubi,
248 959 391 1034 afflictos
427 988 462 1032 se
497 976 528 1033 et
543 968 664 1032 stratos
699 972 772 1032 ess'e
800 959 971 1034 fateantur.
1023 961 1092 1034 Sed
1113 962 1196 1037 baec

119 1065 209 1138 inter
230 1091 266 1145 se
288 1091 387 1163 qnam
410 1078 614 1162 repugnent,
638 1061 788 1162 plerique
811 1090 881 1134 non
905 1063 1027 1137 vident.
1058 1063 1196 1138 laudant

118 1167 209 1241 euim
232 1193 307 1254 eos,
332 1164 390 1265 qui
407 1192 513 1265 aequo
529 1165 640 1237 animo
654 1163 856 1239 moriantur:
882 1165 941 1264 qui
956 1165 1091 1239 alterins
1104 1194 1196 1239 mor-

118 1284 184 1344 tem
209 1296 317 1368 aequo
343 1266 454 1340 animo
466 1269 593 1356 ferant,
619 1294 677 1361 eos
695 1283 814 1367 putant
827 1266 1079 1366 vituperandos.
1099 1269 1195 1368 qnasi

119 1370 191 1446 teri
215 1369 284 1443 ullo
313 1370 416 1443 modo
440 1370 568 1470 possit,
594 1369 686 1468 quod
712 1370 747 1440 in
770 1368 931 1442 amatorio
960 1396 1113 1443 sermone
1126 1371 1196 1445 dici

121 1473 216 1561 solet,
231 1489 269 1545 ut
323 1473 452 1572 isquam
461 1471 984 1572 plusalterunrdiligat,quamse.
1022 1482 1080 1552 73.
1095 1472 1196 1546 Prae-

122 1574 247 1650 clarum
273 1501 356 1671 illbd
385 1591 452 1662 est,
479 1591 527 1661 et,
553 1575 582 1646 si
607 1575 757 1674 qnaeris,
782 1591 909 1647 rectum
929 1600 1063 1673 quoque
1089 1591 1122 1647 et
1141 1602 1197 1648 re-

121 1706 214 1765 rum,
238 1693 276 1749 ut
303 1704 379 1765 eos,
405 1678 462 1776 qui
489 1676 589 1749 nobis
619 1675 782 1750 carissimi
807 1703 880 1750 esse
903 1676 1066 1763 debeant,
1092 1703 1196 1775 aeque

125 1808 161 1854 ac
176 1796 310 1852 nosmet
327 1779 420 1879 ipsos
444 1806 608 1853 amemus:
634 1795 670 1850 ut
684 1807 762 1851 vero
779 1776 874 1878 plus,
898 1778 971 1852 lieri
987 1778 1078 1853 nullo
1096 1796 1195 1879 pacto

123 1899 240 1983 potest.
266 1910 308 1955 ne
333 1881 517 1981 optandum
542 1881 675 1980 quidem
698 1893 746 1955 est
771 1881 804 1952 in
829 1881 990 1969 amicitia,
1015 1897 1053 1953 ut
1068 1909 1121 1954 me
1140 1881 1195 1954 ille

124 1985 214 2085 plus,
241 2013 340 2084 quam
358 2012 411 2069 se·,
439 2012 500 2081 ego
523 1982 615 2055 illum
639 1982 735 2082 plus,
761 2010 859 2081 quam
883 2011 956 2056 me:
987 1983 1196 2082 perturbatio

125 2089 224 2172 ritae,
250 2087 279 2159 si
302 2087 345 2158 ita
377 2086 438 2173 sit,
465 2102 562 2184 atque
589 2084 774 2157 officiorum
795 2085 949 2159 'omnium
966 2102 1195 2184 consequatur.
1244 2096 1259 2125 ⁶

127 2190 233 2263 XXX.
259 2189 328 2261 Sed
351 2188 479 2262 deboc
506 2186 596 2260 alias.
621 2208 711 2260 nunc
734 2185 817 2259 illud
832 2187 912 2260 satis
930 2203 996 2276 est,
1022 2216 1091 2260 non
1105 2189 1196 2260 attri-

129 2368 215 2439 cogat,
232 2355 259 2408 h.
275 2375 298 2408 e.
315 2357 409 2408 nonin
429 2366 536 2417 natura,
554 2354 644 2405 sedin
678 2373 768 2405 verum
794 2357 893 2406 uaeris.
920 2355 1197 2407 Omninoautembaec

128 2427 244 2494 opinione
267 2443 324 2489 esse
348 2424 539 2490 aegritudinem.
574 2425 645 2473 Haec
677 2424 759 2473 forma
772 2375 808 2474 lbi
818 2422 961 2486 adhibetur,
976 2424 1020 2473 ubi
1029 2423 1114 2474 lector
1123 2425 1197 2492 plura

128 2510 184 2545 iuro
198 2511 286 2544 secum
300 2502 422 2561 puguant.
446 2487 553 2542 Licetne
566 2490 645 2558 igitur
677 2491 843 2558 requisiturus
860 2491 991 2549 videatur3
1016 2507 1066 2557 qua
1088 2491 1113 2540 ri
1135 2491 1197 2540 alibi

127 2560 195 2612 uobis
210 2559 279 2610 idem
293 2561 323 2611 ab
339 2560 390 2609 illis
406 2559 549 2627 requirere,
576 2557 644 2626 quod
678 2558 811 2608 dicuntur:
847 2559 873 2608 si
900 2561 981 2609 etiam
1006 2558 1056 2609 hoc
1080 2560 1196 2626 quaeris,

128 2627 164 2679 illi
179 2646 195 2679 a
211 2627 285 2678 nobis
300 2627 498 2695 requisiverunt,
517 2626 644 2676 dicentes:
678 2627 735 2676 noli
757 2643 898 2694 quaerore,
926 2644 959 2675 nc
974 2623 1052 2693 sorte
1091 2642 1196 2686 uaeras,

127 2697 258 2761 Quietum
274 2695 449 2745 demens-?
678 2693 743 2765 quid
761 2695 889 2762 quaeris?
905 2692 943 2744 uti
960 2703 1048 2743 monet
1084 2693 1144 2743 eier.
1163 2693 1197 2742 ad

119 2774 124 2793 '
171 2766 218 2822 72.
244 2763 298 2812 Sed
316 2763 410 2832 plures
433 2773 496 2810 sunt
519 2760 644 2827 caussae)
678 2761 751 2811 offic.
768 2763 811 2811 ΙΙΙ.
824 2767 873 2823 20,
889 2765 934 2820 80.
950 2779 976 2828 p.
993 2765 1051 2819 335.
1087 2761 1125 2811 Gi.
1146 2761 1196 2810 Er-

128 2829 252 2893 Qnoniam
281 2829 508 2897 Peripateticorum
538 2838 644 2878 senten·
677 2828 744 2879 nesti
761 2828 831 2880 Clau.
846 2828 961 2880 Gioeron.
978 2847 999 2877 s.
1014 2846 1038 2879 v.
1056 2845 1162 2896 quaero.

124 2897 183 2953 tiam
204 2896 254 2947 sibi
271 2897 446 2947 contradicere
470 2895 584 2957 monuit,
609 2896 644 2946 ad
727 2907 753 2946 et
766 2897 865 2963 verum)
882 2897 947 2946 H.e.
960 2913 1076 2963 aequum,
1093 2896 1195 2946 iustum.

126 2964 237 3032 ringula,
260 2982 326 3032 quae
351 2965 382 3014 ab
409 2963 459 3012 illis
484 2963 643 3026 obiiciantur,
676 2963 717 3014 Sic
743 2980 819 3030 saepe
840 2978 930 3014 varum
953 2977 993 3013 est
1016 2980 1063 3030 pro
1086 2981 1196 3032 aequum

126 3031 277 3100 respondere
300 3031 455 3099 aggreditur.
492 3031 567 3092 Quod
587 3029 644 3097 pri-
677 3042 733 3091 eet,
752 3029 806 3099 sas
823 3043 878 3094 est,
905 3031 979 3082 decet
993 3029 1105 3096 ponitur.
1142 3033 1195 3080 Da-

126 3114 205 3162 num,
222 3117 277 3150 non
291 3099 318 3149 in
336 3099 470 3166 opinione,
488 3098 534 3147 sed
552 3097 578 3147 iu
594 3115 644 3147 na·
676 3098 752 3148 virius
776 3097 809 3148 ad
829 3107 917 3166 partes
937 3106 1014 3149 vocat
1029 3098 1100 3149 Caes.
1116 3100 1144 3148 B.
1162 3100 1194 3149 G.

126 3175 179 3218 tum
193 3182 251 3217 esse
266 3166 449 3232 aegritudinem
465 3165 566 3227 dicunt,
584 3163 644 3232 quia
677 3167 726 3227 IV,
744 3171 770 3224 8.
805 3167 895 3216 Horat.
911 3168 957 3234 up.
973 3168 993 3217 1.
1009 3168 1040 3229 7,
1058 3170 1100 3225 98.

128 3234 198 3286 uumd
221 3244 275 3284 tam
291 3233 394 3299 demens
414 3233 461 3295 sit,
486 3243 515 3283 ut
532 3248 578 3283 sua
594 3249 644 3283 vo·
711 3232 797 3284 Metiri
808 3251 836 3283 se
849 3251 974 3302 quemque
986 3249 1032 3283 suo
1046 3232 1151 3283 modulo
1165 3248 1196 3282 ac

129 3300 226 3354 tutata
239 3312 365 3365 maereat,
390 3318 420 3352 eo
438 3300 571 3350 confutare
587 3311 645 3350 stn-
934 3301 999 3368 peda
1014 3317 1100 3350 verum
1115 3313 1160 3350 est.

129 3368 181 3433 dut,
200 3369 286 3448 quod,
305 3387 369 3438 quae
388 3385 490 3418 caussae
508 3368 646 3417 adurantur
677 3369 709 3418 V.
726 3370 838 3419 Gronov.
856 3377 883 3418 et
897 3367 1026 3419 Drakeub.
1042 3366 1075 3418 ad
1089 3367 1144 3416 Lir.
1162 3367 1195 3415 ll.

129 3437 279 3505 ncipreudi
294 3435 406 3496 doloris,
431 3452 484 3485 nou
505 3435 532 3484 in
554 3444 645 3484 natura
677 3437 727 3497 48,
744 3441 770 3493 2.
796 3444 822 3485 et
836 3434 971 3485 Ruhnken.
986 3433 1087 3487 Dictat.
1099 3433 1127 3483 iu
1141 3433 1195 3482 Tc-

97 3540 104 3555 .
130 3503 223 3571 puritas
232 3502 645 3571 esse,sedinpcrversabominum
676 3513 742 3553 rent.
759 3503 837 3553 Andr.
852 3504 896 3554 IV.
915 3501 944 3564 1,
962 3508 986 3560 5.

131 3570 247 3640 omnimo
264 3571 430 3622 demonstrat.
449 3572 471 3639 §
480 3574 523 3628 72.
541 3580 569 3619 et
583 3573 625 3626 73.
728 3582 829 3619 nosmet
842 3570 928 3639 ipsos)
944 3570 976 3621 V.
992 3567 1123 3617 Adnotatu
1136 3565 1163 3615 iu
1176 3567 1195 3616 l.

97 3648 99 3655 '
170 3640 289 3709 primum
302 3640 353 3689 illa
367 3639 456 3708 opinio
470 3638 544 3703 malr)
561 3637 645 3687 Prima
676 3641 725 3698 30,
742 3642 783 3694 73.

132 3707 189 3758 unci
208 3706 278 3756 iendi
292 3706 388 3757 doloris
404 3723 493 3757 caussa
507 3704 590 3772 posita
607 3713 646 3753 est
725 3705 801 3774 plus)
827 3703 918 3754 Latine
937 3712 1072 3770 utrumque
1094 3700 1196 3765 dicitnr,

97 3792 99 3831 ;
132 3771 180 3823 lu'
203 3791 219 3824 a
242 3774 379 3842 opinione,
403 3772 500 3840 aliquid
518 3789 571 3822 esse
587 3789 645 3821 mu-
679 3782 706 3822 et
720 3773 783 3841 plus
800 3781 826 3821 et
844 3773 933 3841 magis
954 3788 1046 3831 amore
1067 3771 1196 3840 aliquem:

97 3840 106 3905 'r
133 3837 192 3901 lun}
218 3859 279 3893 nam
296 3859 372 3909 quum
390 3839 424 3899 ali
442 3840 486 3889 uid
503 3839 646 3889 bominibus
675 3840 740 3910 plus
755 3839 817 3906 poni
832 3849 933 3908 potest,
961 3839 1113 3907 quinetiam
1130 3838 1197 3887 dici·
1303 3866 1308 3883 .

97 3908 100 3921 '
134 3908 220 3960 mlum
238 3909 320 3960 visum
338 3918 390 3970 est,
414 3859 491 3975 idque
514 3907 562 3958 sibi
583 3924 647 3975 per·
678 3917 721 3956 tur
734 3909 842 3957 riculeum
855 3925 956 3958 amore.
991 3906 1048 3956 Pari
1062 3907 1140 3956 modo
1155 3906 1197 3956 la-

97 4008 101 4047 3
136 3987 272 4041 sumunt,
292 3975 426 4043 aegritudo
443 3975 584 4042 insequitur
598 3991 647 4024 ne-
679 3974 726 4024 tini
742 3975 877 4043 scriptores
894 3976 983 4025 dicunt
996 3975 1059 4044 plus
1079 3974 1196 4032 horrere,

97 4052 103 4091 t-
137 4044 246 4095 oersan'o.
681 4043 874 4104 exhorrescere,
886 4045 987 4104 timere,
1006 4042 1105 4109 aliaque
1119 4039 1197 4088 verba

177 4114 219 4170 73.
244 4112 271 4162 si
287 4111 410 4182 quaeris)
435 4109 555 4161 Formula
574 4109 648 4160 affir-
681 4109 800 4160 affectum
812 4109 991 4177 significantia.
1010 4109 1101 4160 Catull.
1116 4109 1159 4167 111,
1171 4113 1196 4163 5.

138 4179 213 4230 naudi
232 4196 282 4249 pro
304 4192 333 4230 ut
352 4196 444 4230 verum
467 4177 569 4240 dicam,
596 4194 649 4234 non
682 4180 764 4238 Quem
781 4178 824 4244 (sc.
841 4178 977 4245 passerem]
994 4177 1055 4246 plus
1070 4176 1117 4226 illa
1131 4172 1198 4223 ocu-

140 4243 271 4315 diffiteor,
294 4263 412 4316 proquo
433 4244 492 4297 alibi
515 4245 650 4296 dicitursi
683 4243 716 4296 tis
730 4245 782 4298 suis
798 4245 920 4298 ornabat.
1150 4245 1154 4251 ’

924 4320 970 4387 ts
987 4315 1006 4352 ’⁴
