2640 4626
478 223 606 274 nrnnn
624 225 644 274 1.
662 199 715 282 aa
1064 208 1123 278 137

54 342 121 415 hoc
144 339 375 449 accipiaturss,
400 341 611 445 Lycurgum,
637 339 809 429 Solonem,
836 338 946 438 legum
971 338 1126 440 etpubli-
1167 374 1168 378 ¹

54 471 114 517 cae
136 441 333 542 disciplinae
347 453 458 516 carere
472 442 595 541 gloria:
622 441 898 530 Themistoclem,
920 440 1129 543 Epaminon-

55 543 313 633 dam,·bellicae
328 544 465 617 virtutis.
515 545 602 620 Ante
617 544 705 620 eninr
723 544 919 618 Salamina⁹
939 544 1048 644 ipsam
1060 546 1127 618 Ne-

54 664 180 748 ptunus
194 647 322 734 obruet,
339 651 438 746 quarn
448 644 618 720 Salaminii
635 646 765 748 tropaei
780 646 990 720 memoriam:
1016 646 1127 746 prius·

54 778 121 850 que
147 749 288 823 Boeotia
304 751 445 822 Leuctra
467 748 642 837 tollentur,
666 777 766 849 quam
789 777 920 851 pugnae
936 749 1128 823 Leuctricae

52 851 178 950 gloria.
193 849 296 924 multo
319 867 427 927 autem
442 851 568 924 tardius
584 852 671 927 lar'na
687 851 816 925 deseret
832 850 985 939 Curium,
1010 850 1128 923 Fabri-

55 954 157 1044 cium,
182 953 385 1041 Calatinum,
411 953 478 1026 duo
497 954 689 1056 ScipioneS,
715 954 782 1027 duo
796 953 994 1042 Africanos,
1019 952 1128 1026 Maxi-

54 1051 168 1143 mum,
198 1055 411 1143 Marcellum,
442 1055 611 1144 Paullum,
639 1057 813 1143 Catonem,
837 1054 1004 1143 Laelium,
1028 1054 1128 1128 innu-

56 1155 226 1232 merabilis
248 1157 348 1232 alios:
375 1185 516 1256 quorum
540 1157 791 1232 similitudinem
806 1156 948 1256 aliquam
965 1157 1023 1256 qui
1043 1157 1132 1230 arri--

56 1259 184 1360 puerit,
208 1287 278 1332 non
293 1288 365 1333 eam
379 1261 467 1333 lama
482 1260 656 1361 populari,
682 1259 742 1333 sed
756 1287 832 1332 vcra
845 1259 1012 1331 bonorum
1028 1258 1127 1333 laude

54 1361 217 1450 metiens,
240 1361 355 1435 fidenti
388 1362 517 1452 animo,
542 1364 572 1436 si
598 1360 645 1436 ita
664 1391 718 1436 res
744 1361 875 1450 seret1,
901 1360 1070 1458 gradietur
1084 1361 1128 1434 ad
1164 1352 1189 1405 ⁰
1265 1400 1270 1410 ·

54 1480 216 1551 mortem,
240 1463 277 1536 in
296 1491 362 1564 qua
375 1480 431 1537 aut
445 1492 610 1539 summurn
624 1465 771 1553 bonum,
794 1462 989 1536 aut'nullum
1004 1462 1127 1535 malum

56 1593 133 1639 esse
161 1566 384 1663 cognovimus.
401 1568 566 1641 ·secuudis
591 1596 669 1641 varo
695 1566 765 1640 suis
790 1566 890 1639 rebus
913 1564 1002 1639 volet
1030 1563 1128 1639 etiam

55 1667 163 1757 mori;
186 1695 255 1740 non
284 1667 372 1741 eninr
396 1684 465 1741 tam
491 1669 640 1745 cumulus
665 1670 831 1743 bonorum
860 1668 1026 1741 iucundus
1057 1695 1128 1741 esse

124 1873 143 1930 8
159 1872 201 1922 Or.
211 1888 233 1922 a.
243 1871 324 1923 Codd.
340 1870 457 1934 Bentleii,
474 1873 506 1924 R.
521 1872 585 1932 04x.
602 1872 633 1924 V.
642 1875 674 1923 D.
688 1873 841 1942 accipietur.
858 1872 947 1923 Recte.
977 1876 998 1932 0
1013 1872 1046 1924 V.
1062 1872 1128 1922 Adu.

54 1935 188 2074 ἒθξίῗθνὲ.
212 1938 374 2022 ononnullis
393 1939 473 1991 codd.
490 1969 525 1979 -
553 1939 604 1992 Alii
619 1941 645 1992 si
659 1942 700 1991 ita
721 1939 814 2010 refiert.
838 1942 898 1992 Era.
921 1947 943 1991 e.
961 1940 1029 2008 vulg.
1047 1940 1129 1991 siim

54 2139 121 2190 licet
134 2139 253 2210 ¹virtutem
275 2141 358 2210 gloria
380 2136 500 2210 tanquam
515 2159 575 2193 nm·
605 2141 765 2212 Salaminam.
783 2141 909 2204 td.11,7.
929 2141 962 2193 de
976 2139 1123 2210 proprieta-

54 2208 103 2258 bra
127 2218 260 2274 sequatur,
292 2219 378 2260 tamen
406 2209 574 2260 mutitudinis
606 2220 634 2261 te
655 2209 798 2260 Salaminae
812 2209 917 2260 insulae.
943 2211 977 2260 Aa
991 2209 1071 2260 Cicer.
1096 2207 1129 2259 de

57 2274 181 2327 iudicium
197 2276 229 2326 de
245 2277 320 2328 bonis
336 2276 479 2336 hominibus
495 2276 574 2344 magis
608 2277 681 2328 office
689 2280 709 2327 1.
724 2280 764 2339 18,
780 2281 822 2335 61.
837 2277 972 2327 Salamine.
992 2277 1046 2328 'ct
1064 2278 1130 2327 Bre-

525 2345 575 2462 a:
606 2343 1045 2468 uuae
1069 2347 1128 2459 u·

56 2427 114 2528 iiim
123 2427 175 2528 0res
196 2487 283 2544 gestae
300 2423 491 2530 amnltitiidide
505 2479 576 2529 cele-
608 2480 641 2533 N.
651 2481 682 2529 D.
692 2472 711 2528 l.
724 2481 765 2535 42.
784 2430 1017 2527 omitto'dleusina:
1036 2445 1129 2544 quam:

56 2545 180 2608 brantur,
196 2545 266 2595 beati
281 2546 446 2612 praedicandi
460 2556 533 2604 sunt,
609 2564 684 2616 quam
698 2545 734 2595 ibi
751 2544 831 2595 codd.
849 2561 1002 2613 magnopere
1018 2543 1126 2604 variant,
1199 2553 1218 2588 κ’

110 2616 210 2682 'quoquo
237 2612 312 2663 modo
340 2614 390 2664 hoc
416 2613 575 2683 accipiatur)
609 2624 636 2664 et
657 2613 772 2663 Davisius
796 2611 947 2679 praetulit:·
966 2611 1129 2674 Eleusinem,

57 2681 92 2730 H.
117 2697 138 2730 e.
166 2697 268 2747 quoquo
292 2681 368 2732 modo
390 2698 440 2733 vox
465 2680 577 2732 carendi
608 2681 732 2748 multique
743 2679 822 2729 Codd.
838 2679 946 2730 habent:
963 2680 1129 2729 Eleusinem:

56 2746 211 2815 accipiatur3
222 2747 348 2814 duplicem
357 2748 424 2798 enim
431 2749 510 2799 habet
517 2749 575 2808 vim,
609 2749 677 2816 quod
687 2765 740 2798 uon
747 2747 916 2815 spernendum
929 2742 1037 2808 videtur,
1053 2762 1130 2813 quum

58 2814 96 2864 ita
114 2824 144 2864 nt
161 2824 187 2864 et
208 2814 332 2880 significet
350 2836 364 2866 e
384 2834 430 2866 ere
444 2833 489 2879 eo,
508 2815 577 2885 quod
610 2825 727 2875 constet,
753 2832 835 2864 accus.
856 2813 884 2864 in
900 2833 918 2863 a
936 2823 1088 2875 exeuntem,
1116 2829 1131 2862 e
1223 2829 1245 2867 (Α
1265 2839 1300 2860 μ

58 2881 159 2932 habere
185 2882 272 2944 velis,
306 2892 333 2933 et
381 2891 469 2947 catur,
500 2900 577 2953 quum
610 2900 701 2951 graeca
714 2880 931 2948 linguaducturu,
949 2897 1024 2931 aurea
1044 2889 1130 2931 aetate

59 2949 167 3018 aliquid
181 2967 234 2999 nors
247 2948 355 3014 lrabeaa,
374 2963 400 3001 et
416 2968 469 3000 non
481 2949 578 3000 tubere
610 2950 678 3019 apud
703 2950 832 3016 prosaicos
849 2949 969 3000 rariorem
992 2947 1086 3010 fuisse,
1103 2956 1131 2997 et

58 3029 85 3066 te
100 3018 212 3079 sentias,
230 3017 578 3086 etiamsi-idsacilopatia-
612 3027 731 3085 argentea
747 3016 847 3066 demum
869 3026 954 3067 aetate
984 3014 1128 3066 invaluisse.

58 3103 99 3134 re.
125 3085 157 3136 V.
178 3089 263 3148 ο.36,
281 3090 324 3143 88.
357 3084 579 3150 Sententiaigitur
613 3085 651 3135 Cf.
660 3083 801 3135 Ramshorn
817 3087 879 3134 Lat.
894 3086 941 3134 Gr.
963 3086 984 3153 §.
998 3087 1040 3142 28.
1056 3088 1130 3133 Anni.

58 3151 124 3202 haec
140 3160 192 3201 est:
219 3153 351 3218 Lyeurgus
364 3162 391 3203 et
406 3153 467 3204 Solo
486 3170 579 3202 carere
611 3157 636 3211 3.
653 3170 679 3220 p.
695 3152 738 3212 44.
753 3168 790 3223 sq.

58 3219 157 3285 gloria,
182 3235 283 3336 quotpuo
301 3220 378 3271 modo
398 3236 449 3273 vox
467 3219 579 3270 carendi
662 3219 806 3270 Salaminii
812 3218 925 3288 tropaea]
943 3219 992 3268 Pro
1009 3216 1130 3267 Salami-

58 3285 215 3354 accipiatur,
257 3286 291 3337 ici
306 3303 359 3339 non
378 3296 498 3355 possunt:
520 3305 579 3337 nam
611 3286 811 3338 reiaevr'ctoriae
837 3305 864 3336 er
873 3285 1062 3352 metonymiam,
1080 3300 1131 3350 qua

58 3352 261 3434 nequeglorlam
275 3355 442 3422 expetierunt,
460 3363 579 3423 tauquam
612 3373 700 3405 caussa
716 3370 763 3421 pro
786 3373 800 3404 e
821 3364 895 3414 ectu,
925 3362 982 3414 aut,
1007 3352 1046 3401 uti
1065 3350 1094 3400 h.
1110 3349 1130 3400 l.

58 3432 202 3490 caprentes,
219 3438 301 3489 neque
315 3438 368 3473 non
383 3421 495 3484 habent,
511 3421 579 3489 -quia
614 3422 718 3473 effeetus
740 3438 788 3488 pro
820 3437 908 3472 caussa
933 3417 1046 3536 ponitur.
1090 3415 1133 3467 Sic

59 3490 164 3539 illorum
186 3489 306 3540 virtutem
327 3489 427 3557 gloria,
460 3498 581 3557 tanquam
615 3491 689 3540 Corn.
705 3489 773 3556 Nep.-
787 3487 934 3539 Themistoc
970 3487 1003 3536 V.
1017 3489 1043 3542 3.
1061 3485 1134 3533 Haec

58 3556 165 3619 umbra,
183 3557 303 3625 sequium.
614 3558 694 3608 altere
706 3553 829 3619 victoria,
848 3570 912 3622 quae
928 3570 984 3603 cum
997 3550 1134 3602 Maratho-

111 3625 261 3692 Salomina)
292 3625 334 3676 Sic
366 3624 448 3676 edidit
471 3623 583 3677 Wolfius
614 3624 658 3674 nio
678 3621 761 3691 possit
782 3621 923 3690 comparari
941 3631 1064 3688 tropaeo:
1090 3617 1136 3668 ubi

59 3708 118 3742 enm
140 3692 188 3743 Ed.
203 3692 439 3754 Manut.·Alii,⁴ut
457 3691 583 3754 Davisius,
616 3693 650 3742 cf.
666 3689 749 3746 Bremi
769 3708 797 3759 p.
819 3692 860 3748 43.
878 3705 916 3756 sq.
951 3687 992 3738 Sia
1017 3686 1085 3738 intra
1100 3685 1134 3739 V.

59 3758 204 3822 hestiae,
233 3759 359 3823 Orellius,
385 3761 475 3826 legunt
500 3760 583 3810 Sola·
615 3762 657 3819 21,
674 3761 716 3814 62.
733 3756 936 3808 incendebantur
951 3755 1045 3806 odores
1061 3755 1135 3871 Sprot

25 3833 31 3843 '
59 3828 169 3878 uanam.
203 3827 253 3877 Sed
271 3827 408 3877 tenendum
432 3837 486 3888 est,
512 3827 582 3877 eius·
616 3824 777 3889 suffimenta,
803 3833 933 3886 aromata,
956 3823 1059 3874 thurao
1079 3838 1134 3873 on-

60 3894 131 3945 modi
154 3895 258 3945 nomina
286 3895 386 3945 urbium
417 3905 444 3945 et
466 3895 582 3946 locorum
615 3892 687 3958 fera).
720 3893 754 3944 V.
769 3891 911 3944 llamshorn
928 3893 989 3942 Lat.
1015 3893 1135 3941 Gramm.
1188 3951 1193 3960 .

61 3961 130 4030 apud
144 3979 236 4012 aureae
249 3962 340 4012 aetatis
355 3962 491 4031 scriptores
505 3979 581 4028 grae-
615 3964 638 4031 §.
655 3963 715 4020 203.
730 3977 757 4027 p.
774 3965 833 4019 653.
1137 3977 1153 4000 1
1205 3966 1209 3970 “

60 4047 106 4081 eae
121 4028 300 4080 declinationis
314 4029 518 4080 terminationem
531 4029 581 4080 ha·
666 4027 718 4078 duo
731 4028 881 4099 Scipiones)
899 4028 1011 4085 „Veteres
1027 4041 1135 4076 aecusa-

60 4098 139 4160 bere,
158 4097 227 4165 apud
241 4097 390 4165 posterioris
406 4106 490 4147 antem
508 4107 582 4148 aeta·
614 4095 694 4146 tivum
707 4111 799 4147 vocum
813 4095 865 4146 duo
879 4103 906 4145 et
924 4093 999 4144 ambo
1009 4091 1135 4143 termina-

60 4165 95 4215 tis
119 4165 169 4215 sori
188 4174 259 4214 tores
283 4164 378 4215 letinae
402 4163 581 4223 declinationis
599 4163 677 4214 'bant
696 4173 740 4213 ant
765 4163 792 4213 iu
814 4163 896 4224 duos,
922 4159 1025 4219 ambos,
1051 4167 1096 4207 ant
1110 4156 1140 4206 in

61 4231 160 4300 legibus
169 4184 247 4283 decti.
267 4231 406 4283 Siclustiu.
418 4230 580 4296 xmae.
616 4231 669 4282 duo
686 4239 715 4282 et
728 4230 816 4296 ambo,
833 4240 870 4282 nt
878 4228 931 4281 'itta‘
942 4223 1098 4280 emmaus
1104 4221 1177 4303 Ka·-
