2640 4626
200 219 264 289 332
448 224 729 277 rosconmsnnn
745 182 1024 296 msenrirronun

202 348 299 435 dum,
326 363 357 419 et
376 372 455 445 prae
474 372 510 417 se
537 342 727 431 ferendum3
753 345 844 444 quod
866 343 930 417 tale
953 360 1080 431 autem,
1104 342 1149 417 id·
1174 342 1274 416 etiam

199 450 399 550 gloriosum:
427 447 549 519 sivero
567 445 760 543 gloriosum,
786 463 872 520 certe
886 446 1069 520 laudabile:
1095 445 1191 545 quod
1205 444 1273 517 lan-

201 551 312 626 dabile
333 566 439 622 autem
452 554 492 636 ²,
518 549 667 648 prolecto
689 548 788 621 etiam
808 549 1003 622 honestum:
1030 548 1121 648 quod
1145 547 1271 620 bonum

201 654 319 752 igitur,
344 653 381 725 id
403 651 585 723 honestum.
636 655 690 728 44
719 652 765 722 At
789 679 872 749 quae
899 651 955 722 isti
975 652 1065 724 bona
1087 664 1271 737 numerant,

200 785 243 830 ne
276 754 343 855 ipsi
376 753 511 854 quidem
547 753 684 825 honesto
711 752 840 825 dicunt:
873 752 979 825 solum
1010 753 1112 850 igitur
1135 752 1270 839 bonum,

201 857 293 958 quod
320 857 513 929 honestum:
547 883 585 927 ex
612 881 677 953 quo
704 853 861 943 efficitur,
888 855 1057 928 honestate
1079 882 1149 927 nna
1172 854 1269 926 vitant

128 973 132 982 '
202 958 364 1034 contineri
378 960 516 1031 beatam.
565 958 642 1028 Non
659 973 736 1028 sunt
751 956 853 1054 igitur
867 984 904 1029 ea
917 957 1006 1029 bona
1024 956 1187 1045 dicenda,
1211 984 1268 1029 nec

203 1061 374 1147 habenda,
400 1060 521 1158 quibus
536 1058 758 1132 abundantem
775 1058 852 1132 licet
865 1086 937 1133 esse
954 1058 1188 1132 miserrimum.

303 1168 361 1241 45.
386 1162 440 1233 An
455 1159 604 1247 dubitas,
630 1160 710 1259 quin
726 1177 898 1260 praestans
918 1159 1106 1247 valitudine,
1132 1159 1266 1246 viribus,

201 1266 329 1351 forma,
355 1263 523 1336 acerrimis
539 1261 824 1362 integerrimisque
850 1262 1021 1346 sensibus;
1054 1262 1142 1335 adde
1164 1263 1266 1347 etiam,

203 1367 233 1441 si
248 1367 348 1454 libet,
373 1365 599 1465 pernicitatem
620 1380 649 1438 et
675 1364 898 1452 velocitatem
924 1365 1140 1452 dedititios,
1167 1364 1265 1436 bono·

200 1496 274 1557 res,
299 1468 455 1567 imperia,
482 1494 580 1568 epm,
605 1465 762 1562 gloriam3
789 1467 996 1553 silueritis,
1022 1465 1078 1566 qui
1104 1467 1191 1540 baec
1216 1466 1266 1537 ba-

201 1571 276 1658 bet,
300 1570 459 1657 iniustus,
485 1569 725 1668 intemperans,
749 1569 903 1656 timidus,
929 1569 1039 1642 hebeti
1060 1569 1199 1666 ingenio
1227 1584 1266 1639 at-

201 1700 266 1773 que
289 1671 380 1745 nullo
406 1714 452 1726 -
478 1670 689 1743 dubitabisne
716 1698 790 1744 eum
815 1671 969 1744 misemm
1002 1670 1136 1743 dicere?
1163 1669 1265 1770 qualia

199 1775 306 1873 igitur
319 1773 381 1845 ista
396 1773 486 1844 bona
503 1788 596 1860 sunt,
623 1799 706 1870 quae
724 1773 781 1872 qui
803 1772 940 1860 habeat,
965 1772 1176 1845 miserrimus
1203 1799 1266 1846 esse

201 1874 332 1977 possit?
382 1874 664 1960 Videamus„ne,
689 1890 725 1945 ut
745 1902 878 1948 acervus
902 1903 940 1948 ex
964 1875 1015 1946 sni
1041 1874 1176 1972 generis
1200 1902 1271 1972 gra-¹

201 1978 272 2065 nis,
297 1977 346 2049 sic
363 1977 458 2049 beata
473 1977 539 2048 vita
557 1976 662 2048 exsui
677 1976 842 2058 similibus
858 1976 1010 2076 partibus
1034 1976 1120 2050 ellici
1145 1977 1266 2050 debeat.

158 2078 160 2083 ’
203 2079 350 2177 Quodsi
366 2080 411 2150 ita
428 2095 493 2166 est;
520 2106 559 2151 ex
574 2077 688 2165 bonis,
714 2105 797 2176 qnae
817 2078 887 2151 sola
916 2079 1054 2151 bouesta
1080 2095 1178 2165 sunt,
1205 2077 1266 2151 elli-

202 2182 356 2255 ciendum
373 2196 422 2253 est
437 2180 571 2252 beatum
585 2185 621 2252 ³:
648 2208 686 2252 ea
702 2181 802 2253 mixta
821 2210 861 2254 ex
876 2180 1095 2254 dissimilibus
1114 2181 1144 2253 si
1163 2196 1266 2264 emnt;

202 2284 377 2356 honestum
396 2309 435 2354 ex
453 2281 537 2353 hist
555 2279 640 2355 effici
656 2281 742 2354 nihil
759 2282 897 2382 poterit:
924 2311 990 2382 quo
1007 2283 1167 2369 detracto,
1194 2281 1268 2382 quid

160 2432 162 2436 »
204 2384 326 2486 poterit
343 2384 476 2456 beatum
494 2381 656 2481 intelligi?
681 2385 800 2457 etenim
820 2384 983 2484 quidquid
1002 2400 1069 2471 est,
1094 2385 1190 2483 quod
1215 2386 1269 2457 bo

201 2515 283 2560 num
300 2487 353 2572 sit,
379 2485 414 2557 id
432 2484 649 2585 expetendum
665 2501 731 2559 est:
757 2487 848 2586 quod
862 2503 968 2559 autem
985 2487 1220 2585 expetendum,
1238 2485 1269 2558 id

205 2605 291 2663 certe
314 2587 585 2688 approbandum:
613 2587 706 2686 quod
729 2617 808 2662 vero
833 2588 1046 2689 approbaris,
1083 2589 1118 2661 id
1144 2605 1271 2687 gratnm

205 2707 440 2790 acceptumque
457 2689 660 2763 babendum:
686 2719 765 2788 ergo
781 2691 878 2764 etiam
895 2691 1039 2788 dignitas
1054 2690 1082 2763 ei
1095 2690 1271 2764 tribuenda

203 2809 260 2866 est.
295 2791 386 2892 quod
411 2791 439 2863 si
462 2791 507 2863 ita
527 2807 595 2878 est,
628 2790 793 2866 laudabile
819 2794 862 2866 sit
888 2820 1022 2866 necesse
1046 2794 1111 2866 est:
1149 2793 1272 2867 bonum

197 2895 304 2993 'igitur
319 2922 416 2967 omne
432 2892 606 2966 laudabile.
632 2922 671 2967 ex
689 2923 756 2993 quo
773 2893 930 2984 efficitur,
955 2910 1009 2983 nt,
1033 2894 1127 2994 quod
1151 2896 1198 2969 sit
1218 2896 1274 2968 bo

202 3014 362 3086 nestum,¹
375 2995 412 3068 id
431 2996 475 3068 sit
488 2994 596 3069 solum
607 2995 743 3069 bonum.

269 3165 347 3222 2Sio
362 3165 393 3214 u.
417 3165 443 3213 b.
467 3166 519 3216 Pl).
535 3192 570 3205 —
591 3166 651 3216 Em.
667 3185 690 3217 c.
716 3165 784 3233 vulg.
803 3178 890 3217 autem
906 3165 979 3218 laud.
1046 3170 1065 3225 3
1086 3166 1150 3219 Em.
1176 3185 1192 3219 e
1216 3166 1272 3218 cot

204 3233 292 3286 Guelf.
310 3229 470 3301 efficiendus
487 3244 527 3282 est
544 3231 643 3284 beatus.
677 3234 858 3301 4'Legeudum
876 3252 897 3285 c.
913 3236 958 3285 SE.
980 3233 1024 3286 iis.

253 3350 298 3410 44.
315 3353 353 3402 Ac
368 3351 447 3418 quae)
472 3350 667 3401 solumbonum
684 3360 723 3401 est
755 3351 799 3401 nbi
820 3351 892 3418 plura
907 3351 1021 3421 exempla
1036 3351 1194 3423 constipavit
1209 3355 1273 3405 Goe-

203 3418 273 3486 quod
288 3419 422 3469 honestum
447 3427 495 3468 est.
529 3419 596 3468 Nom
617 3428 723 3469 externe
754 3436 823 3470 renz.
840 3438 865 3486 p.
883 3424 943 3477 260.

204 3487 271 3537 bona
295 3485 339 3554 qui
360 3485 454 3547 hebet,
471 3485 620 3536 miserrimus
637 3495 724 3552 potest
805 3504 916 3537 acervus
917 3515 928 3551 1
946 3485 1014 3537 Hinc
1030 3503 1110 3552 genus
1130 3487 1197 3539 illud
1214 3505 1274 3539 con-

169 3586 171 3590 ι
204 3571 265 3604 esse.
756 3553 890 3621 cludendi,
913 3553 982 3621 quod
1004 3552 1096 3603 sorites
1124 3555 1273 3624 appellator,

255 3623 297 3678 45.
314 3623 359 3671 An
376 3619 489 3686 dubitas)
517 3619 604 3671 Oratio
623 3617 724 3671 dvent—
756 3621 827 3671 cuius
850 3621 967 3671 inventor
990 3620 1147 3689 Chrysippus
1174 3634 1215 3673 est
1237 3625 1272 3688 (v.

205 3689 311 3748 λονθος
342 3697 395 3737 cst:
431 3705 495 3753 qnae
523 3686 557 3738 ad
582 3686 722 3753 legitimam
757 3691 872 3739 Goerenz
901 3689 934 3737 ad
958 3690 1035 3755 Legg.
1059 3690 1079 3738 1.
1103 3693 1155 3750 18,
1182 3692 1224 3748 45.
1251 3697 1273 3736 et

204 3764 355 3805 structurum
379 3767 498 3805 revocata
529 3757 566 3804 sic
590 3754 723 3805 decurrere
756 3755 790 3806 ad
809 3757 888 3822 Legg.
910 3757 929 3804 l.
950 3760 997 3816 18,
1013 3755 1064 3819 45)
1090 3774 1187 3807 nomen
1208 3772 1272 3807 suum

204 3822 327 3871 debebat:
362 3825 401 3869 An
425 3820 534 3883 dubitas,
560 3821 620 3889 quin
642 3839 722 3889 prae·
755 3822 859 3872 invenit.
880 3822 949 3872 cuius
964 3823 1105 3889 exemplum
1115 3842 1179 3874 mox
1192 3823 1271 3891 sequi-

204 3899 274 3939 stans
296 3888 345 3936 val.
362 3917 412 3949 -‚
429 3889 450 3938 si
470 3890 537 3939 idem
552 3889 631 3938 fucrit
652 3888 721 3938 iniu-
754 3900 810 3939 tur:
828 3888 930 3939 Etenim
945 3890 1117 3960 quicquid-
1133 3892 1167 3942 id
1182 3893 1219 3942 sit
1232 3907 1270 3940 so-

204 3966 257 4006 stus
274 3984 306 3993 -
324 3954 398 4004 miser
415 3955 456 4005 sit.
755 3957 808 4006 lom
826 3956 924 4006 bonnm.
951 3968 956 3983 ⁸

256 4022 343 4072 hebeti
357 4023 467 4090 ingenio
481 4035 559 4091 atque
569 4024 655 4087 nullo)
668 4023 722 4072 Ob·
806 4024 921 4087 beatum)
937 4024 1093 4074 Srtbstontivi
1110 4024 1173 4076 loco
1180 4065 1189 4087 ,
1206 4035 1233 4075 ut
1244 4023 1271 4072 de

204 4101 306 4140 servent
323 4088 419 4138 tirones
435 4091 585 4139 intensivum
606 4090 723 4158 particu-
755 4091 810 4141 tin.
827 4093 858 4141 V.
873 4097 915 4151 28,
929 4094 973 4150 84.
988 4092 1119 4150 virtutem,
1138 4093 1165 4143 in
1182 4089 1270 4161 quasit

204 4158 245 4208 lae
266 4170 345 4225 atqtee
368 4155 427 4207 vim.
452 4157 488 4207 de'
507 4159 587 4224 Legg.
611 4160 654 4208 ttt.
682 4159 720 4218 14,
756 4159 837 4226 ipsum
852 4158 929 4208 etia'm
951 4159 1132 4210 beatum-ubi
1155 4162 1189 4211 cs.
1206 4161 1270 4210 Goe-

203 4230 247 4284 32.
263 4223 356 4291 pauci,
373 4234 452 4292 atque
474 4224 609 4276 admodum
633 4225 722 4292 pauci:
756 4242 824 4277 rena.
839 4242 865 4292 p.
880 4227 939 4285 637.
