2640 4626
561 216 687 268 uisse
705 218 724 269 1.
741 222 783 277 35.
1144 220 1203 287 115

127 330 396 433 septemdecim⁴
417 334 503 406 iusta
520 361 623 406 uxore
638 335 707 407 nuti
721 342 759 408 ⁵:
785 336 820 408 in
833 355 973 439 utroque
993 342 1130 417 cundem
1146 347 1202 420 tn.

125 435 201 507 buit
214 435 348 509 fortuna
364 446 577 534 potesta‘tem3
604 437 664 509 sed
677 465 739 512 usa
753 438 789 511 in
805 439 907 514 altero
925 458 981 516 est.
1033 446 1201 523 Metellum

125 538 218 611 enim
232 536 327 609 multi
346 537 417 627 filii,
441 537 545 625 silius,
571 554 721 639 nepotes,
747 558 881 641 neptes,
905 544 941 617 in
957 573 1076 645 rogum
1095 551 1204 650 impo-

124 654 281 713 suerunt:
307 636 475 713 Priamum
486 655 576 713 tanta
588 642 747 741 progenie
765 644 930 734 orbatum,
954 651 1201 749 quunrinnram

124 741 350 841 confligissct,
375 741 507 816 hostilis
526 756 645 816 mantis
659 744 831 819 interemit.
884 749 948 822 Hic
964 750 994 824 si
1014 754 1096 825 vivis
1113 754 1202 845 filiis,
1309 792 1313 803 ·

123 842 286 918 incolumi
300 872 423 944 regno,
450 845 646 934 occidisset,

253 1002 258 1010 »
279 998 322 1015 ··-
343 967 502 1028 adstante⁶
525 988 582 1048 ope
602 967 778 1048 barbarica,

174 1116 180 1129 ,
279 1054 378 1112 Tectis
394 1054 533 1129 caelatis,
553 1054 715 1131 laqueatis:
807 1056 817 1086 ⁸

126 1184 238 1239 utrum
249 1168 383 1241 tandem
399 1197 417 1240 a
431 1168 542 1256 bonis,
568 1197 610 1241 an
626 1197 643 1241 n
659 1168 755 1245 malis
766 1168 997 1246 discessisset?
1019 1175 1107 1248 'l'um
1122 1176 1200 1277 prc'-

124 1270 215 1342 fecto
233 1269 400 1343 videretur
423 1270 564 1343 abonis.
591 1286 726 1344 atcerte
751 1272 781 1344 ei
795 1272 913 1347 melius
933 1276 1112 1366 evenisset,
1139 1310 1200 1353 nec

124 1387 195 1445 tarn
208 1371 362 1445 flebiliter
376 1372 431 1446 illu
450 1385 661 1447 canerentur:

192 1556 269 1617 48ἰο
285 1554 370 1627 plures
388 1556 470 1611 codd.
481 1588 513 1599 —-
528 1557 590 1611 Ern.
609 1519 722 1613 caelu
740 1558 807 1611 Lell.
824 1572 923 1631 septem
940 1574 966 1613 et
983 1561 1080 1615 decem.
1115 1565 1199 1633 Vulgo

126 1627 217 1676 decem
236 1640 261 1677 et
278 1640 385 1696 septem.
426 1635 443 1686 5
467 1627 509 1679 Sic
532 1628 557 1678 b.
582 1636 611 1677 et
633 1626 718 1695 plures
741 1628 807 1679 Edd.
825 1638 887 1679 vett.
905 1659 938 1669 -
954 1630 1013 1681 Em.
1032 1649 1053 1683 c.
1071 1633 1102 1683 lt.
1119 1632 1198 1691 PVM.

124 1694 210 1746 Gebh.
228 1696 276 1745 De.
292 1697 374 1746 natis.
408 1700 426 1753 6
441 1695 483 1747 Sic
500 1696 545 1747 W.
564 1713 585 1746 c.
602 1696 672 1746 ElJb.
689 1724 723 1736 -
739 1696 799 1746 Ern.
818 1714 841 1748 c.
860 1696 927 1764 vulg.
944 1711 1058 1749 astante.

124 1812 204 1862 tellus
219 1810 468 1864 utsfilimconsules
476 1812 549 1875 vidit,
563 1813 647 1880 equi·
682 1813 814 1875 cedamus,
833 1829 904 1877 esse,
930 1815 974 1882 qni
996 1812 1136 1869 nihil'msli
1152 1818 1200 1870 ha·

125 1881 174 1930 bns
200 1896 277 1929 unum
309 1881 385 1931 etism
408 1891 435 1931 et
467 1897 598 1933 censorem
621 1892 648 1931 et
680 1878 766 1943 beant,
783 1881 881 1931 nullum
897 1900 913 1933 u
928 1886 1032 1933 tortunu
1049 1885 1140 1936 vulnus
1154 1904 1200 1938 ac-

122 1947 332 2015 triumphuntem,
350 1958 467 2016 quartum
476 1958 560 2012 autem
568 1966 647 2016 prae·
681 1948 811 2016 ceperint:
839 1959 865 1998 ct
889 1948 937 2001 hac
961 1951 1063 2016 quidem
1079 1954 1201 2004 felicitate

125 2018 238 2065 torem.“
287 2016 339 2066 Alii
362 2017 514 2084 scriptores,
539 2016 647 2066 Metello
680 2034 739 2066 usus
754 2025 793 2066 est
806 2016 943 2068 Metellus:
961 2029 988 2069 ut
1002 2020 1068 2068 tales
1078 2021 1200 2073 fortunati

123 2098 170 2133 sex
186 2082 264 2133 fuisse
277 2082 362 2146 filios,
386 2096 498 2135 nunaut.
524 2087 556 2137 V.
575 2084 646 2134 locos
679 2083 794 2134 homines
817 2093 877 2133 suut
908 2085 1065 2152 paucissimi:
1091 2088 1122 2137 iis
1150 2106 1200 2156 op-

124 2168 141 2200 a
156 2148 263 2201 Davisio
277 2150 403 2201 laudatos.
679 2150 742 2219 poni
763 2160 870 2217 possum
896 2152 969 2203 multi
992 2154 1124 2216 homines,
1145 2154 1199 2273 ssui,

176 2218 388 2288 qus‘nqrmginta)
403 2220 435 2269 V.
453 2219 482 2268 ll.
505 2218 558 2280 VI,
584 2218 645 2276 244.
680 2226 757 2268 antea
771 2218 799 2266 in
820 2219 896 2268 rebus
915 2221 1098 2272 florentissimis
1114 2240 1145 2273 co
1166 2240 1198 2274 o-

126 2284 222 2351 Virgil.
241 2290 304 2335 Aen.
313 2288 345 2348 11,
362 2291 419 2344 503.
457 2285 648 2353 Quinquaginta
681 2284 748 2347 cuti,
775 2285 882 2351 posthac
899 2288 1014 2338 maximis
1035 2290 1126 2355 agitati
1140 2302 1198 2341 sunt

122 2352 166 2403 illi
182 2350 307 2414 thalami,
324 2371 381 2421 spes
396 2362 469 2403 tenta
483 2363 614 2420 nepotum.
680 2350 875 2402 calamitatibus.
910 2355 994 2420 Ergo,
1019 2356 1040 2404 si
1056 2357 1198 2408 discesseris

177 2420 364 2488 septendecim
379 2421 453 2471 iusta
466 2422 559 2485 uxore)
584 2420 644 2471 Scil.
680 2436 695 2470 e
716 2418 804 2486 paucis
830 2419 882 2469 illis
906 2420 1058 2482 fortunatis,
1085 2426 1199 2475 certissi-

124 2486 369 2553 legitimsHecnbu:
384 2499 484 2539 ceteros
499 2487 648 2538 liliosl'ris-
681 2504 750 2536 mum
772 2486 834 2553 poni
855 2494 959 2553 potest,
983 2498 1091 2539 mortem
1115 2508 1162 2542 nos
1183 2508 1199 2543 a

122 2572 181 2604 mus
199 2572 214 2605 e
235 2554 369 2621 pellicibus
393 2565 579 2623 procreaverat.
613 2546 648 2605 At
680 2553 770 2616 melis,
789 2570 841 2604 non
859 2571 874 2604 u
890 2554 963 2604 bonis
980 2555 1114 2608 abducere.

123 2622 216 2673 Cicero
232 2622 355 2674 memoria
368 2623 452 2690 lapsus
467 2634 514 2673 est.
548 2624 648 2674 Home-
732 2622 839 2671 hostilis
851 2624 959 2685 munus)
975 2624 1063 2691 Pyrrhi
1072 2642 1117 2675 seu
1125 2627 1198 2677 Neo-

122 2705 168 2740 ms
183 2689 250 2740 enim
266 2691 335 2741 canit
351 2690 381 2741 11.
398 2691 504 2753 XXIV,
521 2691 580 2749 495.
696 2686 801 2752 tolemi,
819 2689 925 2739 Achillis
940 2690 995 2740 filii.
1029 2692 1199 2744 Pulcherrime

158 2755 341 2827 Πεπήκοντά
355 2775 405 2825 μοι
419 2753 498 2878 ἴσαν,
523 2755 564 2812 ὅτ’
581 2753 645 2826 'dlu-
677 2705 772 2807 inani
788 2757 892 2808 caedem
906 2755 1041 2826 descripsit
1054 2760 1198 2812 Marenen.

326 2827 384 2880 dee
400 2842 459 2887 ose
474 2826 610 2894 Ἀχαιῶν·
678 2824 710 2874 ΙΙ.
726 2831 786 2882 550.
805 2840 844 2892 sq.

132 2930 136 2937 ,
156 2889 378 2946 Ἐπεακαίδεκα
401 2891 452 2960 μέν
473 2911 523 2958 μοι
547 2894 593 2960 ἰῆς
615 2890 645 2946 ἐκ
730 2892 869 2959 adstante)
886 2889 921 2943 Hi
938 2900 966 2943 et
980 2903 1114 2961 sequentes
1138 2913 1198 2946 ver-

414 2955 611 3029 mitisssimus,
679 2975 720 3008 sus
734 2960 861 3027 desumpti
882 2969 940 3010 sunt
957 2977 989 3010 ex
1005 2962 1080 3011 Ennii
1094 2963 1198 3014 Andro-

159 3024 236 3089 Τοὺς
252 3023 277 3080 δ’
287 3025 391 3088 ἄλλους
402 3044 451 3094 μοι
474 3026 582 3081 ἔτικτον
605 3025 647 3082 tet
679 3026 778 3079 mucha.
829 3029 895 3076 Sunt
926 3037 1013 3079 eutem
1043 3032 1199 3097 anapaestici

312 3095 457 3163 pepulsores
472 3098 610 3162 posuisse.
680 3093 794 3143 dimetri:
826 3093 859 3143 de
888 3094 978 3162 quibus
1006 3112 1031 3147 v.
1061 3099 1199 3149 Hermanni

124 3161 281 3213 Theocritus
313 3178 414 3230 quoque
442 3162 479 3212 ld.
496 3162 562 3223 XV,
589 3165 646 3220 139·
679 3160 805 3212 Elemeut.
824 3161 908 3212 doctr.
929 3172 1004 3213 metr.
1026 3181 1053 3231 p.
1075 3169 1134 3222 385.
1158 3182 1197 3233 sq.

121 3230 244 3281 dissentit
265 3230 297 3280 sb
312 3231 442 3293 Homero,
467 3229 559 3297 viginti
572 3245 647 3281 com·
679 3245 705 3296 p.
720 3232 778 3287 389.
1037 3278 1041 3285 ,

120 3312 275 3348 memorans.
314 3299 348 3349 V.
372 3295 506 3377 Kiessling
530 3296 563 3346 ed
587 3297 606 3346 l.
628 3296 646 3346 l.
714 3313 761 3365 ope
770 3294 919 3363 barbarica)
927 3296 1016 3363 Virgil.
1024 3300 1087 3346 Aen.
1096 3300 1127 3348 ll.
1137 3298 1198 3356 504.

120 3367 220 3434 llll-ll·
256 3366 374 3415 Ceterum
382 3363 557 3431 facilaalsquis
566 3378 647 3431 quee-
680 3362 847 3426 „Barbarion
863 3372 949 3430 postes
972 3381 1038 3413 auro
1053 3365 1199 3433 spoliisque

119 3442 172 3495 rat,
192 3448 238 3485 cur
250 3432 350 3483 Metelli
366 3431 508 3499 exemplum
521 3432 572 3482 hoc
586 3431 646 3482 loco
680 3431 782 3498 superbi
793 3431 980 3481 Procubuere.“
1013 3430 1197 3482 ,Barbaricum

120 3519 137 3552 a
164 3500 287 3550 Cicerone
309 3500 415 3551 allatum
442 3499 485 3548 sit.
527 3499 646 3548 Metellus
680 3498 741 3546 e.P
790 3498 848 3564 gia,
866 3497 903 3546 uti
920 3505 990 3547 certe
1008 3498 1120 3564 explicat
1137 3501 1198 3548 Ser-

119 3567 320 3635 enimusquead
328 3579 436 3619 mortem
444 3564 561 3628 maxima,
579 3582 645 3632 quse
678 3564 763 3615 riusa
793 3565 864 3630 Virg.
886 3563 904 3613 l.
921 3564 947 3612 d.
964 3565 1021 3624 πᾶς
1043 3563 1198 3632 μὴ”Ελλην

120 3636 146 3687 ei
167 3635 296 3701 contigit,
322 3632 446 3687 felicitate
459 3634 645 3702 perfmebetm.
679 3629 841 3702 βάρβαροςς
863 3646 923 3681 nam
939 3639 966 3680 et
980 3632 1197 3703 HomemsPtny-

118 3703 229 3754 Scilicet
243 3703 388 3754 sententiae
408 3703 445 3752 ite
465 3702 533 3752 inter
554 3718 582 3762 se
597 3718 645 3751 co-
678 3717 723 3766 gus
740 3699 861 3750 barbaros
874 3698 996 3767 appellat.

118 3771 247 3820 haerent:
280 3770 308 3821 si
331 3771 405 3837 quis,
439 3769 522 3837 inquit
546 3768 644 3830 Cicero,
730 3767 808 3818 tectis
830 3768 959 3828 caelatis,
976 3766 1117 3837 laqueatis)
1145 3771 1197 3819 Te-

119 3838 186 3888 mihi
202 3838 314 3888 obiicere
330 3838 408 3901 velit,
425 3848 533 3888 mortem
547 3834 644 3887 idcirco
678 3847 723 3885 ete
736 3834 858 3899 caelata,
877 3835 967 3903 qmlns
984 3835 1056 3902 signu
1070 3847 1125 3887 arte
1142 3836 1197 3887 illi-

119 3906 148 3955 in
174 3906 250 3956 malis
266 3923 320 3956 esse
345 3906 514 3968 censendam,
531 3904 600 3985 quod
615 3920 645 3955 ea
679 3912 814 3970 getesunt,
831 3900 864 3954 ut'
877 3912 921 3952 aut
934 3910 998 3965 tots,
1016 3904 1198 3955 sutdimidiuta

120 3973 240 4023 omnibus
250 3973 291 4038 iis,
309 3991 374 4040 quse
389 3982 449 4024 suut
457 3974 526 4023 bone
539 3990 566 4022 m
582 3972 644 4031 rita,
679 3970 814 4022 emineant.
863 3971 895 4021 V.
916 3971 1016 4020 Ernesti
1037 3971 1107 4023 ctav.
1129 3990 1149 4021 s.
1172 3988 1196 4022 v.

119 4058 269 4159 didimi..
291 4041 647 4169 .ii⁸li'iiff⁰l0i¹¹i“i¹iisi
680 4036 1198 4176 {titttidtttttttttntgltt

121 4175 195 4228 Num
209 4176 264 4225 vita
279 4175 389 4225 humans
402 4177 497 4226 referte
515 4182 556 4225 est
568 4175 648 4224 innn-
679 4175 858 4233 tricliniorum,
866 4173 1039 4223 cubiculorum
1046 4181 1123 4221 tecta.
1142 4175 1198 4220 La-

121 4244 286 4295 merabilibus
308 4243 482 4294 incommodis.
525 4246 560 4293 st
581 4259 648 4293 con·
681 4258 766 4294 cunas
786 4241 856 4290 enirn
872 4241 978 4308 tgruece
1000 4238 1159 4306 redeuntium
1168 4237 1216 4284 ds·

941 4310 1007 4380 g*
