2640 4626
206 222 248 293 76
453 230 735 281 Tuscummum
748 221 1030 283 DISPUTATIO'NUM

205 352 344 458 recydes
355 350 474 453 Syrius
482 348 611 448 primus
627 347 721 434 dixit,
745 348 876 420 animos
886 347 1059 424 hominum
1068 353 1173 423 esse⁸
1195 376 1277 424 sem-

230 457 372 529 iternos:
401 452 555 550 antiquus
574 477 672 536 sane3
698 449 762 522 snit
778 449 866 523 enim
887 479 962 524 meo
978 469 1136 549 regnante
1154 452 1277 551 gentili.

205 485 292 632 Iane
314 554 507 656 opinionem
533 551 716 652 discipulus
739 552 837 640 eius,
876 552 1103 656 Pythagoras,
1135 555 1277 629 maxime

207 657 429 736 confirmavit:
456 655 514 755 qui
524 683 634 755 quum
654 655 808 754 Superbo
834 672 991 754 regnante
1016 657 1052 728 iu
1076 655 1210 731 Italiam
1227 686 1277 731 re-

205 764 319 848 nisset,
344 759 450 834 tenuit
473 785 627 856 magnam
646 756 737 830 illam
759 757 934 831 Graeciam
947 770 1047 832 tnm⁹
1077 758 1215 851 honore.
1230 759 1278 833 di·

206 863 384 966 sciplinae,
408 879 479 934 tum
495 861 592 933 etiam
615 860 806 933 auctoritate
818 891 825 934 :
838 920 841 924 .
852 860 1019 959 multaque
1036 861 1171 935 saecula
1186 879 1277 963 post-

206 997 244 1042 ea
266 967 315 1040 sic
337 965 442 1062 viguit
463 962 749 1067 Pythagoreorum
771 990 913 1050 nomen,
939 980 976 1036 ut
998 961 1079 1036 nulli
1102 963 1160 1037 alii
1188 965 1275 1039 docti

204 1071 400 1143 viderentur.

129 1165 133 1188 ¹
305 1171 410 1242 XVII.
436 1167 505 1242 Sed
522 1166 624 1240 redeo
642 1167 684 1239 ad
702 1167 864 1266 antiquos.
890 1167 1051 1241 rationem
1079 1167 1127 1239 illi
1145 1184 1276 1243 senten

205 1274 270 1347 tiae
285 1301 362 1345 suae
381 1300 450 1344 non
465 1270 535 1344 fere
555 1269 848 1356 reddebant,'nisi
869 1269 951 1369 quid
968 1286 1038 1342 erat
1053 1271 1207 1346 numeris
1224 1287 1276 1344 aut

205 1374 486 1475 descriptionibus
503 1372 742 1472 explicandum.
769 1380 825 1450 39.
840 1371 1012 1444 Platonem
1027 1373 1149 1460 ferunt,
1162 1373 1276 1476 11th.

205 1479 262 1551 tha
286 1506 382 1551 oreos
409 1492 639 1574 cognosceret,
672 1474 706 1545 in
735 1472 862 1546 Italiam
882 1475 1031 1561 venisse,
1066 1491 1098 1548 et
1114 1475 1275 1549 didicisse

203 1507 413 1685 Pyliagorea
438 1577 567 1664 onmia,
591 1576 802 1675 primumque
818 1576 859 1649 de
880 1576 1066 1649 animorum
1084 1577 1275 1651 aeternitate

170 1694 172 1699 ⁴
204 1712 274 1755 non
292 1682 399 1755 solum
419 1680 562 1752 sensisse
584 1678 692 1765 idem,
717 1677 808 1777 quod
829 1678 1072 1782 Pythagoram,
1098 1679 1161 1755 sed
1177 1680 1274 1753 ratio

204 1812 281 1859 nem
308 1783 405 1857 ctiam
426 1780 580 1856 attulisse.
632 1779 785 1876 Quam1,
811 1780 878 1853 nisi
896 1781 978 1880 quid
996 1781 1101 1868 dicis,
1128 1798 1274 1882 praeter-

204 1887 382 1974 mittamus,
409 1901 441 1958 et
454 1885 539 1957 hanc
548 1899 651 1955 totam
666 1911 760 1983 spem
773 1882 1027 1957 immortalitatis
1039 1881 1273 1985 relinquamus

268 2095 287 2149 8
317 2094 358 2140 Or.
376 2108 398 2140 c.
416 2090 447 2139 R.
465 2089 497 2139 D.
515 2105 574 2141 ecre
587 2087 727 2137 hominum.
761 2092 778 2146 9
794 2087 836 2137 Sic
853 2085 919 2137 male
936 2086 1046 2138 correxit
1062 2089 1108 2140 W.
1121 2088 1195 2157 vulg.
1210 2106 1270 2141 aare

203 2161 234 2210 V.
248 2158 314 2208 Adn.
331 2158 359 2207 in
375 2159 406 2207 V.
423 2161 471 2218 25,
486 2161 527 2225 72.
561 2160 577 2215 1
596 2155 675 2206 Codd.
694 2155 752 2223 aliq.
770 2156 935 2206 rationes-
949 2173 1023 2224 quar.

96 2343 105 2363 1
202 2304 232 2343 ut
256 2292 286 2342 id
299 2291 391 2343 litteris
406 2301 487 2341 exstet
502 2291 645 2359 proditum,
663 2290 719 2359 pri-
753 2292 877 2341 Goerenz.
895 2308 921 2357 p.
940 2293 980 2347 18.
998 2290 1199 2357 comparatcat.
1214 2291 1269 2341 mn

202 2377 257 2411 mm
272 2359 318 2409 Ph.
335 2363 360 2410 S.
377 2358 442 2408 dixit
463 2368 511 2409 etc.
545 2359 669 2409 Attendns
686 2359 719 2409 ad
753 2362 799 2420 13,
817 2359 858 2415 45.
877 2364 952 2406 coetu
965 2358 1107 2407 amicorum
1134 2369 1161 2408 et
1174 2374 1271 2410 sermo-

201 2427 269 2479 hunc
285 2427 472 2507 exquisitimem
489 2426 640 2477 subiunctivi
662 2442 719 2476 cum
751 2426 832 2476 nibus.

204 2494 382 2546 coniunctione
398 2495 466 2563 quod
484 2495 624 2546 consociati
638 2498 729 2544 usum'
802 2493 955 2543 maxvn.
968 2491 1270 2562 descriptionibua)for-

202 2563 235 2613 de
251 2564 330 2629 Legg.
347 2565 367 2610 1.
381 2566 407 2624 8,
419 2567 462 2618 25.
480 2562 548 2629 quod
560 2561 720 2629 perspicuum
752 2560 798 2610 mis
833 2559 1001 2626 geometricis.
1052 2560 1094 2610 Sic
1121 2560 1271 2612 describere

202 2631 255 2692 eit,
273 2659 306 2668 -
330 2646 383 2679 esse
399 2628 432 2678 ad
449 2646 520 2678 usum
543 2628 673 2678 hominum
686 2656 718 2666 -
751 2627 853 2696 proprie
861 2626 994 2677 diciturde
1002 2636 1193 2694 geometrarum
1207 2629 1270 2696 figu-

221 2707 349 2747 rocrentns
372 2695 522 2762 (pecudes):
546 2695 572 2744 h.
599 2713 621 2744 e.
640 2696 676 2745 ita
690 2704 719 2745 ut
751 2695 1077 2746 rinvel-delineationibns.
1102 2696 1161 2747 Fin.
1182 2698 1270 2758 V-19,

203 2717 260 2815 loe.
294 2766 326 2816 V.
351 2765 474 2813 Goerenz.
498 2762 531 2811 ad
547 2761 573 2811 h.
589 2762 608 2812 l.
634 2781 661 2830 p.
675 2767 717 2820 36.
751 2769 792 2821 50.
816 2762 1016 2880 gArchimedesp
1039 2762 1099 2813 dum
1122 2763 1151 2813 in
1168 2763 1270 2832 pulvere

202 2833 240 2882 ct.
254 2830 337 2881 Bremi
352 2830 385 2879 ad
399 2831 474 2879 Corn.
490 2829 555 2897 Nep.
565 2831 636 2879 Eum.
647 2831 677 2891 11,
693 2834 717 2887 1.
751 2847 815 2897 quae
834 2848 875 2882 am
908 2830 997 2880 deseri
1013 2832 1035 2880 it
1064 2831 1211 2894 attentius,
1241 2848 1270 2882 ne

201 2909 315 2949 mortuus
345 2908 400 2947 erat
423 2895 611 2965 Hephaestion,
645 2914 719 2964 quem
751 2897 858 2966 patriam
874 2897 975 2965 quidem
993 2908 1095 2965 captam
1111 2915 1170 2948 esse
1186 2898 1269 2950 sensit.

203 2983 281 3014 unum
294 2964 451 3026 Alexander,
468 2964 536 3032 quod
549 2964 623 3014 facile
640 2965 719 3015 intel·
801 2970 842 3024 39.
860 2966 930 3034 quod
937 2966 1029 3031 Pytha
1049 2965 1132 3031 oram)
1141 2965 1205 3016 Scil.
1214 2984 1270 3018 nen-

202 3032 248 3098 ligi
267 3043 373 3100 posset,
398 3031 499 3099 plurimi
516 3032 626 3083 fecerat:
651 3032 677 3082 h.
695 3051 718 3082 e.
751 3033 811 3083 sisso
828 3034 919 3082 ferunt.
932 3034 987 3082 Fiu.
1037 3038 1095 3096 ,20.
1114 3034 1270 3100 Negatl'la—

203 3116 260 3150 eum
274 3099 311 3148 ita
324 3099 425 3166 plurimi
445 3099 555 3161 fecerat,
581 3109 610 3151 nt
631 3099 683 3151 hoc
698 3101 718 3149 f.
751 3111 855 3163 torem,
880 3101 901 3149 si
916 3101 1015 3168 sapiens
1027 3116 1081 3150 non
1100 3100 1154 3163 sit,
1184 3101 1270 3153 eadent

202 3166 220 3216 i.
241 3184 267 3233 p.
301 3165 374 3216 Adde
397 3166 509 3216 Curtium
530 3169 597 3218 VIII.
618 3174 651 3229 2,
676 3172 718 3225 35.
753 3185 807 3217 esse
820 3168 847 3216 in
861 3184 961 3231 caussa,
978 3179 1054 3237 quat
1073 3184 1194 3219 rannum
1205 3171 1270 3220 Dio-

203 3233 347 3285 LsImuchi
363 3242 418 3284 erat
434 3235 525 3295 stater,
542 3245 596 3285 tum
612 3235 720 3303 prImum
752 3252 770 3284 n
790 3235 872 3285 cium:
903 3235 947 3285 ubi
969 3186 1084 3286 ercrffis
1105 3249 1195 3307 negas
1216 3254 1270 3288 eree

202 3300 318 3365 nultus,
336 3312 371 3363 et,
387 3302 456 3371 quod
469 3301 545 3353 facile
568 3302 719 3373 appareret,
751 3254 876 3352 eliciendo
904 3313 963 3353 sunt
995 3303 1073 3352 verba
1109 3321 1172 3355 esee
1198 3305 1269 3356 diat

201 3368 295 3419 indolis
311 3386 390 3420 rarae.
751 3371 826 3420 Tunc.
834 3371 878 3432 tv,
893 3376 936 3428 20.
953 3387 1030 3437 quum
1044 3379 1090 3423 aut
1102 3388 1131 3420 ee
1144 3373 1270 3424 nouiter

751 3437 837 3487 rideat
860 3447 1057 3504 consequutum,
1082 3440 1155 3506 quod
1180 3440 1268 3502 alium

751 3515 796 3554 aut
810 3505 886 3554 alium
899 3505 974 3568 idem,
992 3505 1061 3574 quod
1076 3523 1114 3555 se.
1141 3509 1268 3559 V.Kruo·

750 3590 795 3637 ger
811 3571 1133 3643 Untereuclrnrrg.1'iberd.
1150 3575 1202 3627 lar.
1246 3592 1267 3624 r.

750 3641 792 3689 III.
808 3641 878 3690 llest.
894 3659 921 3718 p.
935 3645 995 3700 286.
1029 3641 1086 3690 Alite
1102 3641 1172 3693 rntIo

750 3716 792 3755 tur
820 3706 847 3771 in
878 3707 1000 3757 eiusmodi
1028 3709 1168 3775 exemplis,
1197 3709 1267 3780 quale

252 3786 306 3823 tum
334 3774 432 3825 lronore
453 3774 629 3842 disciplinae,
664 3785 718 3822 tum
751 3784 791 3823 est
805 3774 837 3824 de
851 3774 930 3824 Amic.
946 3777 973 3837 I,
999 3779 1021 3832 1.
1045 3785 1072 3824 te
1088 3776 1211 3845 suspicor
1225 3778 1267 3828 iis·

202 3842 282 3891 etiam
296 3841 463 3906 auctoritate)
489 3842 628 3892 Observent
650 3840 718 3891 tiro*
751 3841 808 3890 dem
821 3842 912 3904 rebus,
935 3841 1027 3910 quibus
1042 3860 1083 3893 me
1096 3843 1205 3913 speum,
1229 3845 1266 3895 In·

201 3926 245 3959 ncs
268 3909 332 3958 hanc
356 3909 489 3957 verborum
514 3908 715 3971 collocationem,
748 3908 850 3958 terdurn
866 3909 966 3976 gravius
981 3912 1151 3962 commoveri:
1169 3914 1217 3965 ubi
1232 3928 1267 3963 m

201 3994 250 4044 quq
272 3977 370 4025 duobus
389 3975 551 4025 subetnntIvis
571 3975 716 4042 regentibus
748 3977 1072 4045 ipenmobanteoedenste
1080 3995 1134 4057 per
1141 3981 1265 4047 quoddam

200 4055 296 4094 rectum
317 4041 428 4109 potiori,
458 4043 527 4109 qnod
545 4044 650 4110 primam
673 4060 716 4094 se—
749 4061 827 4110 genus
851 4045 1010 4095 attractionis
1030 4055 1145 4113 positum
1168 4058 1265 4118 estpm

200 4112 257 4161 dem
274 4111 366 4170 habet,
392 4109 452 4159 addi
473 4111 548 4162 nolet.
597 4110 715 4161 Academ.
750 4129 799 4192 ego
813 4113 878 4182 ipro.
914 4115 1003 4163 Utrum
1021 4130 1052 4163 ue
1069 4113 1174 4166 diremi
1191 4120 1264 4183 g'enu·

202 4182 220 4228 1.
236 4184 270 4239 3,
287 4182 313 4233 9.
331 4178 483 4244 omninoque
499 4177 585 4228 latinis
598 4188 624 4228 et
642 4164 715 4229 litte-
748 4179 942 4231 diversissimum
949 4197 998 4232 con
1028 4181 1067 4232 dit
1075 4181 1203 4236 Ochsner.
1216 4180 1263 4236 Eut

201 4246 235 4296 ris
249 4244 375 4306 Iuntinir,
392 4255 418 4295 et
433 4245 515 4297 verbis
533 4245 642 4299 attulisti
649 4264 659 4297 z·
671 4246 715 4298 ubi
748 4247 801 4298 Cic.
816 4266 841 4317 p.
853 4251 914 4306 313.

253 3488 308 3520 meo
320 3484 451 3541 regnante
459 3471 566 3541 gentile)
587 3469 647 3520 Scil.
656 3472 718 3520 Ser-

202 3538 243 3589 vio
267 3538 369 3589 Tullio:
394 3557 409 3590 n
432 3556 482 3606 quo
509 3538 596 3588 Cicero
617 3548 719 3604 gentem

200 3606 402 3739 qqngdquequt.
428 3608 466 3656 CI.
482 3604 666 3674 Wyttenbach.
685 3604 718 3655 ad
