2640 4626
378 222 422 249 ·-·
487 216 712 278 bisannas.
1074 209 1160 289 139Ι

59 333 210 434 quidem.
230 333 336 434 prior·
347 333 436 410 emm
451 360 530 436 pars
544 334 705 409 orationis
720 352 796 410 tuae
810 335 970 423 faciebat,
995 352 1031 408 nt
1046 338 1134 410 mori

58 462 234 536 cuperem
258 437 442 538 posterior,
467 454 503 510 nt
518 438 620 512 modo
634 466 704 511 non
719 437 861 527 nollem,
885 438 989 512 modo
1003 467 1072 511 non
1086 438 1135 512 la-

57 539 231 615 borarem:
253 538 350 613 ⁴omni
366 555 475 614 autem
495 540 644 614 oratione
671 540 753 614 illud
769 557 856 615 certe
873 540 1056 642 perfectum
1075 558 1134 630 est,

57 657 96 713 nt
111 657 252 715 mortem
270 670 339 717 non
354 642 508 717 ducerem
526 641 562 715 in
576 642 681 715 malis.

159 747 208 817 M.
225 745 314 817 Num
342 742 445 842 igitur
468 743 566 818 etiam
586 744 757 819 rhetorum
779 743 947 844 epilogum
963 744 1133 819 desidera·
1165 746 1170 754 ’

57 845 158 919 mus?
184 874 226 918 an
247 845 313 919 iam
335 845 454 920 banc⁴
480 863 583 920 artem
604 845 702 946 plane
722 846 964 947 relinquimus?
1013 851 1054 923 A.
1079 850 1133 922 Tu

57 975 137 1020 vero
164 946 261 1022 istam
283 977 326 1022 nc
349 948 540 1049 reliqueris,
566 976 664 1048 quam
687 977 818 1048 semper
841 949 983 1038 ornasti3
1010 966 1042 1022 et
1059 950 1144 1050 qui-·

58 1049 238 1125 dominre:
256 1048 423 1125 'illa'enim
439 1067 490 1138 te,
514 1079 628 1124 remum
644 1050 673 1124 si
691 1050 782 1150 loqui
800 1050 968 1139 volumus,
994 1079 1132 1126 ornave-

57 1168 118 1225 rat.
143 1151 203 1227 sed
237 1151 372 1251 quinam
405 1169 454 1225 est
487 1152 549 1226 iste
584 1152 756 1253 epilogus?
782 1181 861 1226 aveo
896 1153 985 1227 enim
1007 1153 1133 1243 audire,

57 1242 224 1353 quidquid
243 1269 299 1327 est.
351 1262 432 1335 113.
456 1259 505 1327 Μ.
519 1256 667 1328 Deorum
686 1253 921 1328 immortalium
937 1254 1063 1330 iudicia
1077 1284 1132 1329 so·
1238 1308 1250 1334 .

56 1353 127 1428 lent
151 1357 187 1428 in
212 1355 335 1430 scholis
363 1356 513 1457 prolerre
537 1356 579 1430 de
603 1373 726 1444 morte;
750 1385 812 1429 nec
838 1385 915 1430 vero
944 1386 982 1431 ea
1007 1357 1131 1456 fingere

57 1457 144 1556 ipsi,
169 1458 229 1531 sed
244 1457 416 1532 Herodoto
436 1475 589 1547 auctore,
605 1458 753 1558 aliisque
771 1457 932 1558 pluribus.
981 1459 1131 1532 Primum
1150 1520 1153 1525 <

56 1559 181 1656 Argiae
208 1559 408 1649 sacerdotis,
434 1560 568 1634 Cleobis
596 1578 627 1635 et
650 1561 753 1633 Biton
767 1568 807 1648 ⁵,
832 1559 911 1649 filii,
936 1561 1132 1660 praedican-

56 1677 129 1735 tur:
155 1677 232 1734 noto
254 1661 367 1734 fabula
382 1678 439 1735 est.
465 1691 567 1763 quum
585 1663 673 1736 enim
689 1661 779 1736 illam
796 1662 840 1736 ad
854 1662 1001 1737 solemne
1020 1680 1051 1738 et
1065 1680 1131 1737 sta-

54 1779 129 1835 tum
152 1762 350 1837 sacrificium
373 1791 472 1838 curru
494 1764 570 1839 vehi
592 1765 644 1838 ius
670 1781 777 1852 esset,
803 1765 883 1838 satis
898 1763 996 1864 longe
1012 1765 1054 1838 ab
1071 1795 1131 1867 op-

56 1862 140 1965 pido
162 1865 206 1938 ad
226 1865 359 1953 fanum,
384 1883 657 1967 morarenturque
672 1867 836 1943 iumenta:
862 1882 940 1940 tunc
957 1869 1091 1942 iuvenes
1106 1870 1130 1942 ii

55 1994 144 2067 quos
173 1967 276 2041 modo
308 1958 502 2056 nominavi,
517 1984 606 2043 veste
635 1970 763 2070 posita,
789 1996 931 2069 corpora
957 1969 1030 2043 oleo
1055 1998 1132 2070 per·

55 2086 238 2144 unxerunt:
265 2070 308 2143 ad
328 2071 442 2168 iugum
467 2088 682 2145 accesserunt.
708 2073 753 2144 ita
772 2071 928 2144 sacerdos
945 2072 1080 2144 advecta
1094 2073 1131 2146 in

55 2171 190 2260 fanum,
216 2201 318 2272 quum
345 2200 460 2246 currus
485 2189 572 2247 esset
587 2175 705 2247 ductus
722 2202 740 2249 a
760 2172 858 2261 filiis,
883 2189 1016 2274 precata
1033 2203 1052 2247 a
1069 2175 1131 2250 dea
1214 2166 1219 2177 ¹

56 2274 198 2362 dicitnr,
223 2290 259 2347 nt
277 2273 343 2346 illis
361 2275 545 2374 praemium
562 2276 655 2349 daret
672 2303 735 2375 pro
755 2276 893 2375 pietate,
919 2276 1011 2374 quod
1026 2277 1131 2350 maxi-

56 2403 150 2453 mum
168 2375 296 2449 homini
313 2375 385 2449 dari
400 2393 515 2477 posset
529 2406 548 2449 a
562 2378 643 2453 deo:
668 2393 755 2477 post,
775 2376 924 2476 epulatos
939 2406 1014 2450 cum
1027 2395 1131 2453 matre
1217 2430 1221 2435 ·

57 2477 288 2566 adolescentis,
313 2507 431 2552 somno
448 2507 483 2552 se
499 2479 649 2567 dedisse,
673 2507 769 2585 mane
789 2478 938 2552 inventos
955 2506 1027 2552 esse
1042 2509 1132 2553 mor-

56 2596 141 2652 tuos.
195 2586 274 2660 114.
300 2580 409 2653 Simili
431 2582 620 2680 precatione
648 2580 865 2681 Trophonius
890 2596 922 2655 et
942 2581 1130 2679 Agamedes

55 2683 110 2754 usi
136 2680 306 2756 dicuntur:
333 2683 391 2783 qui
415 2711 518 2783 quum
531 2683 681 2785 Apollini
698 2682 839 2783 Delphis
862 2682 1022 2783 templum
1037 2711 1131 2760 exae-

57 2783 297 2872 dificavissent,
322 2802 514 2860 venerantes
538 2787 653 2875 deum,
678 2786 845 2885 petierunt
861 2786 1047 2859 mercedem
1060 2816 1131 2859 non

56 2914 194 2986 parvam
224 2886 359 2986 quidem
389 2888 499 2989 operis
527 2906 559 2962 et
587 2889 712 2962 laboris
728 2888 811 2976 sui,
835 2887 921 2960 nihil
946 2890 1043 2977 certi,
1069 2889 1130 2962 sed
1232 2882 1235 2900 ¹

33 3010 36 3016 ι
126 3039 205 3095 40r.
223 3055 245 3114 o.
262 3039 293 3089 R.
312 3039 391 3090 Codd.
409 3040 572 3101 Bentl.011.
589 3044 621 3092 D.
640 3041 787 3091 boneium.
821 3040 887 3099 5V.
903 3039 969 3090 Adn.

56 3136 202 3204 esserulgo
219 3137 364 3204 opinantur.
397 3142 429 3192 V.
446 3139 578 3193 nonnata
609 3142 647 3192 sio
663 3140 744 3191 edidit
757 3142 828 3192 Bito.
846 3141 946 3191 Graeca
959 3141 1026 3191 enim
1042 3141 1129 3193 nomi.-

56 3206 83 3256 in
99 3223 123 3256 c.
139 3208 190 3267 39,
209 3208 251 3265 94.
610 3228 644 3260 na
657 3207 684 3258 in
700 3225 757 3274 ων,
773 3226 881 3277 quornm
905 3207 1030 3274 genitivus
1046 3209 1088 3259 vel
1101 3208 1129 3260 in

107 3272 168 3322 Gar.
177 3273 286 3325 XLVII.
301 3277 359 3332 113.
385 3275 515 3344 Epilogus,
533 3276 577 3344 qui
611 3292 707 3338 orror,
733 3276 775 3326 vel
804 3277 832 3326 in
857 3280 942 3336 mosoc
970 3276 1127 3338 terminatur,

55 3339 180 3408 sequitur,
198 3341 344 3393 eoconsilio
360 3341 459 3392 videtur
476 3343 577 3395 acice-
611 3343 678 3424 apud
692 3343 784 3395 latinos
810 3343 946 3421 scriptores
967 3343 994 3392 in
1010 3343 1128 3396 nomina·
1195 3403 1202 3412 Ι

55 3425 121 3459 rone
135 3406 187 3458 toti
203 3407 369 3476 disputationi
385 3409 499 3461 adiectus
514 3428 577 3474 ase,
610 3422 664 3462 nvo
679 3409 847 3461 terminantur
863 3425 921 3459 mo.
955 3413 1070 3476 Suproo.
1085 3409 1129 3472 24,

55 3486 86 3526 ut
103 3472 228 3527 audonis
242 3475 352 3526 animum
362 3477 392 3527 in
408 3476 447 3541 iis,
465 3477 578 3545 quoodo
611 3486 653 3538 57.
671 3488 742 3528 recto
756 3477 868 3529 Wolfius
883 3492 939 3526 cum
951 3476 1074 3527 Lambino
1085 3494 1130 3526 re-

55 3543 245 3594 contemncnda
252 3554 333 3595 morte
348 3544 505 3610 dicionem,
513 3562 579 3597 con-
613 3543 698 3604 stituit
712 3547 793 3596 Meno
802 3561 849 3612 pro
857 3545 966 3594 Menon.
986 3543 1027 3593 Sic
1037 3542 1130 3594 dicitur

54 3610 169 3661 firmaret
184 3619 211 3660 et
226 3613 413 3663 corroboraret.
612 3613 708 3675 Plato,
733 3612 808 3674 Solo,
831 3615 1015 3682 Agamemno:
1038 3628 1129 3679 quam-

108 3679 138 3728 in
162 3678 269 3744 scholis)
295 3681 328 3729 H.
349 3697 372 3730 e.
394 3679 579 3747 disputationi·
612 3697 688 3748 qoam
704 3698 780 3748 supra
794 3698 817 3730 c.
834 3683 884 3743 38,
901 3681 943 3737 92.
977 3678 1130 3746 Endymion

53 3747 103 3796 bus
119 3744 312 3814 philosophicis.
346 3748 379 3799 V.
396 3747 529 3800 Adnotatu
551 3747 578 3798 in
611 3748 639 3799 in
656 3746 771 3799 omnibns
781 3747 867 3798 ·Codd.
890 3755 917 3796 et
932 3745 997 3797 Edd.
1012 3746 1128 3799 habetur.

19 3848 22 3853 -
54 3832 77 3864 c.
95 3813 131 3875 4,
149 3814 177 3871 8.
614 3815 710 3867 Contra
735 3814 802 3866 infra
822 3817 923 3877 ΗΟ,
946 3818 989 3872 86.
1014 3814 1130 3866 malcab

108 3881 245 3932 Herodoto
262 3883 378 3949 auctore)
408 3882 466 3946 nib,
484 3884 512 3946 1,
535 3887 577 3942 31.
611 3882 728 3935 Ernestio
750 3884 847 3934 editum
867 3892 907 3933 est
939 3881 1080 4002 Calliplr05
1107 3881 1129 3932 si
1152 3919 1153 3922 ,
1233 3897 1261 3939 η

106 3949 213 4017 Argiae
229 3951 394 4018 sacerdotis)
421 3951 461 4001 oui
485 3968 577 4001 nomen
611 3950 713 4020 quidem
734 3968 826 4018 graece
848 3949 943 4000 dicitur
965 3951 1011 4002 Ka
1028 3951 1130 4018 lepris,

54 4026 112 4067 crat
130 4016 252 4133 Cydippe.
270 4044 303 4057 -
328 4020 367 4069 De
383 4018 510 4069 adiectivo
526 4021 577 4068 Ar·
598 4019 822 4089 rotlandum.
845 4018 878 4070 V.
893 4017 1046 4069 Grotetend.
1068 4019 1130 4068 Lat.

53 4083 112 4150 gius
131 4101 179 4150 pro
215 4083 299 4149 rgirus
314 4103 339 4134 r.
356 4085 440 4136 Daris.
456 4085 490 4137 ad
502 4084 577 4136 NJ).
611 4089 659 4138 Gr.
679 4089 701 4156 §.
724 4091 766 4146 28.
789 4094 815 4146 5.
842 4104 869 4156 p.
890 4089 932 4144 36.
977 4083 1129 4135 Ramshorn.

17 4183 20 4189 ·
53 4155 83 4223 l,
101 4155 144 4209 29·
161 4169 189 4219 p·
211 4155 268 4208 131.
285 4152 325 4204 Cr.
612 4157 636 4224 ᾗ.
656 4160 699 4213 28.
721 4173 757 4224 p..
772 4153 816 4214 41.
851 4153 974 4206 Oohsner.
997 4150 1052 4217 nel.
1076 4149 1130 4201 (lio

58 4230 62 4237 '
109 4219 203 4285 Biton)
222 4219 302 4270 Recte
317 4219 425 4271 Orellins
433 4237 489 4271 curn
497 4219 578 4271 Davi·
613 4239 639 4290 p.
656 4225 707 4285 45.
