2640 4626
529 200 789 252 rnocnconenn
1177 192 1195 260 7

120 332 249 400 quarto,
274 333 303 380 et
325 321 445 400 quidem
472 323 509 380 de
533 323 720 400 aegritudine
739 324 900 401 separatim
917 322 1102 403 disputavit,
1125 327 1219 412 quia,

117 427 151 483 in
168 446 201 484 ea
219 432 265 483 est
278 423 464 482 miseriarum
481 424 548 482 lons
564 434 594 484 et
609 435 710 503 caput.
954 499 957 505 ἱ

204 525 270 585 Tali
286 526 374 603 modo
392 525 514 585 remotis
533 528 682 601 omnibus,
705 548 780 605 quae
799 528 925 586 turbent
941 527 1033 586 animi
1050 539 1194 587 constan-

119 629 192 685 tiam
212 637 242 686 ct
257 627 526 705 tranquillitatem,
548 628 580 686 in
599 650 657 706 qua
675 630 739 688 vita
756 630 840 687 beata
855 629 953 707 posita
969 639 1031 706 ost,
1053 631 1112 690 toti
1129 631 1194 690 dis-

118 730 271 807 putationi
285 739 430 806 tanquam
447 730 586 789 cumulus
596 731 720 791 accedit
736 731 815 790 libor
834 731 974 808 quintus,
997 733 1050 809 qui
1067 742 1111 791 est
1127 755 1193 792 om-

119 831 205 889 nium
220 830 443 910 pulcherrimus
459 840 489 891 et
502 834 719 892 sententiarum
737 834 873 892 ubertate
892 833 1103 911 gravissimus,
1133 856 1193 912 quo

119 932 298 1008 ostenditur,
320 933 465 991 virtutem
479 955 510 992 se
525 934 590 1012 ipsa
606 944 777 994 contentam
793 957 855 994 esse
869 936 908 995 ad
922 937 1018 997 vitam
1027 937 1143 996 beatam
1154 934 1191 1018 ⁶).

189 1139 225 1195 V.
250 1136 464 1212 Defontibus,
487 1138 598 1216 quibos
616 1139 721 1196 Cicero
735 1161 810 1197 usna
824 1154 869 1197 est
883 1144 915 1198 in
935 1142 1126 1198 Tusculanis.

204 1271 309 1329 Cicero
325 1270 550 1349 philosophiam
567 1292 652 1329 suam
668 1271 759 1330 duxit
771 1293 787 1331 e
799 1275 983 1332 Graecorum
997 1275 1141 1350 lontibus,
1163 1285 1193 1333 ct

118 1372 241 1449 quidem
265 1374 300 1430 in
325 1371 507 1448 moralibus,
537 1370 685 1451 utsupra
714 1374 1003 1450 demonstravimus,
1031 1376 1192 1435 maximam

120 1485 237 1553 partem
257 1473 427 1532 Stoicorum
443 1475 577 1551 vestigiis
596 1475 746 1552 ingressus
764 1486 817 1535 est.
861 1477 911 1536 Sic
918 1477 1104 1536 Tusculanae
1121 1477 1191 1534 Dis-

117 1577 291 1654 putationes
306 1585 385 1635 totae
398 1578 459 1635 fere
471 1586 673 1635 manaverunt
684 1578 879 1637 eStoicorum
894 1580 1037 1648 fontibus.
1059 1577 1097 1636 ln
1110 1578 1191 1636 libro

118 1678 217 1756 primo
234 1686 342 1752 autem,
363 1678 416 1756 qui
434 1687 479 1736 est
493 1678 530 1736 dc
549 1679 767 1738 contemnenda
787 1691 892 1755 morte,
913 1682 978 1739 fuse
995 1680 1084 1738 etiam
1102 1688 1192 1756 atquc

118 1780 239 1857 copiose
262 1781 460 1858 pertractavit
478 1780 580 1839 locum
598 1781 635 1839 de
658 1783 827 1840 animorum
841 1782 1080 1841 immortalitate:
1103 1800 1192 1863 quem

117 1901 213 1960 paene
229 1890 325 1939 totum
342 1903 379 1940 ex
394 1881 518 1941 Platone
539 1883 684 1941 desmnsit
693 1928 701 1957 ,
725 1885 776 1961 qui
793 1883 917 1944 eandem
934 1883 1103 1942 doctrinam
1117 1882 1191 1961 pln-

117 1983 204 2040 ribus
229 1983 365 2062 scriptis,
387 1985 485 2042 veluti
501 1983 646 2059 Phaedro,
669 1986 806 2061 Menona,
828 1987 958 2060 Timaeo,
981 1984 1096 2044 decimo
1110 1984 1191 2042 libro
1288 2020 1290 2024 >

118 2085 157 2142 de
176 2084 352 2163 Republica,
371 2096 570 2164 persequutus
586 2096 641 2161 est,
662 2087 790 2147 maxime
808 2108 881 2146 vero
899 2089 932 2145 in
947 2085 1112 2144 Phaedone.
1155 2085 1192 2142 ln

118 2187 199 2244 libro
224 2186 373 2262 secundo,
396 2188 448 2264 qni
463 2187 524 2263 agit
547 2187 584 2244 de
605 2188 765 2246 tolerando
785 2189 906 2263 dolore,
928 2187 1035 2246 multis
1053 2164 1191 2266 partibus

80 2308 87 2317 ·
118 2289 251 2362 Stoicos,
272 2289 382 2347 tacitus
408 2298 524 2363 tamen,
548 2299 692 2366 sequutus
710 2290 841 2348 videtur.
885 2292 921 2348 ln
946 2291 1034 2371 libro,
1050 2289 1140 2347 tertio
1162 2296 1192 2345 et

120 2400 230 2466 quarto
247 2399 365 2470 pontum
372 2389 548 2448 uon'omnia
565 2410 580 2448 e
595 2390 765 2449 Stoicorum
775 2392 908 2449 lontibus
918 2378 1034 2448 hausit:
1057 2390 1191 2467 apprime

119 2501 244 2549 auctore
265 2511 337 2550 usus
363 2501 409 2550 est
428 2491 609 2570 Chrysippo.
662 2493 698 2550 ln
723 2493 803 2551 libro
821 2492 928 2569 quinto
947 2490 1048 2549 hausit
1067 2510 1104 2548 ex
1115 2490 1191 2575 ¹Pla-

118 2604 201 2667 tone,
222 2593 391 2669 Aristotele,
414 2592 632 2672 Theophrasto,
654 2576 839 2669 Xenocrate,
854 2593 1031 2673 Speusippo,
1053 2592 1191 2650 Polemo-

119 2717 158 2753 ne
166 2730 174 2770 ,
198 2704 227 2754 et
243 2716 316 2753 vero
330 2695 449 2753 etiame
466 2696 636 2754 Stoicorum
652 2696 740 2755 libris
752 2693 789 2776 ⁶).

205 2798 242 2855 In
261 2810 392 2877 quatuor
407 2778 522 2877 prima
546 2798 785 2857 ruscnanarum
800 2796 903 2870 libris,
925 2803 961 2852 ut
980 2795 1013 2852 in
1031 2795 1097 2852 ur.
1118 2792 1191 2872 pu-

120 2897 287 2977 losophicis
308 2898 445 2978 scriptis,
467 2897 546 2956 hanc
562 2899 598 2981 ,in
617 2898 795 2958 adhibendis
811 2896 924 2975 graecis
937 2893 1128 2976 philosophis
1142 2914 1202 2957 aar

121 3009 235 3078 quutus
258 2999 380 3058 videtur
400 2998 563 3076 rationem,
592 3010 629 3059 ut
645 3021 742 3058 unum
765 2999 955 3079 potissimum
979 3018 1068 3075 quem
1085 3015 1191 3073 seque-

119 3112 206 3160 retur
230 3111 396 3176 auctorem,
419 3101 642 3180 Chrysippum,
671 3103 710 3160 ob
739 3101 842 3160 oculos
861 3099 990 3161 haberet
1013 3108 1042 3158 et
1060 3098 1098 3156 ad
1124 3117 1192 3157 eum

122 3224 211 3262 suum
225 3203 366 3262 imitandi
380 3202 514 3266 studium
535 3213 736 3282 componeret,
758 3223 815 3261 nec
828 3213 928 3261 tamen
948 3222 1017 3260 eum
1033 3198 1192 3259 converte-

120 3315 184 3380 ret,
213 3305 265 3363 sed
287 3325 326 3363 ex
351 3304 414 3364 eius
438 3305 593 3363 sententiis
616 3314 705 3384 atque
732 3304 859 3363 decretis
887 3311 1007 3361 tantum
1037 3301 1192 3373 delibaret,

121 3416 271 3486 quantum
287 3406 326 3464 ad
342 3426 410 3464 rem
434 3427 469 3465 ac
485 3407 646 3465 consilium
669 3427 758 3466 suum
774 3406 904 3464 maxime
916 3405 1013 3462 lacere
1029 3402 1192 3460 videretur.

119 3511 227 3587 Neque
242 3517 366 3584 ceteros,
388 3508 444 3585 qui
455 3508 535 3568 idem
552 3517 759 3585 argumentum
775 3511 1047 3586 pertractaverunt,
1068 3521 1193 3580 prorsus

121 3610 273 3688 neglexit3
295 3609 347 3669 sed
364 3630 442 3687 quas
460 3610 494 3667 iu
514 3609 640 3687 singulis
655 3610 747 3668 rebus
766 3608 803 3666 ab
825 3609 863 3666 iis
877 3604 1093 3684 elegantissime
1107 3611 1194 3663 eraut

123 3713 335 3791 aptissimeque
363 3711 517 3790 disputata
536 3712 644 3790 elegit,
676 3720 874 3791 quae'autem
896 3709 997 3766 minus
1015 3715 1096 3766 recte
1112 3704 1194 3763 dicta

123 3823 220 3889 erant,
242 3811 370 3888 notavit,
392 3822 431 3888 et,
453 3813 510 3871 ubi.
522 3812 574 3870 ille
591 3833 679 3890 quem
694 3811 831 3890 sequitur
845 3820 951 3870 auctor
966 3830 1029 3867 rem
1044 3827 1108 3866 non
1123 3804 1194 3864 satis

123 3910 265 3975 accurate
285 3901 446 3974 videbatur
464 3923 554 3990 atque
571 3915 690 3993 copiose
708 3934 875 3993 exponere,
898 3913 971 3970 alios
987 3910 1020 3968 in
1035 3907 1195 3968 consilium
1302 3988 1303 3993 ἵ

192 4085 218 4148 5)
244 4081 282 4131 Cf.
298 4079 423 4131 Rernium
446 4081 465 4131 l.
483 4081 508 4130 d.
534 4100 559 4148 p.
577 4085 618 4138 33.
637 4097 691 4148 sqq.
719 4039 888 4146 '6)¹Uberins
906 4043 1019 4128 bunede
1035 4073 1196 4150 Tusculana-

123 4168 181 4201 rum
207 4148 319 4199 fontibus
347 4149 432 4199 locum
448 4148 665 4217 ‘pertractavimus
688 4147 715 4198 in
733 4149 751 4198 l.
775 4146 801 4197 d.
824 4146 858 4196 de
880 4145 960 4196 Cicer.
979 4142 1006 4193 in
1027 4142 1090 4209 phil.
1114 4146 1195 4188 ment.

124 4238 152 4286 p·
171 4221 218 4276 111
229 4219 327 4276 -11o
