2640 4626
127 161 191 230 396
405 169 516 221 ruuux
532 170 653 221 rurum
670 170 712 220 rc
729 169 904 221 uouruuu.

160 289 204 340 m'e
233 304 282 357 pro
309 288 354 339 vie
384 287 486 338 cerurci
503 285 640 358 fulminis.
710 288 754 350 ui,
781 297 824 337 ut:
849 287 958 350 vellem,
975 287 1130 347 voluissem
1148 305 1200 340 ve-

159 376 186 426 p.
208 362 265 415 158.
285 373 308 406 a.
710 354 767 416 lim,
786 355 915 405 voluerim.
939 374 964 423 p.
982 359 1023 413 99.
1046 356 1072 406 b.
1090 361 1150 416 100.
1173 376 1196 407 a.

125 424 321 494 Hypotlreticae
329 424 525 475 enunciatioues.
536 424 567 475 V.
578 442 597 474 s.
615 440 640 474 v.
675 421 860 540 Imperfectum
890 434 951 489 post
971 441 1102 493 praesens
1128 425 1214 494 quod„

158 492 365 543 cmdr'tionales.
730 490 804 540 ‘crtur
822 491 984 541 historicum.
1008 511 1034 560 p.
1053 497 1114 550 360.
1135 510 1160 542 a.

676 559 807 636 Imperia,
825 558 965 608 honoribus
981 559 1119 626 opposita,
1137 569 1199 609 eunt

372 663 395 711 1·
673 627 1199 759 1.¹'¹i{'.⁶r'ii.⁷'.¹¹i.².⁶ss''5.}i'2332}fi...

123 762 215 811 Iacere
239 761 358 810 derebus
376 759 514 811 contemtis
531 776 641 827 ecueg-
707 762 812 811 cestrie.
831 762 862 813 V.
882 778 902 810 s.
922 778 947 810 v.
967 773 1044 811 totus.

158 827 231 878 lectis
248 827 351 878 dictum.
372 848 397 895 p.
416 831 457 886 (19.
477 828 503 878 b.
674 829 707 877 In
723 831 793 879 diem
808 831 905 878 vivere.
925 847 950 895 p.
969 833 1028 886 326.
1049 845 1073 878 a.

123 897 216 945 Iacere
233 895 265 944 de
280 895 326 956 iit,
345 896 386 962 qui
402 912 531 958 mucrore,
549 894 643 963 deepe-
674 897 709 945 In
725 898 783 947 vito
798 895 927 946 homiuum
943 895 1040 956 ulierre,
1057 894 1199 947 immittere

157 963 255 1013 retioue
304 963 379 1012 fructi
428 972 500 1025 eunt,
536 962 639 1014 dictum.
710 980 771 1031 pro:
789 964 819 1012 in
832 966 922 1013 uitam.
941 982 967 1031 p.
986 968 1045 1019 213.
1066 963 1092 1012 b.

157 1049 181 1098 p.
204 1034 259 1088 167.
280 1048 302 1079 a.
675 1031 802 1081 Imlieare
852 1040 879 1080 et
917 1030 1039 1080 iudicare
1079 1030 1195 1081 confore.

122 1097 231 1147 Iactare
254 1115 283 1147 te
300 1114 360 1164 prae
376 1096 473 1147 dolore.
492 1116 519 1164 p.
542 1101 597 1156 179.
618 1115 641 1147 u.
710 1117 735 1165 p.
755 1101 815 1156 340.
835 1098 859 1147 b.

121 1165 233 1214 Iombici
254 1166 403 1214 tetrametri
423 1166 566 1215 acatalecti
578 1165 642 1216 male
674 1167 842 1216 Indicotitut
853 1165 879 1214 iu
894 1163 1006 1232 pluribus
1021 1163 1125 1214 dicendi
1140 1166 1196 1215 Ior-

156 1251 171 1281 a
184 1232 299 1282 Bentleio
318 1231 342 1281 iu
355 1232 499 1283 trochaicus
517 1243 641 1282 tetreme-
708 1233 796 1292 mulie.
816 1231 843 1283 iu
869 1232 958 1299 quibus
978 1250 1009 1282 ex
1024 1242 1129 1282 nostrae
1144 1232 1197 1281 lin-

156 1310 211 1349 tror
229 1299 392 1349 catalecticos
411 1299 513 1350 mutati.
535 1319 560 1367 p.
582 1305 638 1357 172.
707 1318 772 1366 guae
792 1299 892 1350 ratiouc
910 1298 1084 1350 coniunctivae
1101 1317 1195 1367 exspe-

159 1384 180 1415 e.
202 1367 226 1416 b.
708 1379 805 1429 cretur,
825 1385 840 1416 a
861 1366 947 1416 latinis
963 1366 1131 1433 scriptoribus
1146 1384 1196 1433 po-

122 1433 157 1483 ld
171 1435 329 1485 abundanter
343 1434 471 1503 positum,
491 1450 639 1501 praegresso
707 1434 784 1500 nitur,
802 1444 839 1483 ut:
855 1435 977 1504 longum,
995 1433 1130 1501 difficile,
1149 1451 1195 1483 ta-

155 1502 233 1551 illud.
253 1503 284 1551 V.
305 1520 325 1551 e.
346 1519 369 1551 v,
389 1505 559 1552 Pronomino.
707 1504 759 1563 tie,
780 1519 846 1572 par,
864 1516 977 1563 rectum,
995 1519 1122 1571 aequum,
1140 1519 1194 1550 me-

121 1568 156 1618 Id
175 1582 216 1618 est
232 1586 294 1636 pro:
314 1568 375 1619 nihil
398 1568 468 1619 eliud
483 1579 536 1631 eet,
555 1586 637 1636 quam.
707 1570 768 1632 lius,
786 1570 895 1638 aequius
912 1579 962 1620 etc.
980 1581 1027 1631 eet,
1043 1582 1118 1632 erat,
1133 1568 1194 1634 fuit,

174 1641 257 1693 .215.
278 1637 301 1685 b.
701 1635 811 1707 fuerat,
839 1652 918 1706 porro
946 1636 973 1686 iu
998 1636 1081 1686 verbis
1107 1653 1194 1705 poete,

121 1704 139 1754 1
175 1705 294 1771 quidem,
313 1714 355 1754 ut:
375 1702 518 1754 absurdum
531 1703 562 1753 id
579 1703 641 1773 qui·
708 1705 819 1765 debere,
846 1716 981 1773 oportere,
999 1721 1107 1753 nece-tte
1129 1722 1193 1764 esee,

156 1771 222 1819 dem
243 1790 268 1838 p.
288 1775 329 1828 95.
351 1788 373 1821 a.
708 1773 814 1834 decere,
832 1772 940 1839 denique
953 1771 979 1821 iu
993 1770 1133 1839 participio
1152 1773 1193 1821 fu·

120 1840 210 1909 Igitur
231 1837 257 1888 in
278 1837 462 1888 enunciatiouie
477 1837 552 1889 initio
567 1838 640 1908 poti·-
707 1839 758 1888 tun'
773 1838 874 1908 paesivi.
894 1857 920 1908 p.
943 1841 1000 1896 142.
1020 1855 1044 1889 u.
1065 1839 1090 1888 b.

154 1915 216 1954 tum.
235 1925 260 1973 p.
282 1910 322 1964 56.
343 1924 365 1954 a.
385 1907 409 1955 b.
673 1908 841 1957 Indicutivue
868 1905 896 1956 iu
927 1905 1045 1957 oratioue
1078 1906 1190 1974 oblique.

119 1974 218 2043 Igitur,
232 1973 308 2024 tertia
316 1973 375 2022 rede
384 1972 502 2041 positum.
514 1993 539 2041 p.
550 1975 591 2032 64.
609 1975 634 2025 b.
706 1993 732 2041 p.
754 1976 796 2032 46.
814 1974 839 2023 b.

120 2041 218 2111 Igitur,
229 2039 511 2108 quartaeedepoeitum.
521 2059 546 2108 p.
557 2048 599 2100 72.
609 2042 634 2092 b.
670 2043 840 2093 Indicotivut
875 2040 943 2109 apud
979 2040 1111 2090 Romanor
1144 2057 1190 2108 pro

155 2112 211 2165 113.
233 2125 255 2156 a.
276 2112 335 2166 152·
356 2107 380 2157 b·
705 2108 868 2160 coniunctivo
882 2108 985 2176 ponitur
1002 2107 1043 2156 iu:
1063 2109 1191 2176 quicquit,

120 2176 203 2246 Ignes
224 2175 351 2224 adhibere
389 2191 433 2224 ro:
452 2175 521 2226 facee
545 2176 638 2226 admo·
705 2178 908 2247 qualiscunque,
926 2188 1055 2243 utcunque
1078 2187 1120 2225 eet
1143 2185 1191 2225 etc.

153 2259 220 2291 vere.
240 2260 265 2309 p.
285 2247 344 2300 221.
366 2194 389 2292 b,
704 2264 730 2312 p.
749 2250 807 2302 277.
828 2243 852 2292 b.

120 2311 139 2359 Ι
174 2310 253 2371 iculi,
278 2320 320 2359 ut:
338 2309 466 2360 virtutum.
486 2328 512 2378 p.
533 2314 590 2369 196.
609 2311 635 2361 b.
670 2313 814 2380 Indignus,
822 2327 874 2360 uon
882 2309 993 2371 meritus,
1009 2320 1046 2359 ut.
1057 2327 1082 2376 p.
1096 2315 1155 2368 282.
1167 2310 1190 2360 b.

136 2378 172 2428 tle
183 2395 239 2427 cum
253 2377 358 2445 quidem
372 2376 483 2427 iunctum
491 2389 504 2439 ‚⁸
515 2389 638 2445 sequente
705 2385 765 2437 233.
787 2397 809 2428 a.

154 2445 218 2504 ted,
236 2445 277 2494 vel
295 2445 343 2494 ted
359 2457 463 2506 tamen,
482 2455 525 2495 ut:
544 2444 637 2513 optimi
673 2448 804 2497 Inducere
817 2445 941 2495 animum.
960 2464 986 2512 p.
1005 2448 1066 2501 325.
1087 2460 1111 2494 e.

153 2512 258 2581 quidem
278 2513 335 2576 illi,
361 2513 409 2562 ted
429 2523 478 2563 etc.
505 2531 531 2582 p.
550 2518 592 2570 51.
612 2513 637 2564 b.
672 2515 796 2564 Inductio
815 2514 905 2564 uniutt'.
923 2531 949 2581 p.
970 2515 1027 2569 166.
1048 2530 1070 2560 u.

86 2611 89 2616 ,
152 2586 194 2637 52.
215 2597 238 2629 a.
606 2579 613 2599 ⁴
672 2584 723 2631 Ino
739 2610 771 2620 -
790 2582 905 2631 Matuta.
925 2600 950 2647 p.
970 2584 1011 2635 66.
1031 2579 1056 2628 b.

119 2646 193 2697 Illud
217 2664 272 2697 cum
294 2646 319 2696 vi
334 2647 441 2714 quadarn
457 2646 636 2716 praemittitur.
672 2651 812 2719 Inquirere
826 2647 926 2715 gravius
944 2663 991 2714 pro
1009 2663 1139 2714 quaerere
1152 2647 1193 2697 di-

155 2733 181 2783 p.
204 2719 259 2771 113.
280 2732 302 2764 e.
323 2715 347 2764 b.
706 2728 783 2767 ctum.
802 2735 828 2784 p.
848 2718 903 2773 198.
925 2733 947 2764 e.

120 2783 230 2851 Imago,
248 2782 317 2831 vocis
330 2781 422 2847 imago.
443 2802 468 2851 p.
489 2786 545 2840 198.
565 2782 590 2832 b.
672 2786 770 2853 Inquit.
790 2785 820 2834 V.
841 2803 861 2832 e.
880 2800 904 2832 v.
924 2784 979 2832 Ait.

120 2849 307 2918 Imperfectum
317 2851 478 2900 coniunctr'vi
492 2866 638 2917 praegresso
671 2853 762 2920 Inquit
788 2850 886 2900 scilicet
908 2849 1083 2913 adversarius,
1102 2869 1122 2900 e.
1145 2849 1195 2901 ali-

149 2914 410 2990 pluequomperfecto
436 2918 596 2968 coniunctivi
613 2916 639 2967 iu
708 2919 770 2987 quie,
787 2917 904 2977 formula,
920 2934 995 2983 quum
1005 2916 1066 2985 quid
1081 2918 1130 2967 eibi
1145 2936 1194 2986 op-

155 2984 332 3035 enuuciatioue
342 2985 516 3035 conditionali.
529 2987 560 3036 V.
574 3003 594 3034 r.
612 3002 636 3035 v.
706 2986 768 3054 poni
778 2986 875 3051 fingunt
884 2987 1029 3052 scriptores.
1048 3003 1074 3052 p.
1094 2991 1153 3043 123
1169 3005 1191 3036 a.

154 3053 351 3103 Coutlitiouolie
367 3054 525 3102 enunciatio.
672 3055 829 3105 Inetitr'onee
843 3054 1009 3120 planetarum.
1030 3069 1054 3118 p.
1076 3057 1118 3111 96.
1139 3070 1163 3103 a.

120 3119 307 3190 Imperfectum
347 3119 472 3187 excipitur
532 3118 638 3189 erfecto,
672 3123 800 3173 Instituta
830 3131 857 3170 et
888 3132 978 3176 artem·
1009 3121 1138 3171 instituta
1170 3131 1194 3172 et

155 3198 200 3237 eut
233 3187 364 3237 contrario
395 3187 480 3237 modo.
506 3138 537 3240 V.
566 3207 585 3237 r.
613 3206 636 3237 v.
704 3200 854 3258 praecepto.
874 3207 899 3256 p.
918 3193 976 3245 313.
997 3206 1020 3236 a.

157 3257 217 3305 Tem
238 3272 276 3303 ut·
672 3260 846 3308 Intervenire.
866 3274 891 3322 p.
911 3261 971 3314 323.
991 3256 1017 3305 b.
1086 3253 1089 3262 '

120 3272 305 3394 Imperfictum
318 3332 345 3371 et
357 3321 639 3439 plusquamperpeetum
670 3325 834 3376 Invidentia.
855 3343 879 3391 p.
900 3329 959 3380 210.
979 3324 1004 3371 b.

154 3390 317 3441 coniunctiut'
337 3389 363 3439 iu
380 3389 503 3440 orationis
521 3408 536 3440 o
555 3390 638 3457 iiquae
670 3391 810 3454 luridae,
829 3408 885 3440 cum
908 3389 1053 3440 accusativo
1069 3391 1191 3442 iunctum.

154 3456 545 3518 enunciatiouibussecundariis,
562 3475 639 3524 prue-
705 3477 730 3527 p.
750 3465 807 3516 211.
829 3476 851 3507 u.

154 3543 240 3593 gresso
263 3535 378 3592 tempore
398 3525 552 3591 praeterito,
578 3523 639 3574 licet
670 3531 740 3598 Ipue.
760 3531 863 3604 Semper
885 3524 1020 3574 dicendum
1040 3534 1081 3575 est
1103 3538 1195 3576 memet

155 3593 281 3643 sententia
330 3592 468 3642 commuuio
508 3593 635 3642 ess'erator.
705 3597 792 3663 ipsum
806 3602 938 3660 vrtupero,
957 3609 1008 3642 nou
1025 3597 1193 3663 memetipse

53 3682 55 3689 ⁴
153 3678 179 3727 p.
199 3662 241 3717 46.
262 3678 285 3708 u.
306 3659 343 3709 Cf.
362 3679 388 3728 p.
408 3666 448 3717 53.
470 3678 492 3710 a.
511 3661 536 3710 b.
705 3662 830 3730 vitupero.
848 3678 873 3726 p.
892 3664 948 3718 180.
966 3677 989 3710 u.
1006 3659 1032 3710 b.
1053 3668 1112 3718 105.
1130 3680 1153 3711 u.
1170 3664 1193 3712 b.

120 3725 305 3797 Imperfectum
329 3729 490 3777 coniunctivt‘
515 3739 542 3777 et
561 3726 639 3796 plut·
673 3732 734 3800 Ipte
747 3729 815 3787 eibi,
835 3729 893 3796 ipse
908 3745 936 3776 te
952 3737 1001 3778 etc.
1021 3739 1050 3779 et
1064 3728 1195 3798 sibiipsi,

155 3793 376 3865 quomperfeetum
396 3797 557 3845 coniunctim
580 3795 640 3863 quid
706 3815 735 3847 ee
765 3799 853 3866 iprum
885 3805 934 3845 etc.
969 3794 1030 3862 quid
1065 3796 1192 3848 differant.

156 3862 283 3912 differant.
304 3883 330 3930 p.
350 3870 391 3920 50.
411 3865 442 3914 V.
462 3865 492 3913 L.
543 3893 545 3896 ⁴
705 3883 731 3933 p.
752 3869 810 3922 105.
831 3880 853 3911 a.
873 3864 898 3912 b.

28 3950 31 3956 ¹
122 3929 306 4007 Imperfectum
330 3931 491 3980 coniunctivi
514 3940 544 4009 et¹
560 3930 638 3999 plue·
671 3934 720 3982 Ira
751 3941 778 3981 et
809 3931 952 3980 iracundia
977 3929 1038 3998 quid
1064 3930 1192 3983 differaub

155 3996 552 4068 quumperfectumconiunctivr,
571 3995 638 4049 ὑπο·
704 4018 729 4067 p.
750 4003 807 4057 261.
829 4016 852 4048 a.
871 3999 909 4048 b.

157 4067 277 4125 θετικῶς
303 4064 395 4133 posita,
430 4064 474 4115 uid
489 4064 637 4116 differente
671 4069 701 4117 1³
731 4078 758 4118 et
783 4067 826 4116 hic
852 4065 914 4133 quid
940 4066 1068 4119 different.
1097 4085 1124 4136 p.
1153 4072 1194 4127 51.

155 4144 296 4202 praesente
317 4142 342 4182 et
360 4082 638 4202 perfectocouiuncti-
705 4151 727 4184 a.
746 4136 772 4184 b.
