<?xml version="1.0" encoding="UTF-8"?>
<!DOCTYPE html PUBLIC "-//W3C//DTD XHTML 1.0 Transitional//EN"
    "http://www.w3.org/TR/xhtml1/DTD/xhtml1-transitional.dtd">
<html xmlns="http://www.w3.org/1999/xhtml" xml:lang="en" lang="en">
 <head>
  <title>
</title>
<meta http-equiv="Content-Type" content="text/html;charset=utf-8" />
  <meta name='ocr-system' content='tesseract 3.04.00' />
  <meta name='ocr-capabilities' content='ocr_page ocr_carea ocr_par ocr_line ocrx_word'/>
</head>
<body>
  <div class='ocr_page' id='page_1' title='image "./mtulliiciceroni18cicegoog_0069.png"; bbox 0 0 2640 4626; ppageno 0'>
   <div class='ocr_carea' id='block_1_1' title="bbox 100 2136 283 2176">
    <p class='ocr_par' dir='ltr' id='par_1_1' title="bbox 100 2136 283 2176">
     <span class='ocr_line' id='line_1_1' title="bbox 100 2136 283 2176; baseline -0.016 1"><span class='ocrx_word' id='word_1_1' title='bbox 100 2136 103 2143; x_wconf 96' lang='grc'><strong>’</strong></span> <span class='ocrx_word' id='word_1_2' title='bbox 198 2137 283 2176; x_wconf 67' lang='lat' dir='ltr'>lueet</span> 
     </span>
    </p>
   </div>
   <div class='ocr_carea' id='block_1_2' title="bbox 191 183 1016 283">
    <p class='ocr_par' dir='ltr' id='par_1_2' title="bbox 191 183 1016 283">
     <span class='ocr_line' id='line_1_2' title="bbox 191 183 1016 283; baseline -0.004 -37"><span class='ocrx_word' id='word_1_3' title='bbox 191 183 235 253; x_wconf 79' lang='grc'>48</span> <span class='ocrx_word' id='word_1_4' title='bbox 440 189 1016 283; x_wconf 77' lang='lat' dir='ltr'>rusumnnnnunprseurerronun</span> 
     </span>
    </p>
   </div>
   <div class='ocr_carea' id='block_1_3' title="bbox 171 307 1268 1131">
    <p class='ocr_par' dir='ltr' id='par_1_3' title="bbox 192 307 1266 520">
     <span class='ocr_line' id='line_1_3' title="bbox 192 307 1266 401; baseline -0.005 -13"><span class='ocrx_word' id='word_1_5' title='bbox 192 315 239 389; x_wconf 85' lang='lat' dir='ltr'>M.</span> <span class='ocrx_word' id='word_1_6' title='bbox 264 312 450 401; x_wconf 79' lang='lat' dir='ltr'><strong>Tuditano,</strong></span> <span class='ocrx_word' id='word_1_7' title='bbox 486 307 706 395; x_wconf 74' lang='lat' dir='ltr'>Consulibus3</span> <span class='ocrx_word' id='word_1_8' title='bbox 744 336 831 381; x_wconf 89' lang='lat' dir='ltr'>anuo</span> <span class='ocrx_word' id='word_1_9' title='bbox 866 326 940 383; x_wconf 88' lang='lat' dir='ltr'>antc</span> <span class='ocrx_word' id='word_1_10' title='bbox 972 325 1087 385; x_wconf 89' lang='lat' dir='ltr'>natum</span> <span class='ocrx_word' id='word_1_11' title='bbox 1111 309 1266 385; x_wconf 85' lang='lat' dir='ltr'>Ennium.</span> 
     </span>
     <span class='ocr_line' id='line_1_4' title="bbox 195 409 968 520; baseline -0.01 -29"><span class='ocrx_word' id='word_1_12' title='bbox 195 416 273 520; x_wconf 89' lang='lat' dir='ltr'>[qni</span> <span class='ocrx_word' id='word_1_13' title='bbox 297 416 362 488; x_wconf 86' lang='lat' dir='ltr'>soit</span> <span class='ocrx_word' id='word_1_14' title='bbox 386 412 494 488; x_wconf 89' lang='lat' dir='ltr'>maior</span> <span class='ocrx_word' id='word_1_15' title='bbox 517 428 616 499; x_wconf 83' lang='lat' dir='ltr'>natu,</span> <span class='ocrx_word' id='word_1_16' title='bbox 641 438 739 510; x_wconf 88' lang='lat' dir='ltr'>quam</span> <span class='ocrx_word' id='word_1_17' title='bbox 766 409 968 513; x_wconf 77' lang='lat' dir='ltr'>Plautus.]²</span> 
     </span>
    </p>

    <p class='ocr_par' dir='ltr' id='par_1_4' title="bbox 171 513 1268 1131">
     <span class='ocr_line' id='line_1_5' title="bbox 267 513 1266 615; baseline -0.005 -24"><span class='ocrx_word' id='word_1_18' title='bbox 267 519 309 591; x_wconf 91' lang='grc' dir='ltr'><strong>ΙΙ.</strong></span> <span class='ocrx_word' id='word_1_19' title='bbox 334 518 418 591; x_wconf 90' lang='lat' dir='ltr'>Sero</span> <span class='ocrx_word' id='word_1_20' title='bbox 435 515 538 613; x_wconf 85' lang='lat' dir='ltr'>igitur</span> <span class='ocrx_word' id='word_1_21' title='bbox 551 513 702 586; x_wconf 85' lang='lat' dir='ltr'>anostris</span> <span class='ocrx_word' id='word_1_22' title='bbox 717 529 835 613; x_wconf 88' lang='lat' dir='ltr'>poetae</span> <span class='ocrx_word' id='word_1_23' title='bbox 850 513 901 587; x_wconf 88' lang='lat' dir='ltr'>vel</span> <span class='ocrx_word' id='word_1_24' title='bbox 916 514 1052 612; x_wconf 83' lang='lat' dir='ltr'>cogniti,</span> <span class='ocrx_word' id='word_1_25' title='bbox 1067 513 1118 589; x_wconf 83' lang='lat' dir='ltr'>rel</span> <span class='ocrx_word' id='word_1_26' title='bbox 1131 516 1266 615; x_wconf 78' lang='lat' dir='ltr'>recepti.</span> 
     </span>
     <span class='ocr_line' id='line_1_6' title="bbox 193 614 1266 721; baseline -0.004 -27"><span class='ocrx_word' id='word_1_27' title='bbox 193 648 393 721; x_wconf 86' lang='lat' dir='ltr'>quamquam</span> <span class='ocrx_word' id='word_1_28' title='bbox 409 636 458 693; x_wconf 87' lang='lat' dir='ltr'>ast</span> <span class='ocrx_word' id='word_1_29' title='bbox 473 617 508 689; x_wconf 90' lang='lat' dir='ltr'>in</span> <span class='ocrx_word' id='word_1_30' title='bbox 517 616 728 713; x_wconf 72' lang='lat' dir='ltr'>Originibus,</span> <span class='ocrx_word' id='word_1_31' title='bbox 753 614 870 687; x_wconf 86' lang='lat' dir='ltr'>solitos</span> <span class='ocrx_word' id='word_1_32' title='bbox 886 644 957 689; x_wconf 84' lang='lat' dir='ltr'>csso</span> <span class='ocrx_word' id='word_1_33' title='bbox 973 617 1009 689; x_wconf 89' lang='lat' dir='ltr'>in</span> <span class='ocrx_word' id='word_1_34' title='bbox 1026 616 1133 717; x_wconf 88' lang='lat' dir='ltr'>epulis</span> <span class='ocrx_word' id='word_1_35' title='bbox 1149 645 1266 691; x_wconf 90' lang='lat' dir='ltr'>canere</span> 
     </span>
     <span class='ocr_line' id='line_1_7' title="bbox 194 700 1266 796; baseline -0.002 -1"><span class='ocrx_word' id='word_1_36' title='bbox 194 723 347 796; x_wconf 86' lang='lat' dir='ltr'>convivas</span> <span class='ocrx_word' id='word_1_37' title='bbox 367 721 410 794; x_wconf 91' lang='lat' dir='ltr'>ad</span> <span class='ocrx_word' id='word_1_38' title='bbox 429 720 600 792; x_wconf 78' lang='lat' dir='ltr'>tibicinem</span> <span class='ocrx_word' id='word_1_39' title='bbox 621 719 663 791; x_wconf 87' lang='lat' dir='ltr'>dc</span> <span class='ocrx_word' id='word_1_40' title='bbox 685 700 850 791; x_wconf 90' lang='lat' dir='ltr'>clarorum</span> <span class='ocrx_word' id='word_1_41' title='bbox 874 718 1046 791; x_wconf 86' lang='lat' dir='ltr'>hominnm</span> <span class='ocrx_word' id='word_1_42' title='bbox 1071 719 1266 793; x_wconf 88' lang='lat' dir='ltr'>virtutibus:</span> 
     </span>
     <span class='ocr_line' id='line_1_8' title="bbox 194 819 1266 917; baseline -0.004 -18"><span class='ocrx_word' id='word_1_43' title='bbox 194 824 355 899; x_wconf 84' lang='lat' dir='ltr'>honorem</span> <span class='ocrx_word' id='word_1_44' title='bbox 378 841 489 896; x_wconf 87' lang='lat' dir='ltr'>tamen</span> <span class='ocrx_word' id='word_1_45' title='bbox 509 820 588 894; x_wconf 87' lang='lat' dir='ltr'>buic</span> <span class='ocrx_word' id='word_1_46' title='bbox 614 820 728 917; x_wconf 82' lang='lat' dir='ltr'>generi</span> <span class='ocrx_word' id='word_1_47' title='bbox 753 848 822 892; x_wconf 90' lang='lat' dir='ltr'>non</span> <span class='ocrx_word' id='word_1_48' title='bbox 844 819 964 909; x_wconf 82' lang='lat' dir='ltr'>fuisse,</span> <span class='ocrx_word' id='word_1_49' title='bbox 990 821 1135 895; x_wconf 81' lang='lat' dir='ltr'>declarat</span> <span class='ocrx_word' id='word_1_50' title='bbox 1158 822 1266 895; x_wconf 88' lang='lat' dir='ltr'>oratio</span> 
     </span>
     <span class='ocr_line' id='line_1_9' title="bbox 171 920 1266 1025; baseline -0.004 -24"><span class='ocrx_word' id='word_1_51' title='bbox 171 962 180 967; x_wconf 95' lang='lat'>·</span> <span class='ocrx_word' id='word_1_52' title='bbox 195 928 342 1014; x_wconf 82' lang='lat' dir='ltr'>Catonis,</span> <span class='ocrx_word' id='word_1_53' title='bbox 368 926 404 997; x_wconf 91' lang='lat' dir='ltr'>in</span> <span class='ocrx_word' id='word_1_54' title='bbox 422 950 487 1025; x_wconf 89' lang='lat' dir='ltr'>qua</span> <span class='ocrx_word' id='word_1_55' title='bbox 502 922 655 996; x_wconf 75' lang='lat' dir='ltr'>obiecit3</span> <span class='ocrx_word' id='word_1_56' title='bbox 675 938 714 994; x_wconf 90' lang='lat' dir='ltr'>ut</span> <span class='ocrx_word' id='word_1_57' title='bbox 728 920 890 1021; x_wconf 86' lang='lat' dir='ltr'>probrum</span> <span class='ocrx_word' id='word_1_58' title='bbox 907 924 953 997; x_wconf 84' lang='lat' dir='ltr'>M.</span> <span class='ocrx_word' id='word_1_59' title='bbox 971 923 1150 1013; x_wconf 79' lang='lat' dir='ltr'>Nobiliori,</span> <span class='ocrx_word' id='word_1_60' title='bbox 1176 926 1266 1023; x_wconf 92' lang='lat' dir='ltr'>quod</span> 
     </span>
     <span class='ocr_line' id='line_1_10' title="bbox 194 1024 1268 1131; baseline -0.005 -28"><span class='ocrx_word' id='word_1_61' title='bbox 194 1030 224 1103; x_wconf 88' lang='lat' dir='ltr'>is</span> <span class='ocrx_word' id='word_1_62' title='bbox 248 1029 282 1103; x_wconf 92' lang='lat' dir='ltr'>iu</span> <span class='ocrx_word' id='word_1_63' title='bbox 305 1027 512 1131; x_wconf 89' lang='lat' dir='ltr'>provinciam</span> <span class='ocrx_word' id='word_1_64' title='bbox 531 1041 647 1126; x_wconf 88' lang='lat' dir='ltr'>poetas</span> <span class='ocrx_word' id='word_1_65' title='bbox 668 1024 824 1099; x_wconf 83' lang='lat' dir='ltr'>duxisset.</span> <span class='ocrx_word' id='word_1_66' title='bbox 860 1025 998 1099; x_wconf 86' lang='lat' dir='ltr'>duxerat</span> <span class='ocrx_word' id='word_1_67' title='bbox 1015 1043 1122 1101; x_wconf 89' lang='lat' dir='ltr'>autem</span> <span class='ocrx_word' id='word_1_68' title='bbox 1142 1026 1268 1104; x_wconf 88' lang='lat' dir='ltr'>Consul</span> 
     </span>
    </p>
   </div>
   <div class='ocr_carea' id='block_1_4' title="bbox 260 1244 1130 1314">
    <p class='ocr_par' dir='ltr' id='par_1_5' title="bbox 260 1244 1130 1314">
     <span class='ocr_line' id='line_1_11' title="bbox 260 1244 1130 1314; baseline -0.007 -11"><span class='ocrx_word' id='word_1_69' title='bbox 260 1252 325 1309; x_wconf 69' lang='grc' dir='ltr'><strong>Π.</strong></span> <span class='ocrx_word' id='word_1_70' title='bbox 344 1248 409 1299; x_wconf 78' lang='grc' dir='ltr'><strong>Δάη.</strong></span> <span class='ocrx_word' id='word_1_71' title='bbox 444 1247 560 1307; x_wconf 83' lang='lat' dir='ltr'>3Bentl.</span> <span class='ocrx_word' id='word_1_72' title='bbox 579 1246 646 1298; x_wconf 85' lang='lat' dir='ltr'>coni.</span> <span class='ocrx_word' id='word_1_73' title='bbox 666 1244 770 1308; x_wconf 79' lang='lat' dir='ltr'>obiicit,</span> <span class='ocrx_word' id='word_1_74' title='bbox 788 1245 848 1298; x_wconf 85' lang='lat' dir='ltr'>satia</span> <span class='ocrx_word' id='word_1_75' title='bbox 863 1246 1039 1314; x_wconf 77' lang='lat' dir='ltr'>probabiliter.</span> <span class='ocrx_word' id='word_1_76' title='bbox 1126 1265 1130 1272; x_wconf 94' lang='lat'>·</span> 
     </span>
    </p>
   </div>
   <div class='ocr_carea' id='block_1_5' title="bbox 189 1379 1270 4281">
    <p class='ocr_par' dir='ltr' id='par_1_6' title="bbox 189 1379 1270 4281">
     <span class='ocr_line' id='line_1_12' title="bbox 194 1379 1266 1450; baseline -0.002 -16"><span class='ocrx_word' id='word_1_77' title='bbox 194 1380 450 1450; x_wconf 86' lang='lat' dir='ltr'>dooeretEuripides.</span> <span class='ocrx_word' id='word_1_78' title='bbox 481 1382 516 1432; x_wconf 81' lang='lat' dir='ltr'>V.</span> <span class='ocrx_word' id='word_1_79' title='bbox 532 1381 631 1431; x_wconf 77' lang='lat' dir='ltr'>Ernesti</span> <span class='ocrx_word' id='word_1_80' title='bbox 644 1381 712 1432; x_wconf 78' lang='lat' dir='ltr'>Clau.</span> <span class='ocrx_word' id='word_1_81' title='bbox 747 1380 908 1447; x_wconf 84' lang='lat' dir='ltr'>languidum,</span> <span class='ocrx_word' id='word_1_82' title='bbox 926 1381 976 1430; x_wconf 89' lang='lat' dir='ltr'>hoe</span> <span class='ocrx_word' id='word_1_83' title='bbox 994 1379 1115 1431; x_wconf 83' lang='lat' dir='ltr'>videlicet</span> <span class='ocrx_word' id='word_1_84' title='bbox 1130 1382 1209 1445; x_wconf 87' lang='lat' dir='ltr'>loco,</span> <span class='ocrx_word' id='word_1_85' title='bbox 1226 1383 1266 1432; x_wconf 89' lang='lat' dir='ltr'>ubi</span> 
     </span>
     <span class='ocr_line' id='line_1_13' title="bbox 195 1449 1266 1517; baseline -0.001 -16"><span class='ocrx_word' id='word_1_86' title='bbox 195 1451 247 1501; x_wconf 87' lang='lat' dir='ltr'>Cio.</span> <span class='ocrx_word' id='word_1_87' title='bbox 269 1469 289 1501; x_wconf 87' lang='lat' dir='ltr'>s.</span> <span class='ocrx_word' id='word_1_88' title='bbox 313 1467 336 1501; x_wconf 90' lang='lat' dir='ltr'>v.</span> <span class='ocrx_word' id='word_1_89' title='bbox 355 1451 448 1499; x_wconf 89' lang='lat' dir='ltr'>docere</span> <span class='ocrx_word' id='word_1_90' title='bbox 474 1459 501 1499; x_wconf 90' lang='lat' dir='ltr'>et</span> <span class='ocrx_word' id='word_1_91' title='bbox 517 1449 657 1515; x_wconf 74' lang='lat' dir='ltr'>boettigeri</span> <span class='ocrx_word' id='word_1_92' title='bbox 682 1449 714 1499; x_wconf 91' lang='lat' dir='ltr'>de</span> <span class='ocrx_word' id='word_1_93' title='bbox 747 1466 800 1499; x_wconf 91' lang='lat' dir='ltr'>non</span> <span class='ocrx_word' id='word_1_94' title='bbox 813 1449 845 1499; x_wconf 93' lang='lat' dir='ltr'>de</span> <span class='ocrx_word' id='word_1_95' title='bbox 858 1459 1000 1516; x_wconf 88' lang='lat' dir='ltr'>temporum</span> <span class='ocrx_word' id='word_1_96' title='bbox 1012 1449 1113 1499; x_wconf 87' lang='lat' dir='ltr'>ratione</span> <span class='ocrx_word' id='word_1_97' title='bbox 1129 1451 1266 1517; x_wconf 88' lang='lat' dir='ltr'>quaeritur,</span> 
     </span>
     <span class='ocr_line' id='line_1_14' title="bbox 195 1516 1265 1585; baseline -0.001 -16"><span class='ocrx_word' id='word_1_98' title='bbox 195 1518 245 1570; x_wconf 86' lang='lat' dir='ltr'>hoc</span> <span class='ocrx_word' id='word_1_99' title='bbox 260 1527 407 1584; x_wconf 82' lang='lat' dir='ltr'>argumento</span> <span class='ocrx_word' id='word_1_100' title='bbox 421 1516 573 1585; x_wconf 89' lang='lat' dir='ltr'>peculiarem</span> <span class='ocrx_word' id='word_1_101' title='bbox 585 1516 713 1566; x_wconf 86' lang='lat' dir='ltr'>libellum:</span> <span class='ocrx_word' id='word_1_102' title='bbox 747 1517 791 1565; x_wconf 76' lang='lat' dir='ltr'>scd</span> <span class='ocrx_word' id='word_1_103' title='bbox 815 1516 898 1567; x_wconf 89' lang='lat' dir='ltr'>obiter</span> <span class='ocrx_word' id='word_1_104' title='bbox 910 1526 1010 1566; x_wconf 88' lang='lat' dir='ltr'>tuntum</span> <span class='ocrx_word' id='word_1_105' title='bbox 1025 1516 1090 1566; x_wconf 87' lang='lat' dir='ltr'>Livii</span> <span class='ocrx_word' id='word_1_106' title='bbox 1106 1527 1176 1567; x_wconf 85' lang='lat' dir='ltr'>aetna</span> <span class='ocrx_word' id='word_1_107' title='bbox 1193 1535 1265 1568; x_wconf 89' lang='lat' dir='ltr'>corn-</span> 
     </span>
     <span class='ocr_line' id='line_1_15' title="bbox 197 1582 1265 1653; baseline 0.001 -18"><span class='ocrx_word' id='word_1_108' title='bbox 197 1585 265 1647; x_wconf 83' lang='lat' dir='ltr'>Quid</span> <span class='ocrx_word' id='word_1_109' title='bbox 289 1585 322 1634; x_wconf 80' lang='lat' dir='ltr'>ait</span> <span class='ocrx_word' id='word_1_110' title='bbox 347 1585 440 1634; x_wconf 84' lang='lat' dir='ltr'>docere</span> <span class='ocrx_word' id='word_1_111' title='bbox 449 1582 584 1653; x_wconf 83' lang='lat' dir='ltr'>fabulam.</span> <span class='ocrx_word' id='word_1_112' title='bbox 628 1584 666 1633; x_wconf 80' lang='lat' dir='ltr'>uf.</span> <span class='ocrx_word' id='word_1_113' title='bbox 682 1587 713 1633; x_wconf 78' lang='lat' dir='ltr'>A.</span> <span class='ocrx_word' id='word_1_114' title='bbox 747 1583 918 1633; x_wconf 80' lang='lat' dir='ltr'>memoratur?</span> <span class='ocrx_word' id='word_1_115' title='bbox 952 1584 1106 1649; x_wconf 73' lang='lat' dir='ltr'>nongenta</span> <span class='ocrx_word' id='word_1_116' title='bbox 1124 1602 1164 1635; x_wconf 89' lang='lat' dir='ltr'>res</span> <span class='ocrx_word' id='word_1_117' title='bbox 1187 1585 1265 1635; x_wconf 81' lang='lat' dir='ltr'>estin</span> 
     </span>
     <span class='ocr_line' id='line_1_16' title="bbox 196 1650 1266 1718; baseline -0.002 -14"><span class='ocrx_word' id='word_1_118' title='bbox 196 1655 242 1704; x_wconf 87' lang='lat' dir='ltr'>W.</span> <span class='ocrx_word' id='word_1_119' title='bbox 259 1653 376 1718; x_wconf 82' lang='lat' dir='ltr'>Sablcgel</span> <span class='ocrx_word' id='word_1_120' title='bbox 401 1652 554 1717; x_wconf 82' lang='lat' dir='ltr'>dramaturg.</span> <span class='ocrx_word' id='word_1_121' title='bbox 572 1651 714 1701; x_wconf 86' lang='lat' dir='ltr'>Vorlcaun-</span> <span class='ocrx_word' id='word_1_122' title='bbox 746 1653 825 1704; x_wconf 82' lang='lat' dir='ltr'>Bruto</span> <span class='ocrx_word' id='word_1_123' title='bbox 843 1651 861 1701; x_wconf 92' lang='lat' dir='ltr'>l.</span> <span class='ocrx_word' id='word_1_124' title='bbox 877 1651 912 1711; x_wconf 69' lang='lat' dir='ltr'>d„</span> <span class='ocrx_word' id='word_1_125' title='bbox 930 1650 972 1700; x_wconf 89' lang='lat' dir='ltr'>ubi</span> <span class='ocrx_word' id='word_1_126' title='bbox 987 1651 1018 1700; x_wconf 91' lang='lat' dir='ltr'>de</span> <span class='ocrx_word' id='word_1_127' title='bbox 1034 1651 1159 1702; x_wconf 85' lang='lat' dir='ltr'>industrio</span> <span class='ocrx_word' id='word_1_128' title='bbox 1176 1662 1205 1702; x_wconf 92' lang='lat' dir='ltr'>et</span> <span class='ocrx_word' id='word_1_129' title='bbox 1219 1653 1266 1702; x_wconf 85' lang='lat' dir='ltr'>de-</span> 
     </span>
     <span class='ocr_line' id='line_1_17' title="bbox 195 1717 1267 1787; baseline 0.002 -18"><span class='ocrx_word' id='word_1_130' title='bbox 195 1738 247 1787; x_wconf 80' lang='lat' dir='ltr'>gen</span> <span class='ocrx_word' id='word_1_131' title='bbox 260 1720 291 1769; x_wconf 91' lang='lat' dir='ltr'>T.</span> <span class='ocrx_word' id='word_1_132' title='bbox 306 1722 325 1770; x_wconf 88' lang='lat'>1.</span> <span class='ocrx_word' id='word_1_133' title='bbox 343 1739 368 1787; x_wconf 90' lang='lat' dir='ltr'>p.</span> <span class='ocrx_word' id='word_1_134' title='bbox 386 1723 426 1777; x_wconf 85' lang='lat'>96.</span> <span class='ocrx_word' id='word_1_135' title='bbox 461 1721 511 1769; x_wconf 87' lang='lat' dir='ltr'>Pro</span> <span class='ocrx_word' id='word_1_136' title='bbox 529 1720 624 1769; x_wconf 84' lang='lat' dir='ltr'>docere</span> <span class='ocrx_word' id='word_1_137' title='bbox 626 1717 714 1787; x_wconf 80' lang='lat' dir='ltr'>j&#39;abu-</span> <span class='ocrx_word' id='word_1_138' title='bbox 747 1717 802 1769; x_wconf 88' lang='lat' dir='ltr'>dita</span> <span class='ocrx_word' id='word_1_139' title='bbox 818 1735 896 1785; x_wconf 91' lang='lat' dir='ltr'>opera</span> <span class='ocrx_word' id='word_1_140' title='bbox 914 1717 941 1767; x_wconf 92' lang='lat' dir='ltr'>in</span> <span class='ocrx_word' id='word_1_141' title='bbox 952 1717 1019 1767; x_wconf 87' lang='lat' dir='ltr'>Livii</span> <span class='ocrx_word' id='word_1_142' title='bbox 1033 1729 1144 1771; x_wconf 88' lang='lat' dir='ltr'>aetatem</span> <span class='ocrx_word' id='word_1_143' title='bbox 1158 1719 1267 1787; x_wconf 88' lang='lat' dir='ltr'>inquiri·</span> 
     </span>
     <span class='ocr_line' id='line_1_18' title="bbox 196 1785 1266 1855; baseline -0.001 -17"><span class='ocrx_word' id='word_1_144' title='bbox 196 1788 251 1839; x_wconf 85' lang='lat' dir='ltr'>Iam</span> <span class='ocrx_word' id='word_1_145' title='bbox 262 1786 474 1855; x_wconf 82' lang='lat' dir='ltr'>paesimlcgitur‚</span> <span class='ocrx_word' id='word_1_146' title='bbox 496 1795 525 1835; x_wconf 92' lang='lat' dir='ltr'>ut</span> <span class='ocrx_word' id='word_1_147' title='bbox 546 1785 572 1835; x_wconf 91' lang='lat' dir='ltr'>h.</span> <span class='ocrx_word' id='word_1_148' title='bbox 595 1785 622 1847; x_wconf 88' lang='lat' dir='ltr'>l.,</span> <span class='ocrx_word' id='word_1_149' title='bbox 648 1786 714 1835; x_wconf 85' lang='lat' dir='ltr'>dare</span> <span class='ocrx_word' id='word_1_150' title='bbox 746 1795 796 1835; x_wconf 83' lang='lat' dir='ltr'>tur.</span> <span class='ocrx_word' id='word_1_151' title='bbox 832 1786 894 1847; x_wconf 79' lang='lat' dir='ltr'>Quis</span> <span class='ocrx_word' id='word_1_152' title='bbox 910 1801 988 1852; x_wconf 89' lang='lat' dir='ltr'>porro</span> <span class='ocrx_word' id='word_1_153' title='bbox 1007 1785 1154 1836; x_wconf 88' lang='lat' dir='ltr'>Ciceronem</span> <span class='ocrx_word' id='word_1_154' title='bbox 1164 1786 1204 1837; x_wconf 92' lang='lat' dir='ltr'>ita</span> <span class='ocrx_word' id='word_1_155' title='bbox 1212 1797 1266 1837; x_wconf 87' lang='lat' dir='ltr'>atu·</span> 
     </span>
     <span class='ocr_line' id='line_1_19' title="bbox 189 1853 1268 1925; baseline 0 -20"><span class='ocrx_word' id='word_1_156' title='bbox 189 1855 323 1925; x_wconf 78' lang='lat' dir='ltr'>jobulam.</span> <span class='ocrx_word' id='word_1_157' title='bbox 366 1855 460 1903; x_wconf 81' lang='lat' dir='ltr'>Contra</span> <span class='ocrx_word' id='word_1_158' title='bbox 481 1863 580 1903; x_wconf 86' lang='lat' dir='ltr'>actores</span> <span class='ocrx_word' id='word_1_159' title='bbox 596 1854 714 1903; x_wconf 86' lang='lat' dir='ltr'>dicuntur</span> <span class='ocrx_word' id='word_1_160' title='bbox 748 1854 844 1903; x_wconf 88' lang='lat' dir='ltr'>diosum</span> <span class='ocrx_word' id='word_1_161' title='bbox 859 1853 1268 1920; x_wconf 85' lang='lat' dir='ltr'>fuisaeputetostentandaedoo-</span> 
     </span>
     <span class='ocr_line' id='line_1_20' title="bbox 196 1919 1268 1989; baseline -0.003 -16"><span class='ocrx_word' id='word_1_162' title='bbox 196 1923 300 1973; x_wconf 82' lang='lat' dir='ltr'>discere</span> <span class='ocrx_word' id='word_1_163' title='bbox 308 1919 441 1989; x_wconf 85' lang='lat' dir='ltr'>fabulam.</span> <span class='ocrx_word' id='word_1_164' title='bbox 466 1920 712 1988; x_wconf 78' lang='lat' dir='ltr'>V.Terent.&#39;Hecyr.</span> <span class='ocrx_word' id='word_1_165' title='bbox 746 1921 844 1981; x_wconf 84' lang='lat' dir='ltr'>trinae,</span> <span class='ocrx_word' id='word_1_166' title='bbox 862 1931 906 1980; x_wconf 88' lang='lat' dir='ltr'>ut,</span> <span class='ocrx_word' id='word_1_167' title='bbox 924 1930 1058 1987; x_wconf 82' lang='lat' dir='ltr'>postquam</span> <span class='ocrx_word' id='word_1_168' title='bbox 1074 1921 1193 1972; x_wconf 89' lang='lat' dir='ltr'>remiam</span> <span class='ocrx_word' id='word_1_169' title='bbox 1210 1921 1268 1973; x_wconf 85' lang='lat' dir='ltr'>abbi</span> 
     </span>
     <span class='ocr_line' id='line_1_21' title="bbox 196 1987 1267 2059; baseline -0.002 -19"><span class='ocrx_word' id='word_1_170' title='bbox 196 1991 262 2059; x_wconf 90' lang='lat' dir='ltr'>prol.</span> <span class='ocrx_word' id='word_1_171' title='bbox 277 1992 326 2048; x_wconf 73' lang='lat'>48:</span> <span class='ocrx_word' id='word_1_172' title='bbox 345 1988 388 2038; x_wconf 90' lang='lat' dir='ltr'>nbi</span> <span class='ocrx_word' id='word_1_173' title='bbox 404 1988 462 2037; x_wconf 90' lang='lat' dir='ltr'>vide</span> <span class='ocrx_word' id='word_1_174' title='bbox 476 1990 561 2056; x_wconf 86' lang='lat' dir='ltr'>lntpp.</span> <span class='ocrx_word' id='word_1_175' title='bbox 747 1989 823 2038; x_wconf 87' lang='lat' dir='ltr'>docte</span> <span class='ocrx_word' id='word_1_176' title='bbox 845 1987 1037 2054; x_wconf 84' lang='lat' dir='ltr'>expromsisset‚</span> <span class='ocrx_word' id='word_1_177' title='bbox 1064 1989 1170 2039; x_wconf 85' lang='lat' dir='ltr'>eandem</span> <span class='ocrx_word' id='word_1_178' title='bbox 1197 1989 1267 2058; x_wconf 77' lang='lat' dir='ltr'>quasi</span> 
     </span>
     <span class='ocr_line' id='line_1_22' title="bbox 247 2054 1268 2174; baseline 0.002 -68"><span class='ocrx_word' id='word_1_179' title='bbox 247 2054 539 2174; x_wconf 40' lang='lat' dir='ltr'>[qnikuitncoiornatm</span> <span class='ocrx_word' id='word_1_180' title='bbox 549 2055 713 2124; x_wconf 82' lang='lat' dir='ltr'>quamPlau-</span> <span class='ocrx_word' id='word_1_181' title='bbox 746 2066 873 2106; x_wconf 88' lang='lat' dir='ltr'>recoctam</span> <span class='ocrx_word' id='word_1_182' title='bbox 885 2055 976 2104; x_wconf 88' lang='lat' dir='ltr'>iterum</span> <span class='ocrx_word' id='word_1_183' title='bbox 991 2065 1017 2105; x_wconf 88' lang='lat' dir='ltr'>ct</span> <span class='ocrx_word' id='word_1_184' title='bbox 1032 2056 1134 2122; x_wconf 89' lang='lat' dir='ltr'>quidem</span> <span class='ocrx_word' id='word_1_185' title='bbox 1147 2056 1210 2108; x_wconf 88' lang='lat' dir='ltr'>loco</span> <span class='ocrx_word' id='word_1_186' title='bbox 1226 2057 1268 2107; x_wconf 90' lang='lat' dir='ltr'>in-</span> 
     </span>
     <span class='ocr_line' id='line_1_23' title="bbox 331 2121 1268 2191; baseline 0.001 -18"><span class='ocrx_word' id='word_1_187' title='bbox 331 2124 445 2189; x_wconf 77' lang='lat' dir='ltr'>oeviu.r])</span> <span class='ocrx_word' id='word_1_188' title='bbox 464 2123 575 2173; x_wconf 84' lang='lat' dir='ltr'>Wolfius</span> <span class='ocrx_word' id='word_1_189' title='bbox 595 2140 671 2172; x_wconf 84' lang='lat' dir='ltr'>voces</span> <span class='ocrx_word' id='word_1_190' title='bbox 687 2136 713 2173; x_wconf 74' lang='lat' dir='ltr'>et</span> <span class='ocrx_word' id='word_1_191' title='bbox 747 2133 807 2191; x_wconf 86' lang='lat' dir='ltr'>epto</span> <span class='ocrx_word' id='word_1_192' title='bbox 821 2121 959 2172; x_wconf 85' lang='lat' dir='ltr'>lectoribus</span> <span class='ocrx_word' id='word_1_193' title='bbox 974 2140 1119 2191; x_wconf 77' lang='lat' dir='ltr'>proponere</span> <span class='ocrx_word' id='word_1_194' title='bbox 1134 2123 1268 2176; x_wconf 83' lang='lat' dir='ltr'>voluerit?</span> 
     </span>
     <span class='ocr_line' id='line_1_24' title="bbox 196 2189 1269 2257; baseline -0.001 -13"><span class='ocrx_word' id='word_1_195' title='bbox 196 2192 317 2245; x_wconf 79' lang='lat' dir='ltr'>Naevius</span> <span class='ocrx_word' id='word_1_196' title='bbox 348 2191 375 2240; x_wconf 92' lang='lat' dir='ltr'>in</span> <span class='ocrx_word' id='word_1_197' title='bbox 407 2190 487 2240; x_wconf 87' lang='lat' dir='ltr'>Codd.</span> <span class='ocrx_word' id='word_1_198' title='bbox 516 2190 575 2257; x_wconf 85' lang='lat' dir='ltr'>aliq.</span> <span class='ocrx_word' id='word_1_199' title='bbox 601 2190 713 2252; x_wconf 82' lang='lat' dir='ltr'>omissas,</span> <span class='ocrx_word' id='word_1_200' title='bbox 746 2193 784 2240; x_wconf 84' lang='lat' dir='ltr'>Ita</span> <span class='ocrx_word' id='word_1_201' title='bbox 803 2208 834 2239; x_wconf 87' lang='lat' dir='ltr'>ue</span> <span class='ocrx_word' id='word_1_202' title='bbox 858 2189 973 2257; x_wconf 85' lang='lat' dir='ltr'>equidem</span> <span class='ocrx_word' id='word_1_203' title='bbox 995 2208 1047 2240; x_wconf 91' lang='lat' dir='ltr'>non</span> <span class='ocrx_word' id='word_1_204' title='bbox 1076 2191 1183 2254; x_wconf 90' lang='lat' dir='ltr'>dubito,</span> <span class='ocrx_word' id='word_1_205' title='bbox 1229 2191 1269 2243; x_wconf 86' lang='lat' dir='ltr'>uin</span> 
     </span>
     <span class='ocr_line' id='line_1_25' title="bbox 196 2208 1268 2328; baseline -0.001 -19"><span class='ocrx_word' id='word_1_206' title='bbox 196 2259 275 2328; x_wconf 87' lang='lat' dir='ltr'>plane</span> <span class='ocrx_word' id='word_1_207' title='bbox 288 2257 396 2319; x_wconf 89' lang='lat' dir='ltr'>delevit,</span> <span class='ocrx_word' id='word_1_208' title='bbox 414 2258 510 2325; x_wconf 91' lang='lat' dir='ltr'>reliqua</span> <span class='ocrx_word' id='word_1_209' title='bbox 525 2259 602 2308; x_wconf 86' lang='lat' dir='ltr'>verba</span> <span class='ocrx_word' id='word_1_210' title='bbox 617 2258 648 2307; x_wconf 91' lang='lat' dir='ltr'>de</span> <span class='ocrx_word' id='word_1_211' title='bbox 663 2261 712 2308; x_wconf 88' lang='lat' dir='ltr'>Er·</span> <span class='ocrx_word' id='word_1_212' title='bbox 747 2208 837 2307; x_wconf 77' lang='lat' dir='ltr'>verba:</span> <span class='ocrx_word' id='word_1_213' title='bbox 853 2258 1165 2326; x_wconf 79' lang='lat' dir='ltr'>qni-Naevius‚primum</span> <span class='ocrx_word' id='word_1_214' title='bbox 1174 2278 1190 2309; x_wconf 89' lang='lat' dir='ltr'>a</span> <span class='ocrx_word' id='word_1_215' title='bbox 1197 2210 1268 2326; x_wconf 79' lang='lat' dir='ltr'>glos-</span> 
     </span>
     <span class='ocr_line' id='line_1_26' title="bbox 196 2324 1269 2391; baseline 0 -14"><span class='ocrx_word' id='word_1_216' title='bbox 196 2325 273 2377; x_wconf 83' lang='lat' dir='ltr'>nestii</span> <span class='ocrx_word' id='word_1_217' title='bbox 308 2325 434 2375; x_wconf 85' lang='lat' dir='ltr'>sententia</span> <span class='ocrx_word' id='word_1_218' title='bbox 463 2325 562 2375; x_wconf 87' lang='lat' dir='ltr'>uncinis</span> <span class='ocrx_word' id='word_1_219' title='bbox 594 2325 712 2383; x_wconf 79' lang='lat' dir='ltr'>inclusit3</span> <span class='ocrx_word' id='word_1_220' title='bbox 746 2334 846 2387; x_wconf 86' lang='lat' dir='ltr'>satore,</span> <span class='ocrx_word' id='word_1_221' title='bbox 865 2324 908 2391; x_wconf 89' lang='lat' dir='ltr'>qui</span> <span class='ocrx_word' id='word_1_222' title='bbox 925 2324 977 2374; x_wconf 90' lang='lat' dir='ltr'>loci</span> <span class='ocrx_word' id='word_1_223' title='bbox 995 2325 1057 2374; x_wconf 88' lang='lat' dir='ltr'>dicti</span> <span class='ocrx_word' id='word_1_224' title='bbox 1075 2326 1103 2375; x_wconf 92' lang='lat' dir='ltr'>in</span> <span class='ocrx_word' id='word_1_225' title='bbox 1117 2328 1200 2377; x_wconf 82' lang='lat' dir='ltr'>Bruto</span> <span class='ocrx_word' id='word_1_226' title='bbox 1215 2344 1269 2377; x_wconf 84' lang='lat' dir='ltr'>rne-</span> 
     </span>
     <span class='ocr_line' id='line_1_27' title="bbox 195 2389 1268 2461; baseline 0.001 -17"><span class='ocrx_word' id='word_1_227' title='bbox 195 2392 344 2445; x_wconf 77' lang='lat' dir='ltr'>Schuetzius</span> <span class='ocrx_word' id='word_1_228' title='bbox 366 2402 449 2442; x_wconf 88' lang='lat' dir='ltr'>autem</span> <span class='ocrx_word' id='word_1_229' title='bbox 465 2394 556 2442; x_wconf 88' lang='lat' dir='ltr'>vcrba:</span> <span class='ocrx_word' id='word_1_230' title='bbox 577 2395 622 2461; x_wconf 82' lang='lat' dir='ltr'>qui</span> <span class='ocrx_word' id='word_1_231' title='bbox 630 2392 713 2461; x_wconf 78' lang='lat' dir='ltr'>snit·</span> <span class='ocrx_word' id='word_1_232' title='bbox 746 2410 802 2441; x_wconf 89' lang='lat' dir='ltr'>mor</span> <span class='ocrx_word' id='word_1_233' title='bbox 812 2402 885 2452; x_wconf 84' lang='lat' dir='ltr'>esset,</span> <span class='ocrx_word' id='word_1_234' title='bbox 903 2392 935 2441; x_wconf 91' lang='lat' dir='ltr'>ad</span> <span class='ocrx_word' id='word_1_235' title='bbox 945 2393 1086 2443; x_wconf 86' lang='lat' dir='ltr'>accuratius</span> <span class='ocrx_word' id='word_1_236' title='bbox 1098 2389 1268 2445; x_wconf 64' lang='lat' dir='ltr'>deliniendam</span> 
     </span>
     <span class='ocr_line' id='line_1_28' title="bbox 196 2459 1268 2530; baseline -0.002 -17"><span class='ocrx_word' id='word_1_237' title='bbox 196 2460 323 2521; x_wconf 64' lang='lat' dir='ltr'>Nantua,</span> <span class='ocrx_word' id='word_1_238' title='bbox 338 2461 485 2529; x_wconf 88' lang='lat' dir='ltr'>ntineptum</span> <span class='ocrx_word' id='word_1_239' title='bbox 510 2461 625 2521; x_wconf 83' lang='lat' dir='ltr'>lossema,</span> <span class='ocrx_word' id='word_1_240' title='bbox 637 2460 714 2527; x_wconf 90' lang='lat' dir='ltr'>plane</span> <span class='ocrx_word' id='word_1_241' title='bbox 747 2459 813 2509; x_wconf 91' lang='lat' dir='ltr'>Livii</span> <span class='ocrx_word' id='word_1_242' title='bbox 850 2469 959 2509; x_wconf 85' lang='lat' dir='ltr'>aetatem</span> <span class='ocrx_word' id='word_1_243' title='bbox 994 2461 1101 2526; x_wconf 83' lang='lat' dir='ltr'>margini</span> <span class='ocrx_word' id='word_1_244' title='bbox 1129 2460 1268 2530; x_wconf 81' lang='lat' dir='ltr'>adscripta,</span> 
     </span>
     <span class='ocr_line' id='line_1_29' title="bbox 197 2479 1268 2595; baseline 0.002 -17"><span class='ocrx_word' id='word_1_245' title='bbox 197 2528 382 2579; x_wconf 77' lang='lat' dir='ltr'>exterminavit.</span> <span class='ocrx_word' id='word_1_246' title='bbox 432 2479 510 2578; x_wconf 85' lang='lat' dir='ltr'>Orelli</span> <span class='ocrx_word' id='word_1_247' title='bbox 534 2545 591 2577; x_wconf 90' lang='lat' dir='ltr'>oum</span> <span class='ocrx_word' id='word_1_248' title='bbox 612 2531 713 2576; x_wconf 85' lang='lat' dir='ltr'>Osanno</span> <span class='ocrx_word' id='word_1_249' title='bbox 747 2537 836 2595; x_wconf 89' lang='lat' dir='ltr'>postea</span> <span class='ocrx_word' id='word_1_250' title='bbox 846 2526 995 2577; x_wconf 85' lang='lat' dir='ltr'>alienoloco</span> <span class='ocrx_word' id='word_1_251' title='bbox 1007 2527 1034 2577; x_wconf 91' lang='lat' dir='ltr'>in</span> <span class='ocrx_word' id='word_1_252' title='bbox 1043 2528 1268 2595; x_wconf 84' lang='lat' dir='ltr'>ipsumverborum</span> 
     </span>
     <span class='ocr_line' id='line_1_30' title="bbox 196 2594 1047 2673; baseline -0.002 -27"><span class='ocrx_word' id='word_1_253' title='bbox 196 2597 268 2646; x_wconf 81' lang='lat' dir='ltr'>Anal.</span> <span class='ocrx_word' id='word_1_254' title='bbox 295 2595 350 2645; x_wconf 84' lang='lat' dir='ltr'>crit.</span> <span class='ocrx_word' id='word_1_255' title='bbox 375 2613 402 2673; x_wconf 88' lang='lat' dir='ltr'>p.</span> <span class='ocrx_word' id='word_1_256' title='bbox 423 2595 466 2652; x_wconf 83' lang='grc'><strong>40.</strong></span> <span class='ocrx_word' id='word_1_257' title='bbox 489 2612 544 2661; x_wconf 87' lang='lat' dir='ltr'>sqq.</span> <span class='ocrx_word' id='word_1_258' title='bbox 569 2594 633 2645; x_wconf 87' lang='lat' dir='ltr'>nihil</span> <span class='ocrx_word' id='word_1_259' title='bbox 654 2595 713 2643; x_wconf 90' lang='lat' dir='ltr'>loco</span> <span class='ocrx_word' id='word_1_260' title='bbox 749 2594 863 2643; x_wconf 89' lang='lat' dir='ltr'>ordinem</span> <span class='ocrx_word' id='word_1_261' title='bbox 875 2594 973 2644; x_wconf 84' lang='lat' dir='ltr'>adscita</span> <span class='ocrx_word' id='word_1_262' title='bbox 989 2595 1047 2644; x_wconf 86' lang='lat' dir='ltr'>siut.</span> 
     </span>
     <span class='ocr_line' id='line_1_31' title="bbox 196 2661 1270 2731; baseline 0.002 -18"><span class='ocrx_word' id='word_1_263' title='bbox 196 2663 348 2715; x_wconf 86' lang='lat' dir='ltr'>movendum</span> <span class='ocrx_word' id='word_1_264' title='bbox 374 2661 487 2717; x_wconf 79' lang='lat' dir='ltr'>iudicans</span> <span class='ocrx_word' id='word_1_265' title='bbox 507 2678 649 2728; x_wconf 83' lang='lat' dir='ltr'>pronomen</span> <span class='ocrx_word' id='word_1_266' title='bbox 669 2661 715 2729; x_wconf 87' lang='lat' dir='ltr'>qui</span> <span class='ocrx_word' id='word_1_267' title='bbox 802 2663 861 2711; x_wconf 79' lang='lat' dir='ltr'>Car.</span> <span class='ocrx_word' id='word_1_268' title='bbox 878 2664 909 2711; x_wconf 87' lang='grc' dir='ltr'><strong>Π.</strong></span> <span class='ocrx_word' id='word_1_269' title='bbox 934 2663 963 2712; x_wconf 85' lang='lat' dir='ltr'>in</span> <span class='ocrx_word' id='word_1_270' title='bbox 978 2661 1146 2731; x_wconf 74' lang='lat' dir='ltr'>Originibus)</span> <span class='ocrx_word' id='word_1_271' title='bbox 1164 2663 1270 2715; x_wconf 77' lang='lat' dir='ltr'>Scilicet</span> 
     </span>
     <span class='ocr_line' id='line_1_32' title="bbox 196 2729 1268 2797; baseline 0.001 -16"><span class='ocrx_word' id='word_1_272' title='bbox 196 2731 277 2782; x_wconf 80' lang='lat' dir='ltr'>refert</span> <span class='ocrx_word' id='word_1_273' title='bbox 293 2730 325 2780; x_wconf 90' lang='lat' dir='ltr'>ad</span> <span class='ocrx_word' id='word_1_274' title='bbox 333 2729 440 2789; x_wconf 89' lang='lat' dir='ltr'>Livium,</span> <span class='ocrx_word' id='word_1_275' title='bbox 458 2739 487 2778; x_wconf 90' lang='lat' dir='ltr'>ut</span> <span class='ocrx_word' id='word_1_276' title='bbox 501 2730 548 2778; x_wconf 86' lang='lat' dir='ltr'>sit:</span> <span class='ocrx_word' id='word_1_277' title='bbox 565 2730 648 2797; x_wconf 80' lang='lat' dir='ltr'>isque,</span> <span class='ocrx_word' id='word_1_278' title='bbox 664 2730 715 2778; x_wconf 82' lang='lat' dir='ltr'>Li-</span> <span class='ocrx_word' id='word_1_279' title='bbox 748 2730 788 2779; x_wconf 83' lang='lat' dir='ltr'>M.</span> <span class='ocrx_word' id='word_1_280' title='bbox 797 2730 889 2778; x_wconf 86' lang='lat' dir='ltr'>Porcii</span> <span class='ocrx_word' id='word_1_281' title='bbox 897 2731 1016 2787; x_wconf 75' lang='lat' dir='ltr'>Catonis,</span> <span class='ocrx_word' id='word_1_282' title='bbox 1034 2731 1195 2796; x_wconf 87' lang='lat' dir='ltr'>quiauctore</span> <span class='ocrx_word' id='word_1_283' title='bbox 1204 2733 1268 2782; x_wconf 82' lang='lat' dir='ltr'>Cor-</span> 
     </span>
     <span class='ocr_line' id='line_1_33' title="bbox 197 2796 1269 2866; baseline 0 -17"><span class='ocrx_word' id='word_1_284' title='bbox 197 2800 267 2860; x_wconf 76' lang='lat' dir='ltr'>vino,</span> <span class='ocrx_word' id='word_1_285' title='bbox 277 2796 339 2866; x_wconf 78' lang='lat' dir='ltr'>suit</span> <span class='ocrx_word' id='word_1_286' title='bbox 354 2798 441 2846; x_wconf 74' lang='lat' dir='ltr'>uanior</span> <span class='ocrx_word' id='word_1_287' title='bbox 456 2808 521 2845; x_wconf 76' lang='lat' dir='ltr'>natu</span> <span class='ocrx_word' id='word_1_288' title='bbox 578 2832 594 2856; x_wconf 89' lang='lat'>.‚</span> <span class='ocrx_word' id='word_1_289' title='bbox 612 2805 715 2845; x_wconf 88' lang='lat' dir='ltr'>monet-</span> <span class='ocrx_word' id='word_1_290' title='bbox 730 2806 732 2811; x_wconf 84' lang='grc'>’</span> <span class='ocrx_word' id='word_1_291' title='bbox 747 2796 815 2846; x_wconf 87' lang='lat' dir='ltr'>nelio</span> <span class='ocrx_word' id='word_1_292' title='bbox 831 2798 933 2864; x_wconf 83' lang='lat' dir='ltr'>Nepote</span> <span class='ocrx_word' id='word_1_293' title='bbox 947 2797 973 2846; x_wconf 91' lang='lat' dir='ltr'>in</span> <span class='ocrx_word' id='word_1_294' title='bbox 989 2797 1042 2847; x_wconf 85' lang='lat' dir='ltr'>eius</span> <span class='ocrx_word' id='word_1_295' title='bbox 1053 2799 1104 2847; x_wconf 89' lang='lat' dir='ltr'>vita</span> <span class='ocrx_word' id='word_1_296' title='bbox 1114 2800 1191 2849; x_wconf 78' lang='lat' dir='ltr'>ant.</span> <span class='ocrx_word' id='word_1_297' title='bbox 1209 2816 1269 2861; x_wconf 85' lang='lat' dir='ltr'>„se-</span> 
     </span>
     <span class='ocr_line' id='line_1_34' title="bbox 197 2854 1268 2934; baseline 0 -18"><span class='ocrx_word' id='word_1_298' title='bbox 197 2882 255 2932; x_wconf 90' lang='lat' dir='ltr'>que,</span> <span class='ocrx_word' id='word_1_299' title='bbox 273 2883 306 2914; x_wconf 91' lang='lat' dir='ltr'>ne</span> <span class='ocrx_word' id='word_1_300' title='bbox 324 2864 356 2912; x_wconf 90' lang='lat' dir='ltr'>de</span> <span class='ocrx_word' id='word_1_301' title='bbox 371 2863 448 2929; x_wconf 84' lang='lat' dir='ltr'>gloss.</span> <span class='ocrx_word' id='word_1_302' title='bbox 463 2854 549 2928; x_wconf 65' lang='lat' dir='ltr'>cogste</span> <span class='ocrx_word' id='word_1_303' title='bbox 576 2881 612 2926; x_wconf 86' lang='lat' dir='ltr'>us,</span> <span class='ocrx_word' id='word_1_304' title='bbox 629 2863 714 2913; x_wconf 88' lang='lat' dir='ltr'>facere</span> <span class='ocrx_word' id='word_1_305' title='bbox 747 2881 796 2914; x_wconf 78' lang='lat' dir='ltr'>nex</span> <span class='ocrx_word' id='word_1_306' title='bbox 811 2864 921 2914; x_wconf 85' lang='lat' dir='ltr'>scribere</span> <span class='ocrx_word' id='word_1_307' title='bbox 933 2864 1051 2914; x_wconf 82' lang='lat' dir='ltr'>historias</span> <span class='ocrx_word' id='word_1_308' title='bbox 1063 2863 1186 2928; x_wconf 87' lang='lat' dir='ltr'>instituit,</span> <span class='ocrx_word' id='word_1_309' title='bbox 1204 2883 1268 2934; x_wconf 92' lang='lat' dir='ltr'>qua·</span> 
     </span>
     <span class='ocr_line' id='line_1_35' title="bbox 195 2930 1268 3009; baseline 0.003 -27"><span class='ocrx_word' id='word_1_310' title='bbox 195 2949 292 2982; x_wconf 88' lang='lat' dir='ltr'>morem</span> <span class='ocrx_word' id='word_1_311' title='bbox 322 2930 465 2992; x_wconf 72' lang='lat' dir='ltr'>Ciceronis,</span> <span class='ocrx_word' id='word_1_312' title='bbox 504 2948 555 3009; x_wconf 88' lang='lat' dir='ltr'>quo</span> <span class='ocrx_word' id='word_1_313' title='bbox 582 2930 714 2981; x_wconf 84' lang='lat' dir='ltr'>doctrinae</span> <span class='ocrx_word' id='word_1_314' title='bbox 747 2949 802 2981; x_wconf 88' lang='lat' dir='ltr'>rum</span> <span class='ocrx_word' id='word_1_315' title='bbox 815 2940 874 2981; x_wconf 73' lang='lat' dir='ltr'>saint</span> <span class='ocrx_word' id='word_1_316' title='bbox 887 2931 1062 2999; x_wconf 80' lang='lat' dir='ltr'>libriseptem.</span> <span class='ocrx_word' id='word_1_317' title='bbox 1094 2930 1195 2982; x_wconf 85' lang='lat' dir='ltr'>Primus</span> <span class='ocrx_word' id='word_1_318' title='bbox 1204 2950 1268 2985; x_wconf 87' lang='lat' dir='ltr'>con·</span> 
     </span>
     <span class='ocr_line' id='line_1_36' title="bbox 196 2997 1269 3065; baseline 0.002 -16"><span class='ocrx_word' id='word_1_319' title='bbox 196 2997 365 3049; x_wconf 78' lang='lat' dir='ltr'>ostentandae</span> <span class='ocrx_word' id='word_1_320' title='bbox 380 3014 466 3047; x_wconf 70' lang='lat' dir='ltr'>mussa</span> <span class='ocrx_word' id='word_1_321' title='bbox 482 2997 544 3048; x_wconf 88' lang='lat' dir='ltr'>ahos</span> <span class='ocrx_word' id='word_1_322' title='bbox 560 2997 658 3063; x_wconf 89' lang='lat' dir='ltr'>obiter,</span> <span class='ocrx_word' id='word_1_323' title='bbox 676 2998 714 3048; x_wconf 89' lang='lat' dir='ltr'>uti</span> <span class='ocrx_word' id='word_1_324' title='bbox 746 2999 813 3049; x_wconf 89' lang='lat' dir='ltr'>tinet</span> <span class='ocrx_word' id='word_1_325' title='bbox 826 3017 866 3048; x_wconf 86' lang='lat' dir='ltr'>res</span> <span class='ocrx_word' id='word_1_326' title='bbox 884 3008 967 3064; x_wconf 80' lang='lat' dir='ltr'>gestas</span> <span class='ocrx_word' id='word_1_327' title='bbox 983 3017 1070 3065; x_wconf 85' lang='lat' dir='ltr'>regum</span> <span class='ocrx_word' id='word_1_328' title='bbox 1084 2999 1112 3049; x_wconf 91' lang='lat' dir='ltr'>P.</span> <span class='ocrx_word' id='word_1_329' title='bbox 1126 3000 1157 3050; x_wconf 80' lang='lat' dir='ltr'>li.</span> <span class='ocrx_word' id='word_1_330' title='bbox 1175 3018 1269 3051; x_wconf 81' lang='lat' dir='ltr'>seeun-</span> 
     </span>
     <span class='ocr_line' id='line_1_37' title="bbox 195 3064 1269 3134; baseline 0.002 -17"><span class='ocrx_word' id='word_1_331' title='bbox 195 3065 223 3117; x_wconf 88' lang='lat' dir='ltr'>b.</span> <span class='ocrx_word' id='word_1_332' title='bbox 240 3065 258 3117; x_wconf 83' lang='lat' dir='ltr'>l.</span> <span class='ocrx_word' id='word_1_333' title='bbox 275 3065 380 3126; x_wconf 80' lang='lat' dir='ltr'>Attium,</span> <span class='ocrx_word' id='word_1_334' title='bbox 399 3064 523 3131; x_wconf 81' lang='lat' dir='ltr'>castigare</span> <span class='ocrx_word' id='word_1_335' title='bbox 535 3065 625 3116; x_wconf 83' lang='lat' dir='ltr'>soleat.</span> <span class='ocrx_word' id='word_1_336' title='bbox 658 3068 713 3133; x_wconf 81' lang='lat' dir='ltr'>Ego</span> <span class='ocrx_word' id='word_1_337' title='bbox 748 3066 794 3115; x_wconf 76' lang='lat' dir='ltr'>durs</span> <span class='ocrx_word' id='word_1_338' title='bbox 810 3067 949 3126; x_wconf 75' lang='lat' dir='ltr'>attardus,</span> <span class='ocrx_word' id='word_1_339' title='bbox 967 3067 1033 3116; x_wconf 89' lang='lat' dir='ltr'>uude</span> <span class='ocrx_word' id='word_1_340' title='bbox 1049 3083 1163 3134; x_wconf 89' lang='lat' dir='ltr'>quaeque</span> <span class='ocrx_word' id='word_1_341' title='bbox 1180 3068 1269 3119; x_wconf 80' lang='lat' dir='ltr'>civitae</span> 
     </span>
     <span class='ocr_line' id='line_1_38' title="bbox 198 3131 1269 3201; baseline 0.003 -17"><span class='ocrx_word' id='word_1_342' title='bbox 198 3150 260 3184; x_wconf 77' lang='lat' dir='ltr'>raro</span> <span class='ocrx_word' id='word_1_343' title='bbox 282 3132 434 3200; x_wconf 81' lang='lat' dir='ltr'>persuadere</span> <span class='ocrx_word' id='word_1_344' title='bbox 456 3131 518 3183; x_wconf 84' lang='lat' dir='ltr'>mihi</span> <span class='ocrx_word' id='word_1_345' title='bbox 536 3150 589 3184; x_wconf 89' lang='lat' dir='ltr'>non</span> <span class='ocrx_word' id='word_1_346' title='bbox 604 3151 714 3201; x_wconf 85' lang='lat' dir='ltr'>possum,</span> <span class='ocrx_word' id='word_1_347' title='bbox 749 3144 806 3184; x_wconf 91' lang='lat' dir='ltr'>orta</span> <span class='ocrx_word' id='word_1_348' title='bbox 830 3131 864 3182; x_wconf 90' lang='lat' dir='ltr'>sit</span> <span class='ocrx_word' id='word_1_349' title='bbox 885 3133 987 3194; x_wconf 87' lang='lat' dir='ltr'>Italica,</span> <span class='ocrx_word' id='word_1_350' title='bbox 1005 3134 1040 3184; x_wconf 92' lang='lat' dir='ltr'>ob</span> <span class='ocrx_word' id='word_1_351' title='bbox 1050 3151 1126 3200; x_wconf 87' lang='lat' dir='ltr'>quam</span> <span class='ocrx_word' id='word_1_352' title='bbox 1140 3151 1199 3186; x_wconf 89' lang='lat' dir='ltr'>rem</span> <span class='ocrx_word' id='word_1_353' title='bbox 1213 3152 1269 3187; x_wconf 86' lang='lat' dir='ltr'>om-</span> 
     </span>
     <span class='ocr_line' id='line_1_39' title="bbox 196 3200 1269 3270; baseline 0.003 -19"><span class='ocrx_word' id='word_1_354' title='bbox 196 3200 716 3268; x_wconf 80' lang='lat' dir='ltr'>verbaqui·NaeviusaCiceronismanu</span> <span class='ocrx_word' id='word_1_355' title='bbox 748 3217 793 3251; x_wconf 81' lang='lat' dir='ltr'>nee</span> <span class='ocrx_word' id='word_1_356' title='bbox 801 3201 925 3270; x_wconf 80' lang='lat' dir='ltr'>Origines</span> <span class='ocrx_word' id='word_1_357' title='bbox 940 3202 1040 3252; x_wconf 85' lang='lat' dir='ltr'>videtur</span> <span class='ocrx_word' id='word_1_358' title='bbox 1049 3201 1194 3269; x_wconf 77' lang='lat' dir='ltr'>appellasse</span> <span class='ocrx_word' id='word_1_359' title='bbox 1202 3206 1269 3254; x_wconf 81' lang='lat' dir='ltr'>etc.¹‘</span> 
     </span>
     <span class='ocr_line' id='line_1_40' title="bbox 196 3267 1270 3337; baseline 0.001 -19"><span class='ocrx_word' id='word_1_360' title='bbox 196 3268 316 3336; x_wconf 83' lang='lat' dir='ltr'>profecta</span> <span class='ocrx_word' id='word_1_361' title='bbox 330 3284 396 3327; x_wconf 79' lang='lat' dir='ltr'>eeae3</span> <span class='ocrx_word' id='word_1_362' title='bbox 413 3267 520 3336; x_wconf 86' lang='lat' dir='ltr'>primum</span> <span class='ocrx_word' id='word_1_363' title='bbox 535 3269 601 3318; x_wconf 89' lang='lat' dir='ltr'>enim</span> <span class='ocrx_word' id='word_1_364' title='bbox 614 3284 715 3336; x_wconf 89' lang='lat' dir='ltr'>prono-</span> <span class='ocrx_word' id='word_1_365' title='bbox 748 3269 842 3333; x_wconf 81' lang='lat' dir='ltr'>Magna</span> <span class='ocrx_word' id='word_1_366' title='bbox 871 3269 974 3319; x_wconf 88' lang='lat' dir='ltr'>Catonis</span> <span class='ocrx_word' id='word_1_367' title='bbox 1004 3269 1099 3337; x_wconf 81' lang='lat' dir='ltr'>scripta</span> <span class='ocrx_word' id='word_1_368' title='bbox 1120 3269 1270 3321; x_wconf 82' lang='lat' dir='ltr'>laudatione</span> 
     </span>
     <span class='ocr_line' id='line_1_41' title="bbox 195 3333 1270 3403; baseline 0.004 -18"><span class='ocrx_word' id='word_1_369' title='bbox 195 3352 254 3385; x_wconf 89' lang='lat' dir='ltr'>meu</span> <span class='ocrx_word' id='word_1_370' title='bbox 276 3334 349 3386; x_wconf 84' lang='lat' dir='ltr'>relat.</span> <span class='ocrx_word' id='word_1_371' title='bbox 374 3353 422 3403; x_wconf 89' lang='lat' dir='ltr'>pro</span> <span class='ocrx_word' id='word_1_372' title='bbox 445 3345 537 3386; x_wconf 87' lang='lat' dir='ltr'>natura</span> <span class='ocrx_word' id='word_1_373' title='bbox 557 3353 602 3386; x_wconf 87' lang='lat' dir='ltr'>aua</span> <span class='ocrx_word' id='word_1_374' title='bbox 624 3333 716 3385; x_wconf 80' lang='lat' dir='ltr'>referri</span> <span class='ocrx_word' id='word_1_375' title='bbox 749 3335 849 3384; x_wconf 86' lang='lat' dir='ltr'>ornavit</span> <span class='ocrx_word' id='word_1_376' title='bbox 864 3335 952 3386; x_wconf 87' lang='lat' dir='ltr'>Cicero</span> <span class='ocrx_word' id='word_1_377' title='bbox 968 3339 1038 3386; x_wconf 88' lang='lat' dir='ltr'>Brut.</span> <span class='ocrx_word' id='word_1_378' title='bbox 1057 3354 1079 3387; x_wconf 92' lang='lat' dir='ltr'>c.</span> <span class='ocrx_word' id='word_1_379' title='bbox 1102 3341 1142 3395; x_wconf 90' lang='lat'>17.</span> <span class='ocrx_word' id='word_1_380' title='bbox 1168 3339 1210 3389; x_wconf 82' lang='lat' dir='ltr'>Cf.</span> <span class='ocrx_word' id='word_1_381' title='bbox 1225 3340 1270 3389; x_wconf 86' lang='lat' dir='ltr'>In-</span> 
     </span>
     <span class='ocr_line' id='line_1_42' title="bbox 197 3401 837 3470; baseline 0 -18"><span class='ocrx_word' id='word_1_382' title='bbox 197 3402 275 3452; x_wconf 89' lang='lat' dir='ltr'>debet</span> <span class='ocrx_word' id='word_1_383' title='bbox 296 3401 330 3452; x_wconf 90' lang='lat' dir='ltr'>ad</span> <span class='ocrx_word' id='word_1_384' title='bbox 357 3420 449 3454; x_wconf 88' lang='lat' dir='ltr'>nomeu</span> <span class='ocrx_word' id='word_1_385' title='bbox 470 3403 586 3470; x_wconf 82' lang='lat' dir='ltr'>proxime</span> <span class='ocrx_word' id='word_1_386' title='bbox 608 3411 716 3452; x_wconf 86' lang='lat' dir='ltr'>antece-</span> <span class='ocrx_word' id='word_1_387' title='bbox 747 3401 837 3453; x_wconf 87' lang='lat' dir='ltr'>dicem.</span> 
     </span>
     <span class='ocr_line' id='line_1_43' title="bbox 196 3469 1268 3588; baseline 0.005 -69"><span class='ocrx_word' id='word_1_388' title='bbox 196 3469 266 3520; x_wconf 83' lang='lat' dir='ltr'>dena.</span> <span class='ocrx_word' id='word_1_389' title='bbox 301 3469 328 3520; x_wconf 85' lang='lat' dir='ltr'>si</span> <span class='ocrx_word' id='word_1_390' title='bbox 343 3488 403 3521; x_wconf 83' lang='lat' dir='ltr'>vero</span> <span class='ocrx_word' id='word_1_391' title='bbox 419 3472 464 3540; x_wconf 84' lang='lat' dir='ltr'>qui</span> <span class='ocrx_word' id='word_1_392' title='bbox 485 3470 519 3521; x_wconf 88' lang='lat' dir='ltr'>ad</span> <span class='ocrx_word' id='word_1_393' title='bbox 537 3471 654 3519; x_wconf 81' lang='lat' dir='ltr'>Enniam</span> <span class='ocrx_word' id='word_1_394' title='bbox 669 3486 715 3518; x_wconf 87' lang='lat' dir='ltr'>re·</span> <span class='ocrx_word' id='word_1_395' title='bbox 798 3471 828 3521; x_wconf 88' lang='lat' dir='ltr'>in</span> <span class='ocrx_word' id='word_1_396' title='bbox 853 3471 939 3588; x_wconf 67' lang='lat' dir='ltr'>epulis</span> <span class='ocrx_word' id='word_1_397' title='bbox 960 3472 1065 3539; x_wconf 82' lang='lat' dir='ltr'>canere)</span> <span class='ocrx_word' id='word_1_398' title='bbox 1091 3471 1214 3523; x_wconf 76' lang='lat' dir='ltr'>Eiusdem</span> <span class='ocrx_word' id='word_1_399' title='bbox 1231 3472 1268 3524; x_wconf 82' lang='lat' dir='ltr'>rel</span> 
     </span>
     <span class='ocr_line' id='line_1_44' title="bbox 195 3535 1268 3600; baseline 0.005 -14"><span class='ocrx_word' id='word_1_400' title='bbox 195 3537 283 3598; x_wconf 82' lang='lat' dir='ltr'>fertur,</span> <span class='ocrx_word' id='word_1_401' title='bbox 302 3554 358 3587; x_wconf 90' lang='lat' dir='ltr'>cnm</span> <span class='ocrx_word' id='word_1_402' title='bbox 373 3538 475 3588; x_wconf 88' lang='lat' dir='ltr'>Davisio</span> <span class='ocrx_word' id='word_1_403' title='bbox 485 3536 646 3587; x_wconf 88' lang='lat' dir='ltr'>statuendum</span> <span class='ocrx_word' id='word_1_404' title='bbox 656 3535 714 3600; x_wconf 86' lang='lat' dir='ltr'>erit,</span> <span class='ocrx_word' id='word_1_405' title='bbox 748 3537 843 3589; x_wconf 91' lang='lat' dir='ltr'>mentio</span> <span class='ocrx_word' id='word_1_406' title='bbox 878 3538 898 3587; x_wconf 80' lang='lat' dir='ltr'>&#39;t</span> <span class='ocrx_word' id='word_1_407' title='bbox 912 3538 979 3588; x_wconf 87' lang='lat' dir='ltr'>infra</span> <span class='ocrx_word' id='word_1_408' title='bbox 993 3540 1036 3589; x_wconf 86' lang='lat' dir='ltr'>IV.</span> <span class='ocrx_word' id='word_1_409' title='bbox 1059 3544 1091 3600; x_wconf 74' lang='lat'>2,</span> <span class='ocrx_word' id='word_1_410' title='bbox 1108 3544 1134 3596; x_wconf 89' lang='lat'>3.</span> <span class='ocrx_word' id='word_1_411' title='bbox 1152 3550 1182 3590; x_wconf 90' lang='lat' dir='ltr'>et</span> <span class='ocrx_word' id='word_1_412' title='bbox 1199 3544 1268 3591; x_wconf 85' lang='lat' dir='ltr'>Brut.</span> 
     </span>
     <span class='ocr_line' id='line_1_45' title="bbox 194 3603 1269 3674; baseline 0.001 -17"><span class='ocrx_word' id='word_1_413' title='bbox 194 3605 310 3672; x_wconf 71' lang='grc' dir='ltr'><strong><em>σφάλμα</em></strong></span> <span class='ocrx_word' id='word_1_414' title='bbox 332 3603 505 3674; x_wconf 75' lang='grc' dir='ltr'>μνημονικὸν</span> <span class='ocrx_word' id='word_1_415' title='bbox 522 3623 537 3654; x_wconf 88' lang='lat' dir='ltr'>a</span> <span class='ocrx_word' id='word_1_416' title='bbox 552 3604 638 3654; x_wconf 89' lang='lat' dir='ltr'>Tullio</span> <span class='ocrx_word' id='word_1_417' title='bbox 660 3620 714 3654; x_wconf 83' lang='lat' dir='ltr'>esse</span> <span class='ocrx_word' id='word_1_418' title='bbox 748 3623 770 3656; x_wconf 89' lang='lat' dir='ltr'>c.</span> <span class='ocrx_word' id='word_1_419' title='bbox 788 3609 827 3664; x_wconf 88' lang='lat'>19.</span> <span class='ocrx_word' id='word_1_420' title='bbox 861 3606 976 3656; x_wconf 80' lang='lat' dir='ltr'>Davisius</span> <span class='ocrx_word' id='word_1_421' title='bbox 997 3607 1085 3657; x_wconf 86' lang='lat' dir='ltr'>laudat</span> <span class='ocrx_word' id='word_1_422' title='bbox 1104 3606 1193 3658; x_wconf 76' lang='lat' dir='ltr'>Valet.</span> <span class='ocrx_word' id='word_1_423' title='bbox 1210 3609 1269 3658; x_wconf 87' lang='lat' dir='ltr'>Ma-</span> 
     </span>
     <span class='ocr_line' id='line_1_46' title="bbox 195 3671 1270 3736; baseline 0.004 -14"><span class='ocrx_word' id='word_1_424' title='bbox 195 3672 368 3730; x_wconf 77' lang='lat' dir='ltr'>commiesum3</span> <span class='ocrx_word' id='word_1_425' title='bbox 387 3672 571 3729; x_wconf 73' lang='lat' dir='ltr'>constatenim</span> <span class='ocrx_word' id='word_1_426' title='bbox 590 3671 715 3721; x_wconf 85' lang='lat' dir='ltr'>Naevium</span> <span class='ocrx_word' id='word_1_427' title='bbox 747 3672 806 3723; x_wconf 80' lang='lat' dir='ltr'>aim.</span> <span class='ocrx_word' id='word_1_428' title='bbox 823 3675 855 3724; x_wconf 81' lang='grc' dir='ltr'><strong>ΙΙ.</strong></span> <span class='ocrx_word' id='word_1_429' title='bbox 873 3678 898 3735; x_wconf 85' lang='grc'>1,</span> <span class='ocrx_word' id='word_1_430' title='bbox 918 3679 960 3732; x_wconf 85' lang='grc'><strong>10.</strong></span> <span class='ocrx_word' id='word_1_431' title='bbox 994 3673 1101 3736; x_wconf 86' lang='lat' dir='ltr'>Quintil.</span> <span class='ocrx_word' id='word_1_432' title='bbox 1111 3675 1131 3725; x_wconf 93' lang='lat'>1.</span> <span class='ocrx_word' id='word_1_433' title='bbox 1144 3679 1186 3732; x_wconf 91' lang='grc'><strong>10.</strong></span> <span class='ocrx_word' id='word_1_434' title='bbox 1201 3677 1270 3726; x_wconf 83' lang='lat' dir='ltr'>Var-</span> 
     </span>
     <span class='ocr_line' id='line_1_47' title="bbox 193 3738 1269 3808; baseline 0.002 -20"><span class='ocrx_word' id='word_1_435' title='bbox 193 3739 275 3791; x_wconf 81' lang='lat' dir='ltr'>Ennio</span> <span class='ocrx_word' id='word_1_436' title='bbox 284 3739 406 3790; x_wconf 89' lang='lat' dir='ltr'>maiorem</span> <span class='ocrx_word' id='word_1_437' title='bbox 418 3739 509 3788; x_wconf 83' lang='lat' dir='ltr'>fuisse:</span> <span class='ocrx_word' id='word_1_438' title='bbox 528 3747 555 3788; x_wconf 89' lang='lat' dir='ltr'>at</span> <span class='ocrx_word' id='word_1_439' title='bbox 563 3738 590 3788; x_wconf 93' lang='lat' dir='ltr'>id</span> <span class='ocrx_word' id='word_1_440' title='bbox 600 3739 641 3787; x_wconf 88' lang='lat' dir='ltr'>vix</span> <span class='ocrx_word' id='word_1_441' title='bbox 656 3756 714 3789; x_wconf 90' lang='lat' dir='ltr'>cre-</span> <span class='ocrx_word' id='word_1_442' title='bbox 747 3757 802 3792; x_wconf 92' lang='lat' dir='ltr'>ron.</span> <span class='ocrx_word' id='word_1_443' title='bbox 819 3742 980 3808; x_wconf 89' lang='lat' dir='ltr'>ap.Nonium</span> <span class='ocrx_word' id='word_1_444' title='bbox 993 3741 1020 3792; x_wconf 93' lang='lat' dir='ltr'>in</span> <span class='ocrx_word' id='word_1_445' title='bbox 1036 3759 1110 3792; x_wconf 82' lang='lat' dir='ltr'>ossa.</span> <span class='ocrx_word' id='word_1_446' title='bbox 1145 3742 1223 3792; x_wconf 83' lang='lat' dir='ltr'>Adde</span> <span class='ocrx_word' id='word_1_447' title='bbox 1238 3742 1269 3792; x_wconf 87' lang='lat' dir='ltr'>de</span> 
     </span>
     <span class='ocr_line' id='line_1_48' title="bbox 193 3805 1269 3877; baseline 0.004 -20"><span class='ocrx_word' id='word_1_448' title='bbox 193 3806 272 3857; x_wconf 90' lang='lat' dir='ltr'>dibile</span> <span class='ocrx_word' id='word_1_449' title='bbox 285 3816 332 3868; x_wconf 84' lang='lat' dir='ltr'>est,</span> <span class='ocrx_word' id='word_1_450' title='bbox 350 3823 427 3874; x_wconf 86' lang='lat' dir='ltr'>quum</span> <span class='ocrx_word' id='word_1_451' title='bbox 441 3806 496 3872; x_wconf 85' lang='lat' dir='ltr'>ipse</span> <span class='ocrx_word' id='word_1_452' title='bbox 504 3805 592 3855; x_wconf 83' lang='lat' dir='ltr'>Cicero</span> <span class='ocrx_word' id='word_1_453' title='bbox 599 3805 626 3855; x_wconf 92' lang='lat' dir='ltr'>in</span> <span class='ocrx_word' id='word_1_454' title='bbox 635 3808 713 3857; x_wconf 87' lang='lat' dir='ltr'>Bruto</span> <span class='ocrx_word' id='word_1_455' title='bbox 748 3812 818 3858; x_wconf 88' lang='lat' dir='ltr'>Orat.</span> <span class='ocrx_word' id='word_1_456' title='bbox 836 3809 879 3858; x_wconf 90' lang='lat'>111.</span> <span class='ocrx_word' id='word_1_457' title='bbox 897 3814 946 3871; x_wconf 87' lang='lat'>51,</span> <span class='ocrx_word' id='word_1_458' title='bbox 967 3813 1022 3867; x_wconf 80' lang='lat'><strong>197.</strong></span> <span class='ocrx_word' id='word_1_459' title='bbox 1048 3819 1075 3860; x_wconf 87' lang='lat' dir='ltr'>et</span> <span class='ocrx_word' id='word_1_460' title='bbox 1088 3809 1121 3859; x_wconf 87' lang='lat' dir='ltr'>de</span> <span class='ocrx_word' id='word_1_461' title='bbox 1137 3810 1221 3877; x_wconf 80' lang='lat' dir='ltr'>Legg.</span> <span class='ocrx_word' id='word_1_462' title='bbox 1238 3812 1269 3861; x_wconf 81' lang='lat' dir='ltr'>ll.</span> 
     </span>
     <span class='ocr_line' id='line_1_49' title="bbox 193 3872 1032 3943; baseline 0.002 -18"><span class='ocrx_word' id='word_1_463' title='bbox 193 3891 216 3925; x_wconf 88' lang='lat' dir='ltr'>o.</span> <span class='ocrx_word' id='word_1_464' title='bbox 231 3878 272 3932; x_wconf 85' lang='lat'>18.</span> <span class='ocrx_word' id='word_1_465' title='bbox 291 3874 359 3924; x_wconf 89' lang='lat' dir='ltr'>huno</span> <span class='ocrx_word' id='word_1_466' title='bbox 374 3872 481 3924; x_wconf 86' lang='lat' dir='ltr'>eundem</span> <span class='ocrx_word' id='word_1_467' title='bbox 489 3890 600 3923; x_wconf 84' lang='lat' dir='ltr'>errarem</span> <span class='ocrx_word' id='word_1_468' title='bbox 607 3873 633 3922; x_wconf 90' lang='lat' dir='ltr'>in</span> <span class='ocrx_word' id='word_1_469' title='bbox 642 3874 714 3924; x_wconf 80' lang='lat' dir='ltr'>Attio</span> <span class='ocrx_word' id='word_1_470' title='bbox 746 3877 789 3937; x_wconf 79' lang='lat'>21,</span> <span class='ocrx_word' id='word_1_471' title='bbox 807 3879 849 3932; x_wconf 83' lang='lat'>62.</span> <span class='ocrx_word' id='word_1_472' title='bbox 867 3876 927 3943; x_wconf 90' lang='lat' dir='ltr'>ibiq.</span> <span class='ocrx_word' id='word_1_473' title='bbox 947 3876 1032 3927; x_wconf 87' lang='lat' dir='ltr'>Davis.</span> 
     </span>
     <span class='ocr_line' id='line_1_50' title="bbox 192 3939 1270 4014; baseline 0.004 -23"><span class='ocrx_word' id='word_1_474' title='bbox 192 3939 329 3992; x_wconf 82' lang='lat' dir='ltr'>notaverit.</span> <span class='ocrx_word' id='word_1_475' title='bbox 365 3939 432 4003; x_wconf 88' lang='lat' dir='ltr'>Quid</span> <span class='ocrx_word' id='word_1_476' title='bbox 450 3940 529 3991; x_wconf 83' lang='lat' dir='ltr'>vero?</span> <span class='ocrx_word' id='word_1_477' title='bbox 546 3940 568 3990; x_wconf 89' lang='lat' dir='ltr'>si</span> <span class='ocrx_word' id='word_1_478' title='bbox 584 3942 713 3991; x_wconf 89' lang='lat' dir='ltr'>conceda·</span> <span class='ocrx_word' id='word_1_479' title='bbox 798 3942 860 3993; x_wconf 82' lang='lat' dir='ltr'>duic</span> <span class='ocrx_word' id='word_1_480' title='bbox 879 3947 988 4014; x_wconf 84' lang='lat' dir='ltr'>generi)</span> <span class='ocrx_word' id='word_1_481' title='bbox 1009 3946 1101 3995; x_wconf 80' lang='lat' dir='ltr'>Poetae</span> <span class='ocrx_word' id='word_1_482' title='bbox 1116 3943 1270 4012; x_wconf 81' lang='lat' dir='ltr'>intelligen-</span> 
     </span>
     <span class='ocr_line' id='line_1_51' title="bbox 193 4007 1269 4091; baseline 0.006 -35"><span class='ocrx_word' id='word_1_483' title='bbox 193 4024 263 4068; x_wconf 76' lang='lat' dir='ltr'>mm,</span> <span class='ocrx_word' id='word_1_484' title='bbox 290 4008 336 4075; x_wconf 81' lang='lat' dir='ltr'>qui</span> <span class='ocrx_word' id='word_1_485' title='bbox 355 4007 514 4058; x_wconf 81' lang='lat' dir='ltr'>referendum</span> <span class='ocrx_word' id='word_1_486' title='bbox 537 4026 659 4059; x_wconf 86' lang='lat' dir='ltr'>essenon</span> <span class='ocrx_word' id='word_1_487' title='bbox 680 4009 713 4060; x_wconf 88' lang='lat' dir='ltr'>ad</span> <span class='ocrx_word' id='word_1_488' title='bbox 747 4009 793 4060; x_wconf 87' lang='lat' dir='ltr'>dos</span> <span class='ocrx_word' id='word_1_489' title='bbox 807 4027 868 4070; x_wconf 82' lang='lat' dir='ltr'>esse,</span> <span class='ocrx_word' id='word_1_490' title='bbox 887 4028 901 4061; x_wconf 89' lang='lat' dir='ltr'>e</span> <span class='ocrx_word' id='word_1_491' title='bbox 917 4011 1172 4079; x_wconf 80' lang='lat' dir='ltr'>sequentibusverbie</span> <span class='ocrx_word' id='word_1_492' title='bbox 1188 4022 1269 4091; x_wconf 86' lang='lat' dir='ltr'>patet.</span> 
     </span>
     <span class='ocr_line' id='line_1_52' title="bbox 193 4074 1268 4146; baseline 0.007 -22"><span class='ocrx_word' id='word_1_493' title='bbox 193 4074 316 4134; x_wconf 82' lang='lat' dir='ltr'>Ennium,</span> <span class='ocrx_word' id='word_1_494' title='bbox 334 4075 378 4124; x_wconf 83' lang='lat' dir='ltr'>aed</span> <span class='ocrx_word' id='word_1_495' title='bbox 393 4075 425 4125; x_wconf 90' lang='lat' dir='ltr'>ad</span> <span class='ocrx_word' id='word_1_496' title='bbox 441 4075 548 4138; x_wconf 86' lang='lat' dir='ltr'>Livium,</span> <span class='ocrx_word' id='word_1_497' title='bbox 567 4085 713 4145; x_wconf 88' lang='lat' dir='ltr'>uttempo-</span> <span class='ocrx_word' id='word_1_498' title='bbox 746 4078 788 4127; x_wconf 83' lang='lat' dir='ltr'>sic</span> <span class='ocrx_word' id='word_1_499' title='bbox 804 4094 876 4128; x_wconf 83' lang='lat' dir='ltr'>mox:</span> <span class='ocrx_word' id='word_1_500' title='bbox 895 4078 916 4128; x_wconf 88' lang='lat' dir='ltr'>si</span> <span class='ocrx_word' id='word_1_501' title='bbox 937 4079 980 4146; x_wconf 91' lang='lat' dir='ltr'>qni</span> <span class='ocrx_word' id='word_1_502' title='bbox 995 4080 1092 4145; x_wconf 74' lang='lat' dir='ltr'>magnis</span> <span class='ocrx_word' id='word_1_503' title='bbox 1106 4079 1220 4145; x_wconf 77' lang='lat' dir='ltr'>ingeniis</span> <span class='ocrx_word' id='word_1_504' title='bbox 1243 4079 1268 4130; x_wconf 87' lang='lat' dir='ltr'>in</span> 
     </span>
     <span class='ocr_line' id='line_1_53' title="bbox 194 4141 1061 4210; baseline 0.003 -17"><span class='ocrx_word' id='word_1_505' title='bbox 194 4159 249 4193; x_wconf 89' lang='lat' dir='ltr'>rum</span> <span class='ocrx_word' id='word_1_506' title='bbox 266 4141 334 4191; x_wconf 85' lang='lat' dir='ltr'>ratio</span> <span class='ocrx_word' id='word_1_507' title='bbox 354 4153 463 4204; x_wconf 85' lang='lat' dir='ltr'>constet,</span> <span class='ocrx_word' id='word_1_508' title='bbox 480 4161 565 4195; x_wconf 90' lang='lat' dir='ltr'>nonne</span> <span class='ocrx_word' id='word_1_509' title='bbox 579 4144 648 4194; x_wconf 84' lang='lat' dir='ltr'>istud</span> <span class='ocrx_word' id='word_1_510' title='bbox 663 4144 712 4195; x_wconf 92' lang='lat' dir='ltr'>ad·</span> <span class='ocrx_word' id='word_1_511' title='bbox 747 4162 777 4197; x_wconf 88' lang='lat' dir='ltr'>eo</span> <span class='ocrx_word' id='word_1_512' title='bbox 792 4162 886 4210; x_wconf 78' lang='lat' dir='ltr'>genere</span> <span class='ocrx_word' id='word_1_513' title='bbox 901 4146 1061 4197; x_wconf 82' lang='lat' dir='ltr'>exstiterunt.</span> 
     </span>
     <span class='ocr_line' id='line_1_54' title="bbox 193 4209 1270 4281; baseline 0.006 -21"><span class='ocrx_word' id='word_1_514' title='bbox 193 4209 359 4261; x_wconf 83' lang='lat' dir='ltr'>ditamenttun</span> <span class='ocrx_word' id='word_1_515' title='bbox 388 4209 498 4263; x_wconf 87' lang='lat' dir='ltr'>ieiunum</span> <span class='ocrx_word' id='word_1_516' title='bbox 528 4211 604 4280; x_wconf 85' lang='lat' dir='ltr'>plane</span> <span class='ocrx_word' id='word_1_517' title='bbox 626 4221 713 4264; x_wconf 85' lang='lat' dir='ltr'>estet</span> <span class='ocrx_word' id='word_1_518' title='bbox 797 4213 911 4266; x_wconf 81' lang='lat' dir='ltr'>duxerat</span> <span class='ocrx_word' id='word_1_519' title='bbox 925 4213 1165 4281; x_wconf 58' lang='lat' dir='ltr'>aunmffarcicua</span> <span class='ocrx_word' id='word_1_520' title='bbox 1181 4227 1270 4276; x_wconf 74' lang='lat' dir='ltr'>autern</span> 
     </span>
    </p>
   </div>
   <div class='ocr_carea' id='block_1_6' title="bbox 1243 39 1312 293">
    <p class='ocr_par' dir='ltr' id='par_1_7' title="bbox 1243 39 1312 293">
     <span class='ocr_line' id='line_1_55' title="bbox 1243 39 1312 293; baseline 0 0"><span class='ocrx_word' id='word_1_521' title='bbox 1243 260 1246 267; x_wconf 7' lang='grc' dir='ltr'>λ</span> <span class='ocrx_word' id='word_1_522' title='bbox 1306 39 1312 293; x_wconf 87' lang='lat' dir='ltr'>l</span> 
     </span>
    </p>
   </div>
   <div class='ocr_carea' id='block_1_7' title="bbox 0 0 1325 4626">
    <p class='ocr_par' dir='ltr' id='par_1_8' title="bbox 0 0 1325 4626">
     <span class='ocr_line' id='line_1_56' title="bbox 0 0 1325 4626; baseline 0 0"><span class='ocrx_word' id='word_1_523' title='bbox 0 0 1325 4626; x_wconf 95' lang='lat' dir='ltr'> </span> 
     </span>
    </p>
   </div>
  </div>
 </body>
</html>
