2640 4626
118 206 159 274 ΖΟ
362 204 644 257 TUSCULANARUM
660 204 941 256 ntseururtortuut

76 332 80 341 '
118 346 193 404 r'um
207 325 342 426 opinio:
367 320 462 394 multi
480 322 521 396 de
541 321 606 395 diis
627 350 728 422 prava
746 322 910 409 sentinut3
936 321 988 421 (id
1011 321 1101 394 enim
1119 320 1198 394 viti-

121 461 180 506 osu
197 455 290 501 more
305 423 392 499 effici
411 423 494 498 solet
503 433 527 520 3)
553 452 668 498 omnes
685 441 796 498 tamen
816 452 887 497 esse
904 422 971 497 vim
989 440 1021 496 et
1040 439 1196 497 naturam

121 532 267 609 divinam
284 527 503 602 arbitrantur:
529 556 590 601 uec
606 555 683 600 vero
701 525 922 600 idcellocutio
937 525 1124 612 hominum,
1141 543 1198 598 aut

122 659 304 711 consensus
321 629 441 718 effecit,
466 658 536 702 uon
552 629 835 729 institutisopiuio
853 645 901 702 est
912 627 1196 715 confirmata,uon

121 737 268 836 legibus:
296 732 387 806 omui
413 748 522 805 auteur
544 732 579 805 in
601 761 637 806 re
660 731 836 806 consensio
863 730 1011 804 onmium
1035 731 1196 829 gentium,

122 841 174 915 lex
196 855 332 912 naturae
355 835 503 935 putanda
527 851 592 910 est:
612 879 658 892 -
679 834 755 934 quis
775 851 824 908 est
838 834 957 931 igitur,
984 833 1040 932 qui
1057 861 1194 907 snorum

123 958 264 1018 mortem
283 938 428 1038 primum
451 965 519 1009 uon
542 967 581 1011 eo
607 936 735 1035 lugeat,
762 936 852 1036 quod
878 962 934 1010 eos
958 937 1094 1009 orbatos
1110 935 1196 1009 vitae

124 1042 309 1119 commodis
327 1039 526 1113 arbitretur?
550 1039 627 1113 tolle
641 1041 726 1112 banc
742 1039 952 1139 opinionem
978 1038 1103 1112 luctum
1120 1066 1194 1112 sus-

123 1146 247 1224 tuleris,
281 1171 379 1216 nemo
404 1141 491 1215 enim
512 1159 635 1216 maeret
653 1170 715 1215 suo
741 1140 971 1225 incommodo:
999 1140 1204 1214 dolentior..

124 1296 208 1348 buerit
221 1295 326 1345 deorum
340 1293 440 1364 opinio:
458 1291 513 1361 qai's
527 1303 582 1355 est,
598 1293 641 1361 qui
674 1312 734 1346 num
753 1293 890 1351 omnium.“
906 1320 941 1332 -
973 1293 1053 1344 Porro
1075 1291 1110 1343 ad
1122 1290 1197 1342 rerba

125 1381 226 1415 suornm
242 1372 350 1413 mortem
365 1362 538 1430 primumnou
552 1378 583 1411 eo
598 1361 642 1411 lu·
673 1362 738 1424 ista,
761 1378 825 1430 quae
849 1361 1056 1427 caementatur
1077 1358 1197 1429 interpo-

126 1441 199 1500 geat,
216 1429 286 1503 quod
302 1447 345 1480 eos
367 1431 470 1480 orbatos
488 1429 555 1479 vitae
570 1445 643 1478 com-
676 1431 726 1480 sita
742 1428 869 1491 diximus,
888 1427 957 1496 quod
972 1428 1079 1490 attinet,
1107 1445 1138 1479 ea
1154 1427 1196 1477 id-

125 1497 207 1550 modis
220 1495 393 1548 arbitreturi“
416 1496 597 1547 Adnotandum
606 1505 644 1547 ast
678 1497 746 1548 circo
763 1515 777 1547 a
792 1495 877 1546 Tullio
901 1494 1019 1546 videntur
1035 1495 1152 1558 inserta,
1169 1503 1197 1544 ut

126 1577 219 1628 nutem,
237 1563 379 1616 orationem
387 1560 588 1623 decretoribus
602 1581 645 1613 es·
679 1564 711 1615 ad
727 1565 762 1626 id,
780 1563 849 1632 quod
863 1563 939 1613 facile
952 1562 1074 1631 quispiam
1091 1572 1199 1614 conm-
1239 1594 1240 1602 κ

126 1650 154 1684 sc
175 1632 355 1684 continuatam.
389 1630 554 1696 Praegressae
580 1630 646 1680 enim
680 1631 865 1699 discrepasset,
883 1647 923 1680 res
942 1630 1057 1681 cuderet.
1084 1630 1197 1691 Scilicet,

126 1700 266 1770 particulae
290 1709 319 1748 ut
350 1698 504 1776 respondere
537 1697 647 1747 debebat
680 1714 734 1749 ease
750 1699 828 1759 deos,
853 1650 967 1748 omnibus
984 1714 1133 1766 persuasum
1151 1707 1198 1748 est.

126 1767 253 1836 particula
283 1764 435 1816 correlatrva
471 1767 519 1815 ita.
561 1764 645 1814 Omis-
679 1793 714 1831 5-
730 1770 765 1816 At
787 1765 868 1829 enim,
901 1765 1041 1834 quidest,
1076 1783 1124 1816 cur
1147 1780 1200 1815 nou

128 1852 182 1885 snm
210 1842 249 1883 est
278 1831 356 1895 iitur
377 1832 484 1882 alterum
513 1849 647 1902 compara·
680 1851 766 1884 omues
789 1832 903 1884 homiues
919 1833 1008 1884 eadem
1032 1842 1150 1884 statuant
1169 1830 1200 1881 de

128 1900 206 1953 tionis
227 1850 373 1950 membrum.
414 1898 522 1951 Omnino
552 1909 647 1951 tenen·
680 1899 728 1951 diis
743 1899 997 1967 eorumquenatura?
1011 1926 1046 1939 -
1063 1900 1131 1962 Quia
1144 1915 1199 1950 mos

129 1969 204 2031 dum,
229 1968 255 2017 iu
284 1976 398 2016 veterum
430 1966 646 2035 philosophorum,
680 1968 721 2019 vel
736 1964 827 2019 natuia
845 1968 973 2018 homiuum
982 1966 1074 2017 vitiosa
1088 1968 1131 2017 vel
1148 1966 1198 2016 im-

129 2047 157 2088 ut
172 2034 300 2093 Platonis,
324 2042 353 2083 ut
374 2031 519 2095 Ciceronis,
538 2033 646 2100 dialogis
679 2036 794 2104 perfecta
816 2046 863 2085 est.
899 2034 948 2098 Qui
982 2034 1025 2084 uid
1046 2033 1126 2100 igitur
1139 2050 1199 2084 sen-

129 2102 271 2154 orationem
297 2118 349 2152 non
374 2119 471 2169 semper
497 2101 529 2151 ad
551 2111 647 2153 rectam
681 2106 748 2153 tiuut
770 2102 884 2153 homiues
914 2052 1075 2152 decbeorum
1100 2111 1200 2160 namra,

130 2170 232 2221 dicendi
248 2173 361 2219 normam
382 2168 564 2219 conformatam
582 2186 643 2222 esse.
679 2171 743 2221 illud
758 2180 827 2222 certe
842 2187 929 2221 omnes
945 2169 1116 2231 arbitrantur,
1144 2185 1202 2219 ease

130 2237 197 2289 Hinc
212 2253 286 2303 saepe
301 2235 396 2286 iactum
418 2246 473 2297 est,
498 2246 528 2287 ut
546 2237 646 2288 oratio·
681 2239 760 2289 dees:
777 2255 858 2357 neqpe
872 2254 933 2287 vero
948 2237 1011 2288 haec
1028 2237 1060 2286 de
1075 2236 1126 2287 diis
1140 2253 1202 2304 per·

52 2336 55 2341 -
130 2305 169 2355 uis
183 2303 405 2354 teuorinteriectis
417 2319 482 2371 quac
495 2303 527 2354 ad
542 2303 647 2356 alicuius
680 2305 764 2357 suasio
788 2322 818 2356 co
840 2305 977 2372 uquutioue
1001 2303 1132 2362 hominum
1159 2313 1203 2354 aut

130 2371 168 2424 rei
193 2368 345 2420 inservirent
368 2369 565 2423 illustrationem
586 2389 647 2421 sen·
681 2390 804 2424 consensu
825 2372 950 2434 eflicitur,
976 2388 1058 2439 neque
1079 2370 1203 2423 institutis

131 2439 218 2489 tentiis
234 2439 354 2487 interram
367 2438 473 2497 eretur,
499 2440 648 2490 et'alteruru
682 2450 708 2491 et
717 2440 813 2507 legibus
827 2440 1008 2499 confirmaturi
1025 2439 1124 2491 sedita
1140 2457 1201 2490 seu-

131 2505 272 2556 sententiae
287 2457 424 2555 membrum
438 2505 648 2574 velplaneomit-
680 2508 771 2569 timus,
796 2517 885 2557 natura
902 2507 983 2570 duce,
1010 2505 1081 2557 nulla
1102 2507 1203 2559 ratione

130 2583 244 2634 teretur,
265 2572 310 2627 ,vel
329 2573 379 2623 aliu
396 2582 472 2641 atque
493 2590 539 2634 ea,
573 2588 648 2641 quam
682 2575 802 2640 nullique
821 2574 947 2625 doctrini.

131 2640 280 2709 postulabat
295 2640 478 2691 enunciationis
490 2640 648 2709 principium,
734 2644 763 2692 id
777 2642 859 2697 enim)
874 2642 983 2720 Supple:
1002 2659 1036 2692 ne
1051 2659 1085 2691 ue
1105 2641 1137 2692 id
1152 2643 1204 2692 mi-

133 2708 266 2757 verborum
282 2708 480 2776 consequutioue
498 2707 650 2758 terminare-
683 2710 814 2765 randum
831 2709 858 2759 id
872 2727 939 2759 emm
954 2719 1004 2760 etc.
1047 2709 1202 2760 .A‹lnotata

132 2786 181 2825 tur.
218 2774 293 2837 Quod
307 2775 407 2843 quidem
424 2775 591 2849 negligentius
607 2772 650 2822 di··
683 2777 710 2829 in
725 2782 757 2837 6,
780 2783 820 2835 11.
845 2805 879 2816 -
911 2778 975 2828 Mox
995 2794 1141 2828 remensus
1168 2786 1206 2827 est

134 2840 208 2905 cendi
224 2859 302 2911 genus
319 2860 379 2893 cave
401 2851 475 2912 p'utes
491 2860 523 2892 ex
537 2841 650 2908 scripto·
684 2845 825 2906 sententia,
850 2844 883 2895 de
906 2861 956 2912 qua
984 2855 1142 2896 conventum
1167 2855 1205 2896 est

133 2926 188 2971 rum
204 2908 338 2960 oscitantia
351 2920 377 2961 et
391 2909 560 2976 incogitantia
568 2918 651 2961 ortum
683 2906 750 2963 iuter
766 2911 895 2973 homines,
922 2912 1074 2974 conventio,
1092 2922 1205 2980 pactum,

134 2992 201 3026 esse:
219 2976 295 3028 immo
310 2995 370 3029 varo
381 2977 492 3028 dubitari
506 2976 548 3025 rix
556 2985 650 3046 potest,
684 2980 820 3046 συνθήκη.
855 2979 936 3030 Aliam
958 2978 1036 3046 igitur
1058 2979 1085 3030 h.
1112 2980 1132 3031 l.
1156 2980 1206 3031 vim

134 3043 195 3122 quin
210 3045 300 3094 summi
308 3045 347 3095 illi
361 3040 498 3112 scriptores
514 3042 652 3109 hancneg-
685 3046 762 3098 habet
779 3058 855 3115 atque
871 3047 937 3096 infru
955 3065 978 3098 c.
995 3053 1042 3107 15,
1061 3051 1104 3105 35.
1148 3087 1150 3091 ,

134 3111 264 3178 ligentiam
297 3121 353 3163 arte
382 3110 490 3178 quadam
512 3129 541 3161 ac
566 3110 653 3161 dedita
735 3117 795 3184 quis
819 3127 860 3165 esc
890 3116 989 3185 igitur)
1017 3114 1207 3166 Sententiarum

137 3196 152 3228 o
172 3196 213 3228 era
227 3179 405 3248 quaesiverint,
424 3194 455 3229 eo
471 3178 572 3245 quidem
587 3196 653 3229 con·
686 3200 764 3233 nexus
786 3193 825 3232 cst
849 3181 903 3232 hic:
928 3182 1047 3233 Omnibus
1061 3177 1208 3233 homiuibus

134 3244 154 3294 ε’
167 3245 207 3306 ’0,
240 3258 269 3297 ut
291 3245 451 3313 dialogorum
475 3244 598 3296 rationem
621 3244 653 3294 ad
686 3251 718 3301 de
733 3250 875 3300 animumne
890 3249 1082 3301 immortalitate
1099 3267 1208 3317 persua-

135 3330 278 3364 sermouum
294 3310 382 3383 quola·
395 3311 570 3380 colloquentes
588 3313 654 3363 inter
686 3336 740 3369 sum
763 3327 809 3367 est.
843 3317 874 3367 Id
889 3327 995 3396 apparet
1011 3334 1042 3367 ex
1065 3334 1114 3378 eo,
1138 3315 1208 3396 quud

134 3398 161 3430 se
175 3389 298 3449 spargunt
309 3378 419 3433 lunam
434 3390 461 3428 et
476 3398 558 3430 veram
575 3390 653 3430 natu·
686 3386 713 3436 in
729 3385 843 3435 omuibus
858 3385 973 3452 gentibus
982 3402 1057 3435 nemo
1071 3394 1208 3453 reperitur,

135 3465 187 3496 ram
211 3448 345 3514 fingerent.
394 3446 445 3497 Sed
468 3448 597 3498 redeamus
620 3446 653 3498 ad
687 3452 730 3520 qui
745 3470 847 3503 suorum
862 3463 969 3503 mortem
987 3469 1039 3502 uon
1052 3469 1094 3502 eo
1112 3454 1207 3518 lugeat,

134 3514 201 3565 rem!
216 3545 249 3555 -
282 3512 363 3564 Huius
376 3514 459 3580 igitur.
475 3515 528 3566 loci
544 3515 653 3566 intrica-
687 3520 756 3587 quod
780 3537 824 3570 eos
850 3520 954 3570 orbatos
973 3519 1042 3570 vitae
1067 3518 1208 3570 commodis

135 3581 207 3631 tiuris
216 3580 342 3632 sententia
351 3579 401 3632 hoc
410 3583 486 3634 modo
497 3583 653 3652 expedienda
686 3587 833 3638 arbitretur.
869 3585 981 3638 Credrlnt
992 3587 1072 3654 igitur
1080 3586 1206 3646 homines,

135 3648 198 3700 crit:
234 3648 470 3709 „Quemadmodum
487 3650 653 3702 firmissimum
686 3655 832 3704 amissorum
848 3654 915 3704 vitae
936 3653 1128 3706 commodorum
1147 3671 1208 3704 sen-

135 3716 185 3766 hoc
196 3714 279 3765 ail'erri
288 3715 396 3778 videtur,
407 3735 452 3767 cur
460 3717 522 3769 deos
531 3737 585 3769 esse
594 3737 652 3769 cre·
686 3722 791 3772 eumad
812 3722 946 3773 defunctus
964 3721 1107 3791 pertinere,
1133 3731 1209 3790 atque

135 3784 232 3841 damus,
251 3783 321 3848 quod
336 3801 423 3834 omnes
430 3796 517 3852 gentes
531 3786 583 3837 vim
599 3804 653 3837 esse
687 3789 751 3840 adeo
761 3789 1039 3857 unimuspostmortem
1049 3804 1208 3857 permanere.

136 3861 162 3900 et
176 3859 293 3900 naturam
305 3850 415 3903 divinam
430 3853 598 3904 arbitrantur:
616 3855 654 3904 ita
688 3859 759 3919 Quae
782 3856 867 3924 upiuio
887 3857 935 3908 nisi
957 3856 984 3906 in
999 3856 1133 3908 homiuum
1152 3855 1209 3908 ani-

136 3916 654 3974 uuimorumimmortalitatemeademra-
687 3924 735 3976 mis
750 3923 883 3987 haereret,
909 3925 943 3975 ob
966 3924 1103 3975 defunctos
1125 3923 1209 3975 maxi·

136 3985 207 4034 tione
234 4002 264 4033 ex
288 3987 397 4039 omnium
413 3989 526 4056 gentium
543 4006 654 4039 consen·
687 4010 755 4043 mum
769 3992 841 4043 illum
857 3993 953 4047 luctum
969 4009 1021 4042 nou
1040 3993 1207 4062 susciperent.

136 4050 207 4128 sione
231 4053 339 4120 probare
362 4062 521 4122 possumus.“
564 4059 597 4107 Et
618 4057 655 4107 sic
735 4062 851 4129 primum
874 4078 927 4112 nen
950 4077 982 4116 eo,
1003 4061 1109 4131 lugeat)
1134 4061 1168 4109 H.
1187 4075 1208 4108 e.

136 4118 202 4168 inira
219 4137 241 4170 c.
258 4126 297 4184 16,
313 4127 356 4181 36.
392 4125 506 4183 „Serlut
521 4123 583 4174 deos
599 4141 655 4176 esse
689 4137 749 4179 ante
763 4128 855 4189 omniu,
873 4127 927 4178 vel:
944 4137 1068 4179 utcetera
1082 4127 1208 4179 omittam.

135 4195 224 4266 natura
241 4190 388 4257 opinamur3
405 4189 493 4240 -sic
508 4208 656 4259 permanere
740 4196 991 4261 maeret-dolent)
1017 4196 1051 4248 ad
1060 4195 1140 4246 Attio.
1151 4194 1209 4250 xn,

136 4271 231 4305 animos
248 4257 399 4308 arbitramur
421 4275 544 4309 consensu
569 4259 656 4311 natio·
677 4267 735 4321 028.
753 4281 898 4314 maerorem
914 4263 1009 4327 minui,
1033 4263 1151 4314 dolorem
1165 4278 1208 4311 nec
