2640 4626
200 215 263 284 378
565 223 675 274 rnnax
693 223 899 275 nrs‘ronrcus.
972 190 998 250 J

234 353 286 394 tem
303 360 368 409 equo
381 341 499 392 decussus
514 350 541 390 et
560 341 587 390 in
605 358 721 408 campum
789 345 829 399 15.
847 361 873 409 p.
893 345 942 401 715
966 341 1005 393 ed.
1028 343 1136 393 Casaub.
1160 342 1196 393 cl'.
1222 343 1275 396 vat

234 412 326 461 Aleion
334 410 447 460 deiectus
456 419 502 469 est,
518 408 561 457 ubi
568 408 637 458 solus
646 425 720 457 moe-

787 410 855 458 Max.
872 414 896 472 1.
913 415 939 469 8.
960 421 1010 460 ext·
1030 415 1145 472 10.-2.
1164 417 1209 468 52·

233 497 291 529 rens
313 479 421 530 errabat.
451 478 516 526 Rem
533 487 621 526 narrat
638 476 720 526 Glau-
753 477 895 527 Calatinus
918 479 953 530 A.
985 479 1104 529 Artibus.
1132 478 1232 529 Consul
1247 482 1275 529 A.

235 565 278 597 cus
294 546 361 615 apud
378 547 515 594 Homerum
531 544 562 593 ll.
580 549 612 607 6,
630 549 721 602 155-
787 545 818 594 V.
833 546 883 602 491
897 555 923 595 et
940 548 998 603 498.
1022 552 1120 609 1,110.

200 621 291 734 aiiii·
301 618 425 760 {oqihissstdd
436 677 610 729 celeberrimus
623 695 638 728 e
654 681 719 746 Scy-

233 750 288 801 thia
305 749 432 801 onundus.
459 748 533 797 Plura
549 757 623 796 acute
639 747 671 796 ab
688 763 719 796 eo

233 818 302 868 dicta
317 817 396 866 refert
411 815 536 881 Diogenes
552 814 676 864 Laertius.
686 843 718 852 —

231 891 256 947 3,
272 891 313 944 62.

753 612 941 662 Callimachus.
965 614 1061 675 Poeta,
1078 613 1234 676 historicus,
1250 614 1275 664 in

785 679 872 748 primis
879 681 1056 746 grammaticus
1063 699 1077 730 e
1084 681 1184 760 Cyrene
1193 681 1276 731 oriun-

786 747 1274 894 nannenusrr:

786 883 807 931 E
820 893 920 950 scriptis
930 884 1062 950 permultis
1079 893 1218 950 supersunt
1225 883 1274 934 ho-

199 958 300 1005 Brutus
321 956 351 1002 Ι..
383 950 481 1002 Cecidit
505 948 532 998 in
553 967 638 1017 pugna
662 966 718 999 cum
787 948 828 999 dle
850 951 944 1037 liymni
967 961 993 1001 et
1017 950 1216 1019 Epigrammata.
1250 956 1273 1015 1,

232 1025 328 1071 Arunte
368 1019 420 1068 filio
450 1015 582 1096 Tarquinii
613 1017 720 1084 Superbi
821 1087 824 1094 Ι
992 1085 998 1097 .

233 1106 308 1155 quern
323 1087 463 1154 expulerat.
486 1087 542 1136 Lrv.
558 1091 589 1150 2,
605 1089 630 1142 6.
646 1111 680 1124 -
693 1088 718 1147 1,
752 1085 939 1135 Callisthenes.
952 1085 1055 1136 Plnloso

233 1161 274 1214 119·
292 1159 317 1218 4,
334 1162 359 1213 2·
377 1162 418 1213 50·

199 1227 300 1274 Brutus
317 1225 356 1272 M.
371 1225 430 1271 Iun.
462 1223 485 1269 ls
510 1219 543 1269 ad
563 1235 637 1285 qoem
659 1218 719 1268 libri

232 1293 296 1343 T-D.
312 1289 402 1357 scripti
414 1299 486 1346 sunt3
503 1297 557 1336 erat
574 1286 639 1336 iilius
656 1289 717 1336 Ser-

232 1358 324 1418 viliae,
343 1356 437 1406 sororis
459 1354 561 1405 Catonis
580 1353 715 1404 Uticensis.

232 1424 413 1492 Philosophiae
425 1423 553 1472 studiosus
568 1431 594 1470 et
613 1421 668 1490 ipse
685 1421 718 1470 de

230 1491 393 1561 philosophia
416 1490 494 1540 latine
518 1489 619 1556 scripsit
644 1507 665 1538 e.
692 1507 717 1566 g.

232 1561 265 1610 de
280 1560 451 1620 virtute5,1.
467 1559 499 1608 de
512 1557 568 1606 Fin.
586 1561 608 1617 1,
621 1561 646 1613 3.
672 1557 717 1606 Cr-

232 1645 292 1680 cero
324 1625 478 1676 mentionem
507 1623 570 1674 facit
594 1625 717 1692 epitomes

232 1712 334 1763 quoque
347 1693 379 1743 ab
392 1710 423 1743 eo
439 1694 572 1744 confectae
587 1708 617 1740 ex
624 1691 716 1745 Histo-

230 1763 270 1813 ria
285 1760 402 1812 ah'annio
417 1760 514 1828 scripta
526 1759 618 1809 adAtt.
633 1764 674 1820 12,
690 1766 714 1816 5.

232 1828 380 1880 Plutarchus
394 1828 420 1877 in
428 1827 480 1877 eius
488 1827 540 1876 vita
548 1836 641 1885 narrat,
661 1844 717 1876 eum

229 1895 346 1966 proxime
362 1905 421 1945 ante
448 1912 540 1960 agnam
551 1893 717 1961 pharsalicam

232 1981 337 2033 vespere
349 1963 376 2012 in
390 1913 491 2030 Pohbii
506 1960 612 2012 historia
626 1979 717 2011 excer-

231 2032 316 2099 penda
333 2042 484 2096 occupatum
504 2028 590 2080 fuisse.
623 2029 717 2079 Notis-

231 2101 307 2151 simus
334 2108 373 2148 cst
388 2098 421 2148 ob
437 2099 540 2148 caedem
558 2115 614 2147 eum
631 2096 717 2146 Cassio

231 2167 258 2217 in
276 2168 407 2216 Caesarem
425 2167 591 2216 commissam.
610 2169 674 2226 1,1.
692 2172 717 2226 5,

233 2240 256 2293 1·
273 2237 299 2292 4·
319 2237 361 2290 21·
379 2235 420 2290 34·
439 2239 497 2292 121·
599 2254 602 2258 ’

443 2457 471 2502 C.

199 2575 321 2624 Cadmus.
346 2571 468 2638 Agenoris
485 2570 549 2638 regis
563 2570 718 2621 Phoenicum

233 2642 314 2701 iilius,
341 2642 456 2706 Europae
478 2640 572 2699 frater,
600 2638 718 2689 conditor

232 2709 392 2767 Thebarum3
417 2706 469 2757 eius
486 2706 552 2756 hliae
569 2716 642 2755 erant
662 2709 717 2767 luo,

231 2783 335 2835 Auavc,
353 2780 480 2831 Autonoe,
498 2774 594 2823 Semele
610 2783 636 2824 et
651 2774 717 2822 iilius

837 1150 839 1154 ὗ
1074 1085 1273 1165 husOlpnthios,

785 1152 931 1204 Alexandro
947 1154 1017 1202 Μ.1“’
1053 1105 1131 1204 iliaris
1147 1155 1272 1203 eiusdem-

786 1237 835 1287 que
850 1221 896 1270 sub
913 1171 1053 1270 Aristotdui
1072 1221 1269 1290 condiscipulus,

786 1304 860 1354 quem
874 1288 919 1337 ille
931 1288 961 1336 in
978 1288 1063 1338 Asiam
1079 1289 1228 1351 arcessivit,
1245 1298 1271 1336 ut

784 1372 825 1404 res
840 1374 898 1405 suas
912 1354 1048 1405 memoriae
1056 1356 1192 1434 proderet
1211 1355 1270 1405 Huic

784 1423 873 1472 nocuit
886 1422 1022 1473 immodica
1044 1423 1170 1487 bbertas,
1188 1422 1270 1491 grati-

784 1499 874 1557 tasque
902 1491 983 1540 invisa
1007 1491 1079 1557 regi,
1104 1509 1185 1559 quum
1207 1489 1268 1541 haud

802 1574 909 1623 usquam
926 1559 1107 1609 assentantium
1125 1575 1268 1610 accommo-

784 1573 859 1673 datus
876 1625 978 1692 ingenio
1000 1635 1075 1676 esset.
1110 1627 1181 1676 Nam
1198 1642 1266 1694 quum

783 1691 926 1756 Alexander
941 1694 1069 1744 ePersico
1094 1693 1167 1745 bello
1185 1711 1266 1761 super-

783 1759 841 1808 biae
864 1762 949 1827 regiae
972 1778 1042 1811 more
1059 1761 1165 1811 adorari
1187 1761 1265 1820 vellet,

784 1828 919 1878 acerrimus
946 1830 1014 1879 inter
1039 1839 1190 1880 recusantes
1212 1828 1265 1876 cat-

783 1894 904 1946 listhenes
935 1895 998 1959 fuit,
1031 1896 1117 1963 palam
1143 1896 1265 1955 dictitans,

784 1962 954 2013 Alexandrum
971 1981 1022 2013 uon
1046 1964 1208 2015 adorandum
1229 1982 1265 2012 es-

784 2047 826 2089 se3
843 2048 961 2098 quaeres
978 2031 1050 2081 etilli
1067 2042 1093 2081 et
1103 2032 1191 2082 multis
1200 2031 1265 2099 prin-

786 2097 881 2164 cipibus
906 2099 1076 2148 Macedonum
1103 2100 1184 2150 exitio
1214 2099 1265 2148 fuit.

784 2166 808 2213 N
811 2183 850 2214 arn
861 2166 933 2216 illum
942 2166 1085 2216 Alexander
1091 2178 1202 2236 propter
1207 2166 1264 2216 ado·

784 2232 892 2283 rationis
931 2234 1046 2297 Persiqae
1079 2234 1265 2302 interpellatum

784 2317 880 2349 morem
888 2300 1071 2352 coniurationis
1079 2302 1265 2352 conscinmesse

784 2367 930 2418 criminatus
945 2371 1069 2418 truncatis
1089 2370 1210 2420 membris
1224 2371 1265 2419 ab·

784 2435 918 2502 scissisque
933 2436 1033 2486 auribus
1050 2453 1080 2486 ac
1102 2455 1167 2488 naso
1183 2438 1264 2488 labiis-

785 2520 834 2569 que
849 2502 1018 2554 delormatum
1034 2521 1090 2554 curn
1107 2523 1171 2556 cane
1187 2506 1213 2555 in
1227 2524 1264 2555 cs-

784 2587 856 2619 veum
881 2571 993 2621 cluusum
1017 2571 1176 2622 circumferri
1201 2573 1265 2623 iussit

784 2637 876 2704 diuque
903 2647 1001 2688 tortum
1031 2639 1137 2690 tandem
1164 2641 1265 2692 necarit.

784 2705 836 2755 vid.
850 2706 951 2766 Curtss,
965 2708 1063 2768 8.-3,
1077 2712 1122 2766 21.
1136 2715 1162 2772 5,
1180 2715 1222 2768 25.
1237 2708 1264 2758 ci.

784 2771 986 2839 Theophrastus.

230 2829 381 2911 Phlydoras.
419 2840 525 2908 Reliqua
548 2840 604 2890 vide
627 2842 673 2890 sub
692 2857 714 2889 v.
750 2841 879 2891 Caruilius
895 2842 935 2889 M.
956 2841 1064 2890 Furius.
1099 2844 1266 2895 Romanorum

230 2915 286 2962 loo.
311 2916 343 2975 1,
363 2914 405 2968 28.

197 2980 378 3030 Caecilianum
397 2976 474 3026 illud.
510 2978 594 3026 Locus
612 2985 717 3043 epoeta

232 3047 330 3098 comico
348 3045 459 3094 Caecilio
475 3044 572 3104 Statio,
592 3043 634 3110 qui
649 3053 717 3093 tem-

230 3131 294 3182 pore
310 3111 384 3162 Ennii
400 3111 509 3160 vivebat.
538 3115 572 3172 3,
591 3115 631 3167 56.

198 3183 295 3250 Caepio
316 3184 345 3242 Q.
378 3180 521 3238 Romanus,
539 3179 581 3245 qni
596 3179 629 3226 ob
647 3177 716 3228 dire-

230 3249 344 3319 ptionem
352 3247 505 3297 Tolosanam
520 3261 718 3297 nnucamexer-

194 3314 196 3318 ’
230 3317 281 3368 citu
290 3316 380 3364 misere
388 3313 472 3382 periit.
491 3313 574 3363 Strab.
584 3313 609 3369 1.
617 3331 643 3380 p.
657 3318 713 3371 188.

112 3426 115 3431 ,
230 3385 270 3434 ed.
286 3382 390 3433 Casaub.
414 3389 439 3443 5,
461 3385 497 3439 13.
603 3402 616 3428 ·.

197 3458 297 3503 Caesar
321 3454 351 3501 L.
385 3449 469 3514 isqui
494 3466 550 3498 cum
573 3449 601 3499 P.
618 3447 716 3499 Rutilio

229 3525 280 3579 663
293 3522 323 3569 A.
339 3520 371 3569 V.
396 3516 490 3566 Consul
507 3516 555 3565 fuit
578 3524 604 3565 et
622 3515 716 3567 Cinnae

229 3588 298 3637 iussu
315 3584 522 3636 interficiebatur.
548 3591 572 3646 5,
591 3590 634 3641 55.

783 2925 843 2958 suae
869 2907 959 2957 aetatis
990 2908 1151 2961 clarissimus.
1197 2913 1267 2963 Veios

783 2993 829 3043 per
843 2974 992 3025 decennium
1005 2976 1122 3028 obsessos
1134 2997 1188 3095 per
1201 2980 1268 3030 cuni-

785 3042 855 3093 culos
877 3042 954 3110 cepit.
1001 3045 1058 3094 Nec
1089 3057 1175 3096 muto
1208 3057 1267 3114 post,

784 3126 860 3177 quum
884 3110 981 3160 crimini
1003 3111 1041 3161 illi
1066 3111 1188 3176 daretur,
1206 3113 1267 3183 quod

784 3176 847 3226 albis
863 3177 933 3245 equis
948 3179 1183 3246 triumphasset‚.et
1199 3200 1267 3249 prae-

784 3244 843 3294 dam
865 3245 950 3312 inique
969 3245 1113 3308 divisisset,
1138 3249 1184 3299 die
1207 3250 1267 3299 dicta

784 3313 917 3362 damnatus
925 3313 1032 3363 Ardeam
1041 3317 1178 3366 concessit.
1192 3320 1266 3380 Quum

784 3397 844 3430 vero
853 3380 921 3429 Galli
930 3382 1038 3430 Romam
1048 3384 1187 3450 cepissent,
1206 3384 1266 3435 obli-

784 3457 824 3496 tus
842 3457 881 3497 est
893 3447 1038 3497 iniuriarum
1048 3458 1075 3499 et
1092 3450 1125 3500 de
1134 3453 1214 3502 exibo
1229 3469 1266 3501 re-

783 3531 868 3565 versus
877 3513 974 3565 Urbem
990 3516 1094 3581 aGallis
1111 3529 1216 3586 captam
1230 3537 1266 3568 re-

783 3581 875 3631 stitnit.
900 3583 968 3632 Flor.
986 3587 1009 3645 1,
1027 3591 1141 3647 13.-1,
1159 3592 1204 3646 90.

197 3656 322 3704 Calanae.
357 3656 429 3702 Unus
446 3651 716 3718 Gymnosophistarum
749 3649 833 3701 Carbo
846 3653 874 3699 0.
909 3650 1130 3716 eloquentissimus
1151 3653 1267 3722 temporis

231 3722 359 3781 Indorum,
377 3736 433 3769 curn
447 3736 497 3785 quo
506 3719 648 3768 Alexander
657 3730 717 3785 post
782 3717 835 3777 sui,
866 3717 991 3784 Lepidum
1024 3722 1141 3772 studiose
1176 3722 1266 3773 audivit

231 3789 324 3839 victum
336 3786 436 3837 Darium
445 3786 630 3853 etitabylonem
637 3787 715 3836 suba-

782 3788 854 3834 Brut.
878 3789 993 3847 27.-1,
1010 3793 1036 3844 5.

232 3867 300 3906 ctam
318 3871 437 3904 summam
451 3853 647 3904 familiaritatem
663 3854 717 3904 ini-
750 3851 912 3905 Carneades.
938 3853 1090 3920 Cyrenaeus,
1105 3874 1191 3908 novae
1204 3862 1265 3909 Aca-

231 3924 282 3974 bat.
327 3922 377 3984 Qui
404 3939 479 3987 quum
502 3938 568 3971 anno
595 3926 629 3979 73
648 3923 717 3974 vitae

783 3920 881 3970 demae
898 3929 995 3971 auctor.
1031 3924 1163 3976 Acerrime
1186 3937 1266 3977 contra

231 4009 291 4043 suae
306 3998 470 4054 aegrotaret,
495 4005 558 4054 rogo
574 3998 674 4040 structo
690 3998 718 4041 et
784 3987 893 4040 Zenonis
915 3987 1106 4058 philosophiam
1125 3993 1266 4062 disputabat

232 4075 310 4108 aurea
336 4055 431 4107 lectica
463 4056 657 4125 superimposita
689 4062 731 4107 se'
784 4072 888 4123 eamque
898 4056 1030 4108 confutare
1038 4059 1170 4112 studebat.
1188 4068 1214 4122 3,
1229 4063 1265 4117 51.

231 4126 312 4193 ipsum
336 4122 481 4175 combussit.
517 4125 554 4172 De
571 4127 717 4190 Gymnoso-

232 4193 324 4261 phistis
351 4201 427 4257 atque
445 4190 538 4240 Caleno
565 4191 616 4241 vid.
635 4193 718 4242 strab.

784 4128 1265 4191 massmanno

785 4197 828 4252 ss.
854 4195 987 4278 107-12o
