2640 4626
197 193 261 269 194
359 203 940 281 ruscurssssurrmsrursr1orum
957 203 1054 255 Lmen
1072 207 1104 256 11.

198 325 396 400 diximus³t
422 327 482 396 et⁴
505 322 568 394 tibi
597 323 660 395 hoc
681 322 778 395 video
801 349 870 393 non
889 347 990 421 posse
1008 321 1132 397 deberi.
1160 329 1201 396 A.
1228 325 1276 399 Ita

199 455 347 531 prorsus.
374 441 405 499 et
423 425 505 498 illud
521 425 656 524 quidem
671 441 746 498 ante
760 423 952 511 meridien1;
979 424 1041 497 hoc
1057 425 1176 500 eodem
1193 443 1275 502 tem-

199 559 290 633 pore.
341 532 389 603 M.
414 528 472 603 Sic
494 527 674 616 faciemus,
699 527 831 626 tuisque
855 525 992 626 optimis
1019 526 1143 602 studiis
1176 531 1274 604 obse-

199 656 348 733 quemur.

267 839 285 893 3
302 833 344 885 Sic
358 834 387 884 P.
405 844 433 884 et
447 835 478 884 Ι).
497 831 618 911 eplurib·
637 831 719 882 ende
737 860 769 870 -
787 830 838 882 Alii
854 832 985 884 duximus.
1004 835 1047 885 Or.
1064 851 1088 886 c.
1105 833 1193 886 codd.
1215 835 1272 902 aliq.

200 903 286 953 BSEC.
312 900 380 952 Lall.
398 903 459 951 Em.
478 900 606 961 dicemus,
624 899 767 967 explicans:
784 900 825 950 eie
845 901 916 951 enim
930 899 1029 970 facere
1050 902 1175 952 solemur.
1194 905 1230 954 At
1250 921 1272 954 v.

200 971 265 1021 edu.
299 969 375 1027 4Sic
391 971 450 1019 Ern.
468 988 490 1019 c.
508 967 643 1029 'l'urnebo,
662 967 742 1018 Gebh.
760 966 828 1018 Lall.
846 998 878 1007 ...
897 972 938 1018 Or.
958 969 1045 1020 redux.
1063 969 1134 1035 vulg.
1153 970 1205 1020 eed
1218 970 1272 1021 ribi.

198 1104 399 1167 persequemur,
425 1085 494 1155 quod
515 1086 645 1154 reliquum
669 1096 717 1145 est,
751 1084 829 1135 verba
867 1086 908 1135 sic
941 1087 1012 1137 enim
1042 1087 1162 1138 diximus
1191 1088 1273 1157 respi-

200 1172 278 1207 unmo
293 1152 463 1222 supplendum
478 1164 533 1204 erat
548 1153 719 1203 declamandi
753 1153 833 1204 ciunt.

201 1223 417 1273 exercitationem
441 1223 623 1272 instituemus:
650 1220 718 1288 quod
802 1237 855 1270 non
889 1238 947 1271 oese
966 1221 1072 1290 deberi)
1099 1225 1134 1275 H.
1151 1241 1175 1274 e.
1196 1223 1274 1274 intel·

200 1289 398 1340 luculentissime
411 1300 518 1357 apparet
530 1307 544 1340 e
556 1288 639 1339 verbis
653 1305 718 1356 pro-
751 1287 813 1353 ligo,
832 1239 944 1339 delitum
957 1306 1039 1340 meum
1051 1290 1095 1357 (sc.
1112 1290 1273 1343 declamandi

196 1358 268 1419 ¹xime
285 1375 311 1407 se
330 1357 462 1408 uentibus:
481 1369 507 1408 ee
525 1357 595 1408 illud
613 1355 719 1425 quidem
752 1355 909 1418 exercitium,
927 1357 997 1424 quod
1006 1357 1055 1408 tibi
1067 1358 1202 1426 pollicitus
1212 1361 1273 1424 sum)

177 1428 255 1491 ¹(sc.
279 1375 439 1475 dellamandi
463 1425 629 1488 exercitium)
657 1436 720 1474 ante
753 1441 768 1473 a
790 1441 830 1474 rue
855 1423 901 1473 tibi
924 1426 1005 1492 primo
1029 1443 1079 1493 quo
1099 1444 1132 1476 ue
1160 1436 1273 1495 tempore

201 1493 338 1543 meridiem
345 1510 355 1550 ,·
371 1492 421 1542 lroc
435 1493 485 1557 (sc.
503 1490 643 1559 disputatio
658 1491 720 1558 phi·
754 1491 903 1541 solvendum
935 1509 997 1542 esse.
1043 1443 1140 1544 liniens
1174 1494 1274 1544 dicendi

200 1559 348 1627 losophica)
364 1560 454 1609 eodem
469 1572 599 1640 tempore,
617 1576 718 1625 ecquo
754 1558 864 1609 formula
885 1559 981 1625 legitur
1002 1559 1035 1610 de
1051 1561 1132 1627 Legg.
1149 1563 1184 1612 11.
1202 1568 1235 1625 3,
1252 1567 1272 1621 7.

199 1627 293 1686 hodie,
319 1626 345 1675 h.
365 1643 387 1676 e.
404 1627 587 1693 pomeridiano.
623 1626 719 1676 Claris-
753 1625 795 1676 ubi
814 1643 838 1675 v.
861 1628 949 1695 interp
969 1663 975 1677 .
997 1644 1037 1696 ap.
1059 1627 1099 1677 Cr.
1125 1635 1231 1697 p.173.
1252 1641 1274 1681 et

200 1694 263 1744 sima
284 1693 343 1743 huic
367 1693 428 1744 loco
453 1693 497 1743 lux
522 1693 661 1754 effunditur
687 1710 718 1743 ex
752 1693 796 1743 lll.
815 1697 859 1752 11,
876 1697 929 1761 26„
950 1645 988 1745 li.
1004 1694 1124 1746 Schuetz.
1140 1697 1207 1746 Lex.
1225 1698 1272 1749 cic.

200 1780 222 1812 e.
245 1765 281 1823 3,
305 1764 330 1817 9.
367 1761 400 1811 ed
427 1778 501 1828 quem
528 1762 612 1812 locum
641 1759 718 1812 etiem
752 1778 772 1810 s.
789 1777 812 1811 r.
834 1760 936 1811 debere.
