2640 4626
529 200 658 252 nrann
675 204 781 263 ivon.
1129 198 1196 269 295
1254 185 1257 189 ’

117 326 238 398 tiamve
254 335 426 408 moveant,
451 337 562 393 tamen
577 320 621 391 sit
644 320 762 393 vitiosa
784 321 859 421 ipsa
883 326 1070 398 commotio.
1109 355 1203 401 con.
1285 386 1287 395 ,

118 441 260 500 stantem
276 423 363 495 enim
388 422 552 521 quendam
569 421 731 510 volumus,
757 424 926 514 sedatum,
952 454 1101 524 gravem,
1127 430 1188 502 bu-

117 555 216 601 mana
233 525 344 598 omnia
358 539 560 625 prementem
576 529 606 610 ³,
622 524 713 597 ilium
730 553 811 615 esse,
827 555 923 627 quem
941 533 1186 627 magnanimum

120 629 287 706 etforcem
303 629 410 700 virum
433 625 583 699 dicimus.
617 627 691 699 talis
715 643 822 701 antem
848 658 910 703 nec
935 660 1101 722 maerens,
1126 663 1187 708 nec

118 734 261 829 timens,
286 759 348 804 nec
364 729 519 830 cupiens,
544 757 605 801 nec
623 729 767 825 gestiens
787 759 857 805 esse
873 733 1046 833 qnisquam
1070 752 1187 835 potest.

118 864 234 912 eorum
252 834 340 906 enim
355 833 435 906 baec
456 847 549 919 sunt,
575 831 633 929 qui
656 849 790 913 eventus
811 833 976 908 humanos
1000 837 1197 937 superiores

117 946 219 1042 quam
236 965 314 1009 suos
329 935 457 1008 animos
473 960 544 1007 esse
559 932 692 1006 ducunt.
986 1021 989 1023 ,

219 1041 347 1113 ΧΧΙΧ.
410 1047 467 1117 62.
503 1035 616 1132 Quare
645 1036 792 1110 omnium
820 1038 1116 1138 pbilosophorum,
1151 1058 1189 1135 nt

120 1160 195 1218 ante
213 1141 299 1229 dixi,
325 1168 392 1212 nna
411 1138 496 1211 ratio
516 1153 566 1212 cst
578 1138 754 1227 medendi,
778 1157 814 1211 nt
831 1140 935 1229 nibil,
962 1141 1057 1240 quale
1083 1143 1126 1215 sit
1149 1142 1188 1216 il-

118 1246 189 1334 lud,
205 1245 296 1344 quod
311 1241 481 1343 perturbet
496 1240 652 1329 animum,
663 1242 722 1315 sed
739 1241 780 1314 de
800 1242 872 1342 ipsa
889 1243 931 1315 sit
940 1246 1189 1345 perturbatione

116 1347 307 1422 dicendum.
357 1345 471 1443 Itaque
491 1343 637 1443 primum
656 1344 691 1416 in
715 1344 790 1444 ipsa
807 1345 1003 1445 cupiditate,
1030 1374 1130 1445 quum
1152 1349 1189 1421 id

118 1453 229 1525 solum
246 1448 362 1547 agitur,
388 1464 424 1518 nt
438 1475 482 1525 ea,
492 1445 635 1531 tollatur,
660 1474 730 1518 non
746 1463 795 1520 cst
811 1449 1045 1547 quaerendum,
1063 1450 1188 1523 bonum

118 1553 221 1640 iliud,
247 1579 350 1624 necne
369 1549 420 1637 sit,
447 1549 538 1649 quod
550 1547 725 1622 libidinem
739 1567 887 1637 moveat;
914 1552 973 1623 sed
988 1550 1094 1624 libido
1114 1552 1189 1653 ipsa

118 1654 267 1729 tollenda
282 1669 347 1729 est:
373 1668 410 1724 ut.
425 1652 503 1738 sive,
529 1650 620 1750 quod
637 1651 813 1725 honestum
830 1668 888 1740 est,
914 1652 950 1724 id
964 1655 1006 1725 sit
1022 1647 1186 1727 summum

117 1759 258 1844 bonnm,
283 1755 351 1828 sive
366 1752 528 1853 voluptas,
554 1755 621 1826 sive
636 1753 756 1827 borum
773 1770 950 1854 utrumque
967 1757 1189 1844 coniunctum,

120 1860 190 1936 sive
208 1857 264 1933 illa
288 1857 381 1929 tria⁴
399 1884 520 1954 genera
545 1854 729 1945 bonorum,
753 1872 882 1945 tamen,
899 1858 1038 1933 etiamsi
1053 1859 1189 1932 virtutis

120 1965 133 2036 i
159 1962 229 2036 sius
245 1959 470 2034 vehementior
484 1959 649 2058 appetitus
668 1958 730 2046 sit,
756 1958 870 2032 cadem
896 1959 937 2030 sit
966 1961 1119 2039 omnibus
1148 1962 1191 2034 ad

121 1992 355 2140 dieterrcndum
370 2061 560 2155 adhibenda
575 2060 690 2137 oratio..
716 2061 861 2133 continet
871 2078 980 2135 autem
991 2091 1122 2136 omnem
1141 2092 1192 2136 sc-

119 2168 290 2243 dationem
307 2164 409 2238 animi
421 2164 565 2236 humana
580 2163 616 2235 in
631 2180 808 2262 conspectu
824 2163 934 2263 posita
946 2182 1080 2239 natura:
1107 2194 1191 2265 quac

120 2300 188 2372 qno
211 2266 341 2341 facilius
372 2294 525 2365 expressa
548 2281 716 2351 cernatur,
749 2265 942 2364 explicanda
970 2284 1019 2340 est
1041 2264 1191 2341 oratione

122 2371 309 2447 communis
338 2369 486 2443 conditio
515 2366 631 2467 lexque
656 2367 750 2440 vitae.
802 2379 858 2448 63.
885 2370 999 2468 Itaque
1025 2398 1093 2442 non
1119 2370 1191 2444 sine

123 2502 259 2560 caussa,
285 2501 386 2571 quum
403 2472 560 2543 Orestem
581 2468 726 2542 fabulam
755 2469 887 2543 doceret
901 2472 1098 2571 Euripides,
1122 2472 1191 2572 pri-

121 2605 195 2651 mos
212 2577 273 2648 tris
292 2599 404 2647 versus
417 2600 589 2646 revocasse
603 2571 725 2647 dicitnr
742 2562 912 2648 Socrates:

189 2768 207 2821 3
223 2765 254 2814 V.
271 2761 336 2815 ndo
370 2760 389 2818 4
406 2762 448 2810 Or.
468 2777 490 2810 o.
507 2760 538 2809 R.
556 2761 611 2810 VD.
629 2759 685 2809 tria
699 2758 758 2810 illa.

121 2868 184 2917 titiis
197 2864 240 2926 sit,
264 2863 352 2914 eadem
368 2861 402 2911 sit
414 2860 530 2911 omnibus
544 2860 577 2910 ad
591 2860 642 2911 de-
708 2861 839 2923 ,lmmtma
853 2862 883 2912 in
897 2863 1192 2931 conspectnpoairana-

121 2932 268 2986 terrendum
282 2929 427 2980 adhibenda
441 2928 532 2978 oratio.
673 2929 744 2996 tnta)
763 2932 844 2990 Quum
857 2928 979 2992 docetur,
998 2930 1082 2981 omnio
1097 2929 1124 2979 in
1141 2929 1193 2979 hn··

175 3000 291 3051 bumana
304 2997 392 3046 omnio
396 2995 569 3068 prementem)
585 2996 641 3045 Da·
672 3013 747 3046 mana
759 3005 850 3045 natura
870 2997 945 3046 certis
963 2997 1110 3076 quibusdam
1124 2997 1192 3064 legi-

120 3070 199 3119 viains
224 3067 406 3132 interpretatur
437 3080 496 3130 per:
532 3061 642 3114 humana
672 3064 735 3127 bus,
763 3063 853 3130 quibus
873 3081 1042 3134 unusquisqne
1066 3065 1192 3116 subiectus

100 3178 104 3183 ,
122 3136 209 3188 omnia
221 3134 362 3184 calcantem
375 3131 393 3180 i.
410 3149 432 3180 e.
445 3129 639 3197 despicientem:
673 3131 715 3192 cit,
733 3130 842 3180 obnoxIa
858 3148 920 3182 esse.
1154 3178 1164 3185 ,

121 3220 188 3272 quae
220 3211 305 3252 autem
335 3198 450 3266 exempla
475 3215 489 3247 e
514 3197 641 3247 veteribus
723 3202 765 3255 63.
776 3196 903 3278 subulam
919 3200 1037 3263 doceret)
1056 3201 1089 3249 H.
1102 3218 1130 3257 ,e.
1147 3200 1191 3263 Iar

122 3269 287 3337 scriptoribus
303 3266 457 3383 constipavit
466 3265 498 3316 ad
512 3264 641 3331 significa·
673 3265 758 3316 bulam
774 3284 801 3316 m
817 3283 892 3317 scena
905 3267 999 3317 ederet.
1016 3268 1048 3318 V.
1063 3267 1192 3317 Adnotata

121 3339 220 3390 tionem
242 3335 367 3386 calcandi
408 3333 448 3382 nio
464 3333 540 3382 verbo
556 3330 641 3382 vindi·
673 3333 701 3383 in
715 3335 733 3383 1.
751 3338 774 3394 1,
789 3338 814 3391 3.

121 3405 237 3464 eandam,
252 3403 286 3453 ad
301 3419 377 3452 unum
394 3400 476 3451 omnia
492 3399 641 3449 alienissima
725 3402 778 3451 tris
801 3403 906 3464 versus)
922 3401 1008 3468 Eurip.
1027 3405 1069 3451 0r.
1089 3405 1174 3459 1-3.

122 3483 191 3524 sunt.
210 3474 239 3520 In
251 3470 282 3520 iis
300 3469 380 3532 euim,
396 3468 436 3518 vel
449 3467 575 3516 adiectum
590 3484 641 3516 no·
711 3465 771 3522 ota
779 3465 852 3520 ἔστιν
858 3462 1097 3520 οὕὸὲνὸεινὸνῶδ’
1104 3466 1193 3521 εἰπεῖν

120 3557 181 3590 men
186 3538 263 3610 pede,
281 3537 321 3587 vel
331 3536 401 3587 alind
413 3535 532 3602 quiddam
544 3522 641 3583 'adinn-
722 3566 724 3570 -
747 3578 750 3583 .
1027 3533 1103 3596 ἔπος,

122 3618 193 3658 ctum
206 3607 272 3655 hanc
286 3605 417 3655 notionem
430 3602 469 3655 illi
478 3602 554 3651 verbo
565 3600 641 3651 attri-
712 3601 786 3658 Οὐδὲ
802 3601 909 3668 πάθος,
922 3599 988 3656 οὐδὲ
1003 3600 1135 3686 ξυμφορὰ
1143 3603 1191 3655 θε-

121 3676 192 3726 buit:
206 3691 328 3743 premere
340 3689 401 3722 vero
413 3669 561 3736 simpliciter
569 3668 642 3736 posi·
1025 3675 1136 3737 ηιατυς,

120 3753 179 3794 tum
200 3742 247 3808 prb
271 3741 376 3791 calcare
399 3757 414 3789 a
428 3737 555 3788 veteribus
571 3735 641 3804 poni,
704 3732 758 3800 Ἠς
772 3736 825 3792 οὐκ
836 3733 873 3791 ἄν
887 3734 1193 3806 ἄραιτ’ἄχθοςᾶνθρό·

121 3829 176 3863 non
197 3807 308 3859 memini.
343 3811 426 3868 Quare
442 3804 571 3872 equidem,
595 3820 643 3853 au·
762 3824 765 3829 ·
890 3835 894 3841 ,
1028 3825 1084 3858 που
1100 3805 1190 3874 φύσις.

121 3889 195 3929 otore
209 3876 334 3936 BentleIo,
348 3876 389 3924 vix
405 3872 571 3923 dubitaverim
587 3887 644 3920 cum
675 3874 790 3924 Muretus
812 3873 837 3924 in
854 3876 913 3924 Var-
928 3874 1012 3924 Lectt.
1030 3876 1098 3925 VIII.
1113 3892 1135 3924 c.
1154 3879 1193 3933 16.

122 3947 180 3998 aliis
196 3945 294 4010 legere:
316 3954 490 4013 spernentem.
505 3938 643 3992 Bouherius
675 3951 745 3991 recte
758 3951 858 4001 monet,
875 3940 984 3990 Tullium
1000 3942 1082 3992 verbis
1098 3942 1194 4008 graecia

121 4012 276 4067 coniiciebat
285 4009 428 4078 serentem.
677 4008 752 4059 aliam
773 4008 922 4058 sententiam
945 4008 1095 4070 subiecisse,
1117 4021 1194 4076 atquo

175 4081 235 4130 Cae.
253 4080 355 4129 XXIX.
369 4083 410 4136 62.
425 4077 482 4127 tria
494 4077 546 4126 itta
559 4091 644 4146 gene-
677 4076 829 4143 Euripidem,
845 4075 896 4142 qni,
912 4085 941 4124 nt
956 4093 986 4125 ex
1001 4076 1122 4127 orationis
1130 4068 1195 4125 serie

122 4167 157 4200 ra
174 4147 310 4210 bonorum)
328 4146 387 4198 Scil.
410 4143 499 4206 animi,
521 4141 644 4211 corporis,
677 4154 759 4212 patet,
777 4143 916 4209 significare
932 4143 1014 4194 volnit
1029 4145 1091 4195 hoc:
1114 4143 1193 4202 Nihil,

122 4219 252 4268 fortunae.
271 4214 367 4266 Neide.
418 4276 422 4283 Ι
678 4225 767 4262 urano
779 4210 857 4261 verbo
866 4211 981 4278 eloquar,
997 4212 1086 4264 dinem
1100 4208 1195 4262 oeter-
