2640 4626
7 248 21 271 ,
117 180 159 249 72
364 187 644 243 ruscutausauu
659 187 940 240 msrursmouuu
1010 216 1016 230 .

119 336 159 384 ex
171 305 299 408 optima
317 332 448 407 quaque
465 307 605 381 natura?
631 323 774 406 quaeest
790 303 1047 405 igiturmelior⁴
1074 302 1112 374 in
1128 300 1193 372 ho-

118 411 247 486 miuum
264 436 385 507 genere
397 425 526 498 natura,
552 437 651 509 quam
672 432 807 496 eorum*
823 408 881 508 qui
898 436 933 480 se
952 423 1049 480 natos
1067 403 1112 477 ad
1129 403 1192 475 ho-

119 514 226 589 minss
259 511 441 599 iuvandos,
479 511 654 600 tutandos,
688 511 932 609 conservandos
962 506 1194 583 arbitrantur?

119 615 216 690 Abiit
242 613 287 687 ad
310 613 391 687 deos
410 613 587 688 Hercules:
613 642 793 714 numquam
802 613 949 700 abisset,
974 612 1058 700 nisi,
1086 635 1192 709 quum

119 718 208 817 inter
228 715 381 790 homines
403 733 508 805 esset,
534 745 605 789 eam
624 716 691 790 sibi
714 717 801 790 viam
817 714 1019 791 munivisset.
1068 715 1193 785 Vetera

120 821 187 893 iam
204 819 277 908 ista,
303 835 334 893 et
348 817 509 918 religione
524 817 696 893 hominum
712 826 729 872 ⁵
748 834 946 893 consecrata.
996 818 1069 889 XV.
1097 812 1194 910 Quid

98 933 100 938 ’
120 923 159 995 iu
183 921 247 994 hac
266 949 302 994 re
325 920 460 1022 publica
474 938 524 994 tot
546 938 722 1022 tantosque
738 922 845 1008 viros,
871 920 916 993 oh
934 916 1193 1019 rempublicam

122 1024 332 1110 interfectos,
366 1024 529 1123 cogitasse
557 1024 778 1105 arbitramur?
817 1022 979 1096 iisdemne
1007 1037 1044 1093 ut
1066 1019 1193 1092 linibus

122 1154 245 1206 noman
270 1153 384 1214 suum,
417 1125 539 1226 quihus
567 1126 652 1215 vita,
683 1127 937 1201 terminaretur?
986 1126 1094 1197 Nemo
1113 1150 1194 1194 -um-

123 1255 223 1329 quam
241 1227 312 1301 sine
329 1256 477 1327 magnas
505 1258 520 1302 e
537 1228 792 1302 immortalitatis
808 1256 843 1301 se
859 1255 922 1327 pro
932 1226 1040 1326 patria
1056 1224 1195 1298 offerret

124 1330 169 1405 ad
188 1347 335 1404 mortem.
387 1341 444 1410 33.
469 1257 579 1404 licuit
604 1359 677 1406 esse
701 1331 809 1404 otioso
832 1326 1065 1423 Themistocli;
1101 1326 1196 1400 licuit

123 1433 390 1534 Epaminondam
422 1431 532 1521 licuit,
564 1461 607 1507 ne
628 1450 658 1507 et
679 1450 788 1506 vetera
813 1449 844 1505 et
874 1448 1006 1505 externa
1026 1456 1196 1531 quaeram,

123 1535 225 1610 mihi:
250 1535 321 1624 sed,
346 1535 458 1608 nescio
477 1535 672 1635 quomodo,
697 1535 846 1608 inhaeret
865 1534 901 1606 in
915 1533 1082 1608 mentibus
1099 1532 1196 1632 quasi

124 1637 329 1711 saeculorum
344 1636 513 1737 quoddam
532 1638 705 1736 augurium
722 1637 924 1711 htturorum:
950 1635 1051 1735 idque
1074 1634 1114 1707 in
1127 1663 1198 1707 nra-

125 1740 223 1812 ximis
251 1739 413 1838 ingeniis,
440 1738 673 1840 altissimisque
697 1740 815 1812 animis
842 1755 874 1812 et
899 1738 1027 1813 exsistit
1043 1737 1198 1822 maxime,

126 1858 159 1916 et
175 1858 312 1941 apparet
326 1840 488 1914 facillime.
514 1870 580 1942 quo
599 1842 733 1941 quidem
758 1841 910 1941 dempto,
937 1841 1011 1940 quis
1025 1856 1095 1913 tam
1112 1854 1200 1912 esset

128 1970 258 2030 amens,
292 1943 348 2043 qui
374 1954 505 2044 se'mper
538 1944 572 2016 in
601 1943 772 2018 laboribus
800 1960 832 2016 ct
858 1942 1015 2042 periculis
1051 1942 1199 2016 viveret?

18 2056 22 2063 ’
127 2051 184 2126 34.
209 2047 345 2144 Loquor
356 2045 396 2118 de
406 2045 624 2146 principibus.
641 2047 723 2147 quid
736 2048 876 2147 poetae?
901 2061 1200 2146 nouncpostmor-

128 2164 194 2221 tem
209 2147 377 2220 nobilitari
393 2147 531 2222 volunt?
557 2149 645 2224 undc
664 2177 742 2248 ergo
760 2148 866 2221 illud?

171 2268 349 2348 Adspicis,
371 2293 388 2329 0
405 2274 496 2342 cives,
519 2275 599 2331 senis
614 2275 699 2331 Enni
717 2274 863 2352 imagini'
872 2273 1023 2348 formam.

140 2380 143 2389 ·
212 2355 278 2412 Hic
293 2360 428 2415 vostrum
439 2353 575 2436 panxit⁶
595 2378 740 2418 maxuma
751 2358 849 2434 facta
859 2367 994 2435 patrum.

194 2522 212 2579 4
228 2521 308 2573 Recte
323 2525 365 2571 Or.
383 2540 404 2572 c.
423 2522 485 2572 Dav.
503 2532 531 2572 et
546 2523 626 2573 tribus
642 2520 724 2571 Codd.
742 2520 877 2572 Goerenzii
894 2520 977 2588 (quem
992 2517 1202 2577 v.adFin.1.18.

129 2606 154 2655 p.
171 2589 223 2666 86.)
245 2590 338 2640 melior
360 2589 453 2705 igitur.
504 2591 579 2651 5Sio
603 2590 649 2641 W.
671 2607 692 2640 c.
718 2589 781 2639 eod.
800 2591 856 2639 Urs.
874 2617 906 2627 -
939 2591 981 2638 Or.
1006 2586 1109 2637 reduxit
1132 2586 1203 2653 vulg.

129 2673 250 2706 omnium.
284 2657 349 2714 6V.
390 2656 432 2707 dn.

180 2776 223 2831 32.
241 2790 303 2822 num
318 2771 437 2840 dubitas)
462 2774 648 2825 Sententiamm
680 2773 759 2840 legit:
777 2791 843 2845 quae
853 2787 893 2824 est
905 2773 997 2824 melior
1012 2773 1115 2843 igitur:
1132 2771 1205 2840 quod

131 2857 211 2891 nexus
226 2850 265 2890 est
280 2840 334 2890 fere
348 2839 405 2890 hio:
424 2842 545 2893 Omnibus
562 2841 648 2893 homi·
683 2844 808 2893 Goerenz.
831 2841 864 2892 ad
877 2842 932 2893 Fin.
948 2843 967 2892 1.
988 2845 1038 2901 18,
1056 2843 1099 2898 61.
1125 2840 1206 2890 trium

131 2907 205 2958 nibus
232 2907 333 2957 innatas
358 2925 412 2959 esse
435 2909 556 2960 maximas
578 2927 650 2960 curas
682 2927 782 2961 suorum
813 2909 893 2961 codd.
925 2908 1080 2960 auctoritate
1112 2907 1206 2970 munit,

134 2991 229 3035 eorum,
256 2990 320 3040 quae
344 2984 408 3052 post
430 2986 540 3027 mortem
565 2977 650 3028 lutura
683 2995 765 3045 comp.
786 2977 818 3028 de
841 2977 924 3028 Divin.
949 2979 969 3026 t.
993 2980 1040 3038 15,
1063 2979 1108 3033 26.
1158 2974 1207 3025 nte

133 3041 200 3103 sint,
226 3058 302 3107 quum
317 3040 366 3091 aha
387 3043 514 3110 probant,
532 3046 650 3112 aquibus
682 3044 744 3095 mihi
761 3046 861 3097 videtur
876 3046 961 3114 igitur
976 3060 1036 3094 vere
1051 3042 1183 3108 augurari.

133 3126 181 3159 nos
204 3108 289 3159 futura
311 3108 387 3160 etiam
402 3111 514 3176 cogitare
535 3123 650 3181 apparet,
737 3113 796 3163 Gar.
813 3114 873 3163 XV.
891 3125 919 3162 ut
931 3112 1134 3174 terminaretur)
1152 3112 1209 3160 Ex·

134 3185 189 3225 tum
204 3174 312 3226 maxims
328 3175 355 3249 fis
373 3176 415 3244 qui
429 3195 457 3228 se
471 3190 545 3231 natos
560 3180 593 3231 ad
608 3180 651 3230 iu·
682 3192 781 3249 spectes
796 3188 901 3248 propter
909 3178 1060 3229 antecedens
1069 3178 1210 3249 cogitasse

135 3241 232 3293 vandos
246 3241 362 3295 homines
377 3244 540 3298 arbitrantur.
684 3248 756 3315 sequi
771 3247 878 3297 debere:
904 3247 1001 3297 iisdem
1016 3245 1125 3311 finibus
1148 3257 1209 3296 ter-

185 3311 317 3378 specimen
347 3315 474 3379 murae)
504 3317 582 3365 Exem
600 3315 651 3365 lum
685 3318 813 3365 minatum
835 3314 880 3364 iri.
914 3318 997 3382 Atque
1014 3313 1078 3363 haec
1104 3313 1209 3380 quidem

137 3376 172 3444 (d.
188 3379 293 3445 Mustorl
312 3376 431 3449 cuiusque
450 3382 488 3431 rei
505 3382 562 3450 capi
577 3331 653 3433 debet
685 3383 820 3433 verborum
833 3381 997 3449 consequutio
1007 3380 1155 3431 necessaria
1163 3381 1210 3432 fo·

136 3445 229 3508 exiis,
246 3463 311 3513 quas
327 3446 423 3526 optima
440 3449 540 3500 suntin
555 3467 653 3518 quaque
685 3460 741 3511 ret,
766 3449 788 3499 si
802 3449 904 3499 verbum
926 3448 1064 3520 cogitandi
1079 3448 1123 3498 hic
1141 3465 1210 3516 pro-

136 3530 172 3563 re.
223 3515 253 3563 ln
283 3514 413 3566 hommum
441 3527 527 3567 autem
562 3534 654 3584 genere
686 3517 768 3584 priam
783 3535 854 3567 suam
869 3517 920 3566 vim
935 3515 1055 3567 haberet:
1083 3526 1112 3566 at
1129 3516 1210 3586 cogi-

137 3581 261 3631 humauae
274 3593 378 3632 naturae
393 3583 535 3651 exemplum
549 3596 655 3653 apparet
687 3597 761 3635 tasse
784 3584 808 3635 h.
836 3585 854 3634 l.
877 3584 1035 3650 adsignificat
1059 3595 1210 3653 spectasse,

138 3647 246 3698 maxime.
261 3647 288 3698 iu
304 3649 343 3709 iis,
362 3649 405 3716 qui
416 3650 525 3701 aliorum
540 3669 655 3703 commo·
687 3653 825 3702 consilium
842 3650 975 3704 babuisse.

138 3715 177 3764 dis
192 3714 307 3769 iuvandis
320 3715 400 3768 vitam
409 3734 481 3767 suam
496 3731 653 3771 consecrant.
738 3724 780 3777 33.
798 3721 888 3770 Licuit
912 3737 970 3770 asse
991 3718 1075 3768 otioso
1096 3718 1211 3769 rhenu-

137 3781 158 3832 ti
173 3799 234 3832 vero
256 3798 311 3833 uon
330 3799 429 3850 semper
442 3784 469 3834 iu
488 3787 616 3839 laboribus
629 3796 657 3837 et
688 3787 778 3854 stocli)
799 3789 837 3837 De
857 3787 906 3837 hoc
928 3785 1089 3838 attractionis
1105 3801 1210 3852 genere,

137 3849 257 3917 periculis
285 3848 414 3913 viverent,
446 3853 495 3904 nisi
516 3854 544 3905 in
568 3872 655 3905 eorum
689 3871 703 3903 e
724 3855 812 3921 lingua
829 3870 919 3920 graeca
935 3854 1032 3922 petito,
1059 3853 1212 3905 doctissime

136 3916 263 3968 mentibus
278 3916 396 3968 haereret
407 3936 464 3988 spes
477 3921 656 3973 immortalita—
688 3922 908 3990 copiosissimeque
924 3921 1040 3989 exposuit
1052 3921 1178 3986 Krueger
1186 3921 1213 3971 in

137 3985 180 4035 tis.
214 3985 282 4049 Ergo
304 4001 335 4034 ex
351 3986 447 4053 optima
460 3988 591 4040 hominum
606 4006 655 4039 na·
689 3991 900 4060 Untersucbung.
917 3989 979 4040 iiber
987 3989 1014 4038 d.
1028 3989 1076 4039 lat.
1085 3989 1212 4058 Spraodl.

136 4063 195 4102 tura
209 4052 333 4118 optimum
346 4053 378 4104 de
391 4055 531 4108 animorum
549 4057 656 4107 immor·-
686 4058 729 4107 ΙΙΙ.
748 4058 820 4108 Hest.
854 4061 926 4116 ‚359
939 4085 955 4099 ι-
968 4061 1027 4115 372.

138 4120 239 4171 talitate
254 4119 312 4170 duci
325 4132 409 4189 potest
427 4133 608 4191 argumentum.
737 4127 781 4184 34.
815 4077 892 4191 idad)
933 4126 990 4174 Hoc
1016 4122 1148 4185 distichon
1169 4123 1213 4174 iu·

188 4205 256 4255 quae
270 4201 310 4239 est
321 4191 407 4260 igitur
421 4192 522 4257 molior)
539 4190 655 4243 Davisius
688 4192 807 4261 scriptum
825 4203 881 4244 crat
900 4202 999 4243 statuae
1013 4191 1098 4242 Ennii.
