2640 4626
538 233 669 284 mauu
686 233 765 292 uso
846 236 853 251 ·
1128 224 1187 290 105

113 365 303 437 tuerentur,
328 365 366 423 ut
385 349 580 451 adspectum
599 348 963 425 omhino··amittcrent:
998 350 1047 425 sic
1066 354 1187 427 mentis

114 453 205 527 acies
223 479 260 525 se
278 451 382 552 ipsa⁶
407 451 556 541 intruens,
580 468 831 553 nonnumquam
845 451 1013 541 hebescit;
1038 452 1082 527 ob
1100 484 1187 529 eam-

114 584 182 656 que
206 581 357 628 caussam
380 552 638 654 contemplandi·
651 554 858 655 diligentiam
884 556 1072 629 amittimus.
1122 559 1187 631 lta-

114 687 189 759 que:
205 656 373 743 dubitans,
399 656 693 759 circumspectans,
719 658 904 745 haesitans,
928 657 1031 731 multa
1051 660 1189 735 adversa

113 768 313 847 reverens›⁷,
337 775 505 859 tamquam
519 765 616 834 rate⁰
642 761 678 833 iu
694 760 778 835 mari
797 760 976 849 immenso,
998 779 1112 836 nostra
1134 793 1187 838 ve-

112 863 209 937 hitur
223 860 309 934 ratio
323 872 352 933 ⁹.

185 1065 261 1126 68ἰο
275 1075 346 1116 recte
361 1066 417 1119 D.e
432 1064 513 1116 codd.
545 1066 577 1117 V.
593 1065 659 1116 uda.
694 1066 769 1126 7Sic
785 1068 816 1118 L.
838 1071 911 1127 1566.
928 1067 961 1119 D.
979 1085 1010 1119 ex
1026 1066 1066 1118 El.
1083 1077 1144 1118 tert.
1162 1080 1189 1120 et

115 1133 298 1185 Med-Ero.
314 1131 381 1199 vulg.
399 1133 626 1184 revertens'retin.
659 1132 730 1185 Idem
743 1153 810 1202 susp.
828 1133 877 1205 ref
909 1135 975 1186 iens.
1008 1133 1083 1194 88ῐο
1097 1138 1187 1187 ABSE.

116 1203 209 1252 Recte.
226 1202 258 1251 P..
276 1200 320 1250 Gr.
337 1201 363 1251 b.
379 1200 430 1266 PG.
447 1200 527 1250 Gebh.
547 1203 606 1253 Em.
632 1213 758 1271 tanquam
780 1204 811 1252 in
835 1222 850 1253 r
880 1221 903 1254 e.
944 1201 994 1252 Alii
1018 1215 1065 1254 ton
1086 1205 1188 1261 ffatim
1245 1248 1248 1253 .

116 1273 135 1328 9
152 1269 196 1319 Sic
210 1270 256 1320 W.
273 1267 306 1318 de
323 1266 420 1319 Camer.
445 1268 511 1318 coni.
529 1270 618 1319 Recte.
636 1273 678 1321 Or.
695 1268 806 1321 restituit
821 1271 890 1336 vulg.
907 1270 1002 1332 oratio,
1019 1271 1053 1320 ad
1072 1288 1116 1320 ens
1132 1271 1189 1322 dis--

115 1336 215 1405 plicere
230 1335 278 1386 sibi
301 1334 328 1384 h.
346 1333 363 1385 l.
383 1335 465 1385 lusum
483 1337 616 1387 verborum
632 1349 692 1388 rate
717 1347 744 1388 et
760 1338 860 1388 oratio:
884 1354 950 1404 quae
968 1336 1035 1388 ratio
1057 1337 1120 1399 mihi
1136 1357 1188 1391 uon

116 1405 250 1472 probatur.
285 1402 325 1453 cf.
342 1403 442 1454 Platon.
458 1404 543 1455 locum
557 1404 585 1455 in
600 1404 667 1456 Adn.

118 1547 209 1590 censet
220 1536 368 1600 discrimen,
384 1546 413 1586 ut
427 1554 476 1587 usu
490 1538 582 1588 venire
597 1537 640 1587 di·
673 1540 769 1610 seipse
786 1540 821 1607 (h.
836 1557 858 1590 a.
873 1556 938 1590 nont
948 1538 1028 1607 clius)
1041 1539 1189 1608 reprehen-

118 1616 218 1666 cantur,
229 1621 293 1673 quae
308 1603 382 1654 certis
392 1604 539 1672 quibusdam
547 1605 640 1657 condi·
655 1672 656 1677 ¹
672 1606 724 1657 dit:
749 1619 839 1659 contra
871 1626 919 1670 „se
935 1608 947 1658 i
965 1625 1022 1657 sum
1048 1608 1189 1675 reprehen-

117 1674 241 1737 tionibus,
257 1689 356 1740 semper
371 1673 433 1735 fere,
450 1681 479 1723 et
495 1683 565 1724 certa
574 1690 640 1741 qua·
673 1675 729 1726 dir‘
755 1675 810 1726 scil.
844 1693 896 1726 non
920 1626 1017 1726 adum:
1053 1676 1189 1754 Perperam

118 1742 220 1792 dames
232 1740 321 1806 regula
336 1739 470 1802 eveniant,
488 1741 556 1809 quod
568 1758 640 1791 secus
672 1742 751 1809 igitur
763 1743 867 1794 infrac.
880 1743 928 1804 34,
946 1747 988 1802 83.
1022 1743 1139 1794 Davimus
1156 1743 1190 1794 de

119 1827 176 1860 esse
194 1808 222 1858 in
241 1808 319 1858 verbo
341 1807 493 1874 composito.
537 1808 640 1870 Verum,
673 1810 782 1862 Bentleii
795 1810 942 1861 coniectura
957 1809 1069 1878 scripsit:
1095 1810 1189 1878 inquo

121 1893 202 1946 quum
214 1875 241 1926 in
255 1875 369 1926 omnibus
384 1875 437 1925 fere
451 1874 501 1926 illis
517 1873 597 1937 locis,
614 1875 641 1925 iu
674 1891 774 1928 nocnoet
789 1877 1016 1948 ipsi-cumulati
1030 1896 1128 1929 sumus:
1145 1879 1190 1929 ubi

118 1943 213 2014 quibus
233 1962 282 1994 usu
299 1942 405 1993 evenire
424 1941 534 2008 legitur,
560 1943 641 1993 altera
673 1945 726 1996 loci
756 1945 882 1997 sententia
907 1945 1050 1997 necessario
1081 1947 1189 2013 'requirit

138 2029 224 2079 uoque
239 2010 318 2061 lectio
325 2029 375 2060 usu
382 2010 474 2060 venire
489 2010 640 2078 optimorum
673 2026 774 2064 nosmet
789 2014 870 2082 ipsos.
904 2013 974 2063 Infra
989 2015 1190 2076 c.46,111.ne

119 2030 206 2130 dodd.
215 2078 367 2128 auctoritate
381 2076 478 2127 munita
491 2079 639 2144 reperiatur,
674 2094 774 2131 nosmet
782 2083 855 2151 ipsos
863 2097 947 2130 amare
962 2078 1098 2130 videamur.
1115 2083 1189 2131 Sem-

119 2145 347 2198 vix‘dubitandum
360 2144 475 2206 videtur,
493 2146 553 2212 quin
562 2144 639 2195 lectio
673 2166 721 2216 per
735 2149 801 2198 enim
815 2165 886 2198 casus
901 2147 1057 2216 pronominis
1073 2149 1131 2217 ipse
1147 2166 1188 2200 ca·

120 2212 640 2280 usuevenireexinterpretationeloquu-
672 2208 710 2266 siri
719 2215 874 2282 pronominis
886 2215 1026 2282 personalis
1042 2233 1190 2267 accommo-
1231 2213 1234 2218 ’

120 2281 203 2332 tionis
224 2299 274 2330 usu
298 2281 390 2331 venire
416 2297 463 2347 per
488 2279 640 2346 adscriptam
674 2283 764 2345 datur,
788 2283 809 2332 si
825 2282 848 2332 ei
864 2282 981 2335 enclitica
995 2295 1046 2333 met
1060 2283 1188 2335 adhaeret.

120 2366 214 2400 vocem
222 2349 328 2398 evenire
335 2349 452 2415 profecta
459 2348 500 2397 sit.
517 2348 549 2397 V.
556 2345 640 2396 Bromi
674 2351 712 2407 Cf.
727 2352 770 2400 IV.
787 2354 829 2412 33,
847 2353 888 2407 71.
905 2348 966 2415 quid
981 2349 1090 2416 denique
1104 2350 1189 2400 homi·

121 2417 157 2469 ad
171 2417 246 2466 Corn.
255 2416 322 2484 Nep.
330 2418 415 2466 Hann.
430 2416 495 2476 XII,
507 2419 532 2472 3.
545 2433 572 2485 p.
580 2415 638 2472 346.
672 2435 717 2468 nes
741 2416 880 2468 doctissimi
901 2426 933 2473 et¹
948 2417 1037 2465 summi
1049 2427 1141 2483 poetae
1158 2418 1192 2467 du

113 2485 200 2536 ‘Beier
222 2483 257 2548 ad,
272 2484 344 2534 offic.
361 2484 404 2532 111.
424 2487 456 2543 3,
474 2488 514 2541 15·
531 2500 560 2561 p·
578 2485 638 2539 206.
673 2503 703 2536 se
714 2486 783 2554 ipsis
791 2494 818 2535 et
833 2480 983 2534 carminibus
994 2483 1073 2545 edunt
1087 2493 1113 2533 et
1127 2503 1191 2535 can-

122 2554 189 2603 Cum
208 2560 296 2602 nostro
317 2551 376 2601 loco
398 2557 641 2666 compamrffltmt
672 2553 760 2603 tibus?
776 2551 819 2602 ubi
833 2549 933 2603 Ernesti
950 2568 1006 2600 cum
1025 2551 1083 2600 aliis
1096 2561 1192 2602 temere

120 2620 159 2672 N.
176 2620 208 2669 D.
226 2620 246 2670 I.
264 2623 305 2676 21.
324 2617 393 2684 quod
412 2618 438 2667 in
456 2617 503 2668 ullo
547 2616 553 2628 '
574 2617 641 2666 'usu
674 2620 755 2671 edidit
768 2621 802 2670 de
818 2636 847 2670 se
861 2619 925 2688 ipsi.
941 2620 974 2670 V.
990 2622 1038 2679 26,
1055 2624 1096 2676 73.
1114 2618 1191 2687 (Epi-

120 2704 166 2738 sae
187 2688 301 2748 evenit,
318 2685 386 2735 idem
403 2684 497 2749 modo,
522 2702 598 2752 quum
614 2695 641 2734 te
675 2691 761 2754 curus)
777 2687 825 2738 sibi
848 2687 901 2754 ipse
918 2687 980 2752 (non
996 2687 1081 2748 alius)
1098 2703 1191 2737 nomeu

121 2705 252 2816 audrem,
270 2752 411 2804 accidebat.
675 2755 821 2824 philosophi
842 2753 977 2821 inscripsit.
1013 2754 1192 2821 Exemplorum

175 2823 221 2890 qui
233 2820 640 2937 {comitanter-intuerentur)
674 2826 702 2874 in
723 2824 812 2890 quibus
832 2822 891 2890 ipse
916 2831 988 2871 recto
1008 2830 1068 2871 'casu
1088 2821 1192 2888 ponitur

121 2892 231 2941 Haece
277 2889 381 2939 verbum
431 2905 493 2938 aene
525 2905 642 2955 expressa
674 2892 766 2942 nubem
782 2899 920 2956 coegerunt
928 2888 1027 2938 Curtius
1040 2888 1074 2938 ad
1089 2889 1191 2941 Sallust.

121 2956 331 3044 supted’latoms
339 2906 485 3005 Phaedone.
506 2955 640 3038 ”Cf.§.34.
676 2959 750 3008 catil.
767 2964 810 3017 20.
835 2955 997 3022 Oudendorp.
1020 2956 1052 3006 ad
1068 2957 1138 3006 Caes.
1160 2958 1191 3007 B.

121 3018 640 3156 tt.ctct.tct.⁰.tt.tcst.
668 3023 1191 3152 ratast,tractatas:

146 3155 640 3227 ενοιπασχονσι·διαφθείρονταιγὰρ
674 3162 779 3210 Metam.
802 3160 846 3220 X,
864 3164 922 3216 523.
937 3158 988 3208 alii.
1024 3158 1073 3212 Sed
1089 3158 1117 3207 hi
1132 3159 1192 3227 ple-

122 3179 198 3282 ἔνιαι
212 3224 247 3279 τὰ
262 3226 389 3295 ὄμματα,
409 3222 461 3279 ἐὰν
474 3225 511 3291 μὴ
529 3223 559 3278 ἐν
572 3223 641 3278 ddd·
673 3228 745 3295 rique
754 3244 839 3278 omues
851 3226 950 3291 magnis
963 3225 990 3275 in
998 3226 1123 3276 erroribus
1131 3244 1192 3276 ver-

123 3291 279 3364 τιῆἕντινι
287 3293 406 3348 τοιούτω
420 3293 577 3366 σκοπῶνται
591 3290 643 3358 τὴν
675 3305 770 3346 santur.
821 3294 917 3344 Nostra
943 3292 1042 3342 demum
1072 3293 1193 3344 memoria

124 3361 224 3418 εἰκόνα
251 3359 348 3415 αὐτοῦ.
382 3344 499 3412 deternm
527 3360 549 3410 si
569 3359 642 3410 huius
674 3362 804 3429 utriusque
817 3370 958 3410 structurae
975 3359 1108 3410 discrimen
1122 3369 1192 3410 recte

123 3431 178 3482 loci
192 3430 279 3493 lectio,
295 3428 374 3498 qualis
388 3428 488 3479 qudd.
503 3429 580 3494 vulgo
596 3445 644 3477 ex·
677 3430 843 3481 constitutum
860 3436 905 3476 est.
940 3430 977 3476 Ut
989 3427 1053 3477 alios
1068 3426 1193 3488 omittam,

123 3499 243 3558 hibetur,
265 3515 324 3547 vera
343 3506 397 3559 est,
423 3497 511 3546 Cicero
528 3504 645 3562 coeptam
677 3496 811 3573 inprimis
836 3494 1000 3560 comparandi
1022 3504 1081 3543 sunt
1093 3493 1195 3544 Ernesti

124 3565 261 3616 verborum
278 3564 503 3631 consequutionem
526 3562 644 3613 deseruit.
680 3565 748 3616 Clav.
756 3583 776 3613 s.
786 3581 811 3612 v.
820 3563 886 3632 ipse.
897 3563 966 3626 (cum
974 3579 1024 3629 quo
1034 3562 1067 3611 cf.
1076 3560 1194 3611 Schuetz.

124 3632 270 3685 Dicendum
285 3632 352 3682 enim
367 3642 434 3682 erat:
452 3630 565 3700 quodiis
583 3646 645 3680 soe-
678 3634 741 3682 Lex.
757 3631 823 3697 Cic.)
848 3629 930 3680 Bremi
950 3628 984 3678 ad
1005 3627 1057 3679 Cic.
1080 3629 1112 3679 de
1129 3630 1194 3679 Fato

121 3720 160 3773 pe
172 3717 223 3750 usu
236 3701 317 3761 venit,
335 3699 378 3767 qui
391 3700 491 3749 acriter
507 3725 542 3736 —
555 3698 645 3747 intue-
680 3717 702 3750 c.
718 3701 759 3757 11.
776 3716 801 3765 p.
811 3699 852 3756 47.
870 3714 926 3764 sqq.
945 3696 1064 3747 Ochsner.
1078 3697 1132 3747 Ecl.
1142 3697 1194 3747 cic.

125 3780 237 3829 rentur,
254 3781 283 3818 ut
297 3766 547 3836 aspectcmomnino
563 3767 646 3816 amite
678 3786 705 3835 p.
714 3770 756 3824 33.
772 3783 808 3832 sq.
842 3764 915 3815 Beier
928 3765 960 3832 ad
970 3763 1041 3814 Offic.
1049 3766 1068 3814 1.
1078 3768 1121 3825 32,
1138 3767 1195 3822 115.

125 3848 224 3889 terent.
245 3836 283 3885 Cf.
298 3836 331 3885 V.
346 3836 376 3885 1..
676 3843 704 3904 p.
713 3835 771 3892 246.
780 3851 817 3901 sq.
835 3833 976 3884 Ramshorn
984 3834 1044 3882 Lat.
1054 3833 1100 3882 Gr.
1108 3835 1129 3901 §
1137 3835 1196 3890 158.

178 3922 209 3954 se
221 3903 284 3972 ipsa
296 3903 415 3970 intuens)
439 3900 481 3952 Sic
501 3910 571 3955 recte
589 3899 648 3951 edi-
679 3921 705 3970 p.
723 3904 782 3960 335.
800 3903 899 3969 Zumpt.
917 3903 938 3970 §.
954 3900 1037 3959 814.
1054 3918 1081 3967 p.
1096 3901 1156 3958 183.

126 3973 167 4022 dit
181 3971 298 4024 Davisius
320 3988 367 4038 pro
391 3989 420 4021 se
435 3971 530 4040 ipsam.
566 3972 647 4037 Supra
731 3982 857 4037 tanquam
869 3980 927 4018 rate
935 3969 964 4018 in
978 3969 1104 4018 immenso
1118 3967 1197 4032 marr)

128 4059 151 4091 c.
165 4043 217 4100 23,
242 4040 285 4096 54.
304 4049 373 4088 recte
391 4037 520 4088 Bentleius
537 4037 648 4088 correxit
680 4039 708 4086 ln
721 4035 881 4104 hacquoque
896 4035 1084 4102 comparatione
1099 4034 1198 4085 Tullius

127 4126 198 4178 quae
220 4125 250 4158 se
272 4105 380 4184 ipsa-
397 4118 498 4156 moveat
515 4123 562 4174 pro
578 4105 646 4171 vulg.
680 4115 768 4154 noster
788 4103 902 4154 Platonis
926 4103 1033 4170 vestigia
1063 4100 1197 4170 impressit.

127 4179 225 4246 ipsam.
242 4171 487 4242 Animusenimipse
501 4176 561 4240 (uon
574 4172 646 4238 alius)
680 4171 890 4242 Phuedou.§.23.
901 4170 983 4222 mt-
996 4168 1045 4222 τὸν
1061 4169 1200 4238 βέλτιστον

128 4252 267 4297 semovet.
286 4239 387 4291 cornel.
396 4241 463 4308 Nep.
471 4242 572 4299 Datam.
581 4241 613 4303 V,
623 4244 646 4297 1.
681 4239 737 4292 τῶν
750 4238 937 4307 ἀνθρωπίνων
949 4235 1052 4304 λόγων,
1076 4235 1200 4302 λαβόντα
