2640 4626
230 928 237 937 ,
486 868 527 927 u.
559 868 704 926 runnr
735 860 1001 928 cronnours

268 999 721 1073 TUSCULANARUM
754 998 1229 1073 DISPUTATIONUM

720 1157 764 1196 AD

598 1254 632 1302 Μ.
667 1251 892 1303 BRUTUM

520 1371 684 1442 uruun
710 1369 968 1466 Qururus

233 1632 236 1637 '
313 1626 336 1696 i.
389 1631 420 1702 1.
453 1623 598 1720 Quintus
623 1623 679 1696 hic
701 1622 790 1710 dies,
815 1626 946 1709 Brute,
971 1621 1071 1696 finem
1091 1623 1194 1698 faciet
1216 1627 1276 1697 Tu-

213 1727 420 1801 sculanarum
436 1725 714 1825 disputationum:
742 1724 880 1825 quodie
900 1741 949 1798 cst
963 1755 982 1798 a
997 1725 1097 1798 nohis
1116 1755 1156 1799 ea
1174 1727 1215 1801 de
1236 1756 1275 1815 rr,
1310 1792 1312 1799 .

213 1857 311 1930 quam
330 1845 366 1901 tu
384 1856 423 1902 ex
448 1818 602 1900 omnihus
626 1827 766 1901 maxime
790 1827 931 1927 probas,
958 1828 1172 1928 disputatum.
1212 1830 1274 1930 pla·
1302 1842 1310 1907 ,.’

213 1959 287 2027 cere
303 1931 390 2004 enim
413 1930 474 2003 tibi
492 1929 670 2002 admodum
686 1929 793 2017 sensi,
819 1946 850 2002 ct
867 1958 906 2002 ex
924 1959 962 2003 eo
979 1929 1083 2017 libro,
1110 1960 1212 2031 quem
1238 1931 1271 2004 ad

212 2042 265 2108 me
280 2032 524 2106 accuratissimo
539 2031 719 2132 scripsisti,
745 2048 777 2104 et
794 2059 832 2104 ex
846 2030 957 2104 multis
973 2032 1188 2107 sermonibus
1205 2036 1269 2120 tuis,
1303 2052 1307 2103 t

212 2136 364 2209 virtutem
379 2134 422 2207 ad
435 2135 529 2208 beate
540 2134 715 2208 viventium
730 2162 765 2207 se
776 2132 850 2234 ipsa
866 2162 936 2208 esse
954 2151 1152 2210 contentam.
1179 2136 1269 2233 Quod
1302 2128 1307 2229 i

213 2237 274 2310 etsi
293 2236 425 2310 difficile
442 2252 491 2310 est
504 2237 663 2336 probatu,
689 2253 826 2336 propter
842 2252 909 2322 tam
929 2237 1019 2309 varia
1041 2253 1073 2310 et
1088 2255 1160 2312 tam
1180 2239 1269 2312 muln
1303 2240 1307 2313 l

213 2355 376 2412 tormenta
400 2338 568 2412 fortunae:
601 2337 664 2411 tale
686 2355 793 2411 tamen
821 2355 887 2426 est,
912 2356 948 2410 ut
970 2338 1211 2414 elaborandum
1229 2342 1270 2426 sit

214 2470 280 2541 quo
295 2440 423 2514 facilius
442 2441 609 2541 probetur.
648 2439 732 2515 nihil
754 2458 803 2513 est
829 2441 917 2512 enim
945 2441 1110 2530 omnium,
1138 2444 1270 2542 quaein
1304 2482 1309 2529 p

213 2542 426 2644 philosophia
449 2559 646 2629 tranantur,
679 2543 769 2642 qnod
797 2543 928 2640 gravius
952 2544 1272 2646 magnificentiusque

213 2647 349 2719 dicatur.
401 2656 434 2722 2.
459 2645 560 2729 Nam,
593 2673 693 2744 quum
726 2673 762 2717 ea
788 2672 902 2719 caussa
926 2646 1093 2745 impulerit
1123 2676 1200 2739 eos,
1226 2648 1272 2750 qui
1306 2642 1312 2743 Ι

213 2748 312 2849 primi
332 2776 367 2820 se
387 2747 428 2819 ad
443 2747 676 2847 philosophiae
697 2746 843 2819 studium
860 2746 1081 2835 contulcmnt,
1108 2766 1156 2838 ut,
1176 2752 1273 2824 omni·
1309 2750 1312 2761 ’

213 2851 277 2924 hus
293 2851 393 2922 rebus
410 2849 627 2948 posthabitis,
653 2865 739 2922 totos
756 2876 791 2925 se
811 2850 846 2921 in
863 2850 989 2950 optimo
1006 2851 1091 2924 vitae
1116 2869 1208 2926 statu
1232 2883 1274 2928 es-

264 3021 323 3071 Car.
342 3021 362 3069 Ι.
381 3024 404 3077 1.
420 3019 535 3089 quodie)
550 3018 658 3071 Rariora
672 3027 730 3068 sunt
760 3030 820 3070 runt
831 3019 947 3069 Davisius
962 3030 988 3071 et
1002 3020 1160 3074 Schuetzius.
1180 3026 1274 3076 vereor,

214 3087 282 3154 apud
298 3088 445 3143 Ciceronem
459 3086 581 3154 exempla,
598 3087 625 3136 in
640 3087 729 3154 quibus
761 3104 794 3138 ne
809 3086 914 3137 calidius
928 3087 955 3137 id
969 3088 1064 3139 factum
1078 3089 1139 3142 sita
1154 3092 1218 3143 viris
1234 3093 1274 3142 do·

214 3165 272 3221 post
288 3170 426 3221 pronomen
443 3150 576 3205 relativum
589 3154 615 3203 id
628 3171 729 3215 nomen,
762 3154 817 3204 ctis.
851 3154 926 3205 Certe
948 3163 1001 3206 tum
1024 3155 1163 3209 dicendum
1188 3162 1274 3211 fuerat:

214 3221 247 3270 ad
285 3221 337 3269 uod
358 3220 448 3271 referri
471 3221 563 3283 debet,
588 3221 727 3288 repetitur:
761 3222 841 3284 Nam,
856 3222 882 3270 si
895 3225 1274 3296 quacausaaimpuliteoaetr·

213 3240 283 3355 apuli
292 3287 420 3339 Gaesarem
436 3298 520 3338 autem
532 3289 609 3355 louge
627 3289 729 3338 creber·
760 3289 884 3341 Nimirum
898 3306 975 3360 quum
989 3309 1022 3342 aa
1034 3310 1133 3344 caussa
1147 3295 1275 3365 impulerit

213 3357 284 3405 rima.
303 3355 389 3406 Cicero
405 3355 730 3423 quidemhacrepetitiona
761 3372 793 3407 ex
814 3358 917 3426 proprio
939 3359 1014 3410 latini
1035 3361 1160 3413 sermonis
1184 3359 1276 3414 dicentii

214 3441 272 3472 uaris
287 3432 334 3483 est,
351 3433 380 3472 nt
393 3423 432 3472 vel
447 3423 621 3492 perspicuitati
635 3440 729 3472 consu·
761 3441 852 3491 genere
869 3426 978 3493 positum
995 3436 1033 3477 est
1046 3445 1109 3495 pro:
1181 3449 1207 3480 m
1221 3431 1276 3482 itaer

213 3489 287 3551 leret,
302 3489 340 3538 uti
348 3489 398 3539 hoc
415 3490 482 3553 loco,
498 3491 621 3540 velutin
636 3490 727 3541 iterato
759 3491 957 3559 sueritcmcsaa,
966 3497 1113 3564 quaeimpu
1125 3501 1157 3547 it.
1173 3503 1274 3549 Senten-

213 3557 315 3607 nomine
335 3556 386 3606 vim
417 3559 541 3625 quandam
575 3568 601 3607 et
629 3559 729 3625 pondus
760 3559 797 3609 tia
806 3559 883 3626 igitur
897 3560 960 3612 haec
969 3571 1022 3611 est:
1042 3563 1217 3616 Gravissimus
1225 3564 1274 3634 phi-

186 3637 328 3692 „poneret
345 3626 375 3674 V.
389 3625 529 3675 Ramshorn
539 3629 599 3676 Lat.
612 3626 727 3675 Gramm.
760 3627 1047 3695 losophioelocnshand
1060 3629 1170 3682 dnbieis
1180 3643 1226 3695 eat,
1241 3629 1274 3700 qni

214 3695 236 3760 ς.
257 3695 313 3749 159.
331 3693 394 3742 Not.
411 3698 436 3750 2.
451 3711 476 3759 p.
489 3698 548 3750 363,
760 3704 901 3763 pertractat
909 3696 1091 3762 quaestionem,
1107 3709 1196 3750 utrum
1205 3701 1274 3750 virtus

264 3777 297 3808 ex
313 3776 342 3809 eo
355 3758 431 3826 libro)
450 3760 483 3809 de
497 3762 608 3810 Virtute.
632 3761 664 3810 V.
682 3777 728 3810 nos
762 3762 794 3811 ad
814 3762 889 3812 beate
909 3763 1043 3814 vivendum
1056 3782 1085 3815 se
1097 3765 1156 3833 ipsa
1171 3770 1207 3818 sit
1219 3784 1274 3818 con-

213 3824 239 3875 in
262 3825 327 3878 libro
351 3825 421 3877 dicto
443 3827 475 3876 de
498 3828 577 3877 Cicer.
598 3828 624 3877 iu
636 3827 728 3894 philos.
762 3839 843 3891 tenta,
857 3839 933 3898 atque
946 3829 1019 3882 huius
1027 3832 1062 3883 rei
1070 3833 1190 3899 gravitas
1198 3849 1274 3887 caussa

213 3892 296 3944 merit.
314 3913 339 3962 p.
354 3899 392 3952 16
409 3893 473 3944 Adn.
492 3895 543 3960 9).·
762 3897 818 3957 suit,
834 3914 897 3963 qnae
910 3915 962 3958 eos,
978 3899 1021 3966 qui
1032 3899 1112 3968 primi
1126 3919 1155 3952 se
1172 3903 1207 3953 ad
1220 3899 1273 3971 phtt

260 3966 288 4020 2.
307 3980 384 4030 quum
396 3979 427 4011 ea
436 3963 540 4027 caussa}
549 3961 677 4012 Bentleius
689 3961 730 4011 te·
761 3963 869 4012 studium
886 3966 1056 4029 contulerunt,
1069 3967 1188 4037 impulit,
1203 3979 1274 4021 utto

212 4027 322 4095 gendum
343 4029 497 4096 suspicatur:
547 4048 606 4080 num
638 4031 730 4098 aliqua
761 4040 802 4080 tos
818 4048 844 4080 se
859 4031 885 4081 in
901 4032 997 4101 optimo
1014 4033 1171 4086 vitae'statu
1193 4034 1274 4103 enqni·

212 4113 303 4158 causa,
318 4114 393 4164 quum
407 4096 485 4146 lectio
498 4048 601 4164 vulgata
609 4099 667 4148 loco
675 4114 728 4147 non
760 4099 840 4151 rendo
855 4099 1027 4162 collocarent,
1052 4102 1113 4171 qnia
1136 4105 1273 4172 sperabant,

212 4163 363 4214 conueniat:
377 4179 451 4229 quarn
460 4164 559 4234 quidem
569 4165 729 4216 emendatio·
760 4165 808 4215 hae
832 4183 892 4217 cura
912 4179 938 4218 et
961 4185 1081 4236 operase
1096 4169 1124 4220 id
1139 4188 1197 4223 esse
1212 4186 1273 4223 asse·

210 4247 268 4281 nem
289 4230 316 4281 in
329 4230 463 4283 verborum
488 4232 602 4285 ordinem
622 4249 728 4301 recepe-
760 4243 890 4302 quuturoa,
905 4245 934 4286 nt
948 4235 1024 4290 beate
1037 4236 1163 4289 viverent.
