2640 4626
536 223 663 273 LIBER
680 224 724 272 tv.
746 228 786 280 10.
1133 214 1196 281 267

126 339 168 411 de
201 336 345 436 quodam
373 355 428 410 aut
452 338 671 436 quibusdam3
705 368 789 439 qnae
807 342 1071 441 κατηγορήματα
1094 341 1195 415 diale-

126 441 203 514 ctici
226 439 409 539 appellant3
435 456 472 511 ut
497 441 617 514 habere
644 442 792 530 divitias,
819 470 935 542 capere
961 445 1119 516 honores:
1145 445 1193 516 in-

125 532 291 640 digentia,
315 570 426 615 rerum
442 543 586 641 ipsarum
604 560 668 629 est,
695 561 728 615 ut
745 545 927 631 bonorum,
952 563 987 617 ut
1004 548 1171 646 pecuniae.

226 656 284 722 22.
310 645 469 717 Omnium
503 660 611 717 antem
646 647 931 744 perturbationum
965 648 1089 722 fontem
1124 677 1195 722 esse
1266 712 1274 733 ,

125 747 259 832 dicunt,
285 749 616 845 intemperantiam:
642 776 725 847 quae
760 765 810 821 est
842 779 859 822 a
893 766 959 822 tota
984 767 1092 823 mente
1117 769 1146 824 et
1176 781 1194 822 a

125 865 214 922 recta
238 851 366 922 ratione
388 847 546 937 delectio,
573 850 621 922 sic
643 878 754 923 aversa
784 852 1078 951 apraescriptione
1093 853 1195 925 ratio-

124 951 188 1039 nis,
214 967 250 1021 nt
267 950 357 1023 nullo
375 950 476 1025 modo
494 951 713 1050 appetitiones
733 954 833 1026 animi
849 983 911 1027 nec
931 954 1011 1052 regi,
1036 983 1097 1028 nec
1115 984 1194 1028 con-

124 1052 222 1126 tineri
257 1070 384 1152 queant.
421 1053 702 1153 quemadmodum
736 1055 835 1152 igitur
859 1057 1074 1156 temperantia
1102 1058 1195 1130 sedat

124 1155 364 1256 appetitiones,
390 1171 423 1228 et
456 1155 572 1244 efficit,
598 1173 634 1228 ut
668 1180 725 1231 eae
758 1174 865 1231 rectae
897 1160 1020 1231 rationi
1045 1176 1195 1259 pareant,

124 1273 361 1356 conservatque
378 1256 584 1331 considerata
601 1258 723 1332 iudicia
740 1261 874 1347 mentis;
902 1261 950 1334 sic
966 1262 1044 1334 huic
1059 1262 1194 1337 inimica

121 1358 394 1459 intemperantia,
419 1370 559 1447 ,omnem
594 1362 693 1433 animi
728 1379 847 1434 statum
884 1361 1083 1450 inflammat,
1117 1393 1195 1436 con-

120 1462 255 1550 turbat,
279 1463 412 1537 incitat:
446 1463 555 1562 itaque
577 1479 608 1536 ct
630 1464 852 1562 aegritudines
881 1482 912 1538 et
931 1481 1038 1538 metus
1061 1482 1093 1538 et
1117 1466 1194 1540 reli-

121 1592 209 1665 quae
226 1565 491 1663 perturbationes
508 1593 622 1638 omnes
641 1567 821 1664 gignuntur
839 1597 877 1640 ex
893 1596 938 1641 ea.

225 1669 266 1738 X.
317 1679 375 1746 23.
400 1668 707 1763 Quemadmodum,
735 1697 837 1767 quum
863 1668 997 1767 sanguis
1017 1686 1193 1768 corruptus

119 1785 190 1856 est,
217 1784 273 1841 aut
294 1770 413 1868 pituita
436 1770 617 1857 redundat,
643 1787 699 1844 aut
725 1771 821 1858 bilis,
847 1773 882 1842 in
913 1798 1054 1872 corpore
1081 1772 1193 1844 morbi

119 1871 431 1971 aegrotationesque
471 1890 668 1947 nascuntur:
702 1873 751 1947 sic
787 1902 962 1973 pravarum
994 1874 1193 1973 opinionum

119 1974 351 2062 conturbatio,
383 1990 415 2046 et
441 1974 589 2074 ipsarum
613 1975 699 2071 inter
724 2004 758 2048 se
787 1975 1022 2077 repugnantia,
1055 1976 1194 2048 sanitate
1280 1997 1282 2007 '

118 2076 246 2178 spoliat
261 2070 416 2163 animum,
438 2077 630 2174 morbisque
646 2077 823 2178 perturbat.
873 2080 923 2150 Er
937 2077 1194 2176 perturbationi-

117 2181 186 2252 bus
210 2195 319 2252 antem
340 2178 486 2278 primum
511 2179 621 2252 morbi
649 2179 883 2267 conficiuntur,
911 2208 993 2278 quae
1013 2196 1131 2252 vocant
1146 2179 1194 2251 illi

117 2282 312 2380 νοσήματα,
346 2310 465 2380 caque,
497 2310 580 2380 quae
620 2299 698 2355 sunt
732 2283 814 2355 hist*
850 2283 977 2355 morbis
1012 2281 1194 2369 contraria3

189 2484 265 2542 3Sic
289 2487 333 2535 W.
361 2486 439 2536 solus.
465 2486 546 2537 Recte
568 2489 611 2536 Or.
630 2503 653 2537 c.
670 2486 739 2553 vulg.
758 2488 805 2538 eie.
825 2487 864 2537 cf.
880 2489 902 2555 Ι.
919 2488 962 2544 24.
981 2502 1048 2554 qnae
1070 2497 1132 2536 sunt
1154 2487 1194 2536 eis

121 2553 223 2604 morbis
241 2563 290 2603 cet.
401 2570 403 2575 ’

120 2671 177 2722 sive
193 2669 299 2720 divitias
316 2669 443 2732 habendi,
462 2670 517 2721 sive
532 2670 642 2735 honores
693 2690 751 2723 unm
771 2672 978 2723 inveteraverunt
993 2669 1108 2721 efficiunt
1120 2687 1193 2721 mor-

119 2736 259 2805 capiendi,
277 2755 332 2786 eum
346 2756 398 2787 non
411 2737 580 2808 indigentia,
597 2739 642 2788 sed
675 2690 722 2791 dos
739 2739 923 2805 (concinatam
941 2738 984 2807 qui
1000 2756 1075 2806 quum
1091 2737 1193 2806 penitus

119 2805 259 2857 desiderio
282 2805 374 2871 agitari
395 2804 493 2856 dicunt.
526 2809 594 2872 Ergo
612 2824 643 2856 ex
676 2807 800 2859 inanimo
817 2807 979 2866 insederunt,
997 2805 1192 2872 etquasisum-

118 2873 226 2925 illorum
240 2872 385 2923 Stoicorum
401 2884 485 2924 mente
509 2874 642 2924 dicendum
675 2894 743 2926 mum
759 2875 864 2941 gradum
883 2873 970 2940 adepti
985 2883 1056 2935 sunt,
1082 2872 1193 2924 existunt
1245 2914 1249 2927 ,

118 2950 175 2992 cst:
195 2941 318 2990 desidero
333 2939 431 2992 habere
441 2943 596 3011 pecuniam,
615 2941 641 2991 d.
676 2939 1114 3022 aegrotationes(ddbocrriparnlz
1128 2957 1192 3007 quae

120 3027 221 3078 capere
236 3009 438 3070 honoreanon
454 3009 578 3059 desidero
591 3027 642 3078 pe·
676 3028 787 3061 animum
821 3008 859 3059 ita
885 3009 1008 3058 afflictum
1032 3019 1059 3058 et
1084 3010 1193 3059 fractum

118 3077 244 3137 cuniam,
269 3076 396 3126 bonores:
421 3087 510 3127 contra
527 3093 580 3126 non
597 3078 642 3125 in·
675 3087 778 3140 teuent,
803 3087 833 3126 ut
849 3075 881 3125 iis
898 3075 1016 3126 resistere
1033 3094 1083 3126 non
1100 3075 1191 3145 possit.

120 3145 205 3215 digeo
219 3142 315 3194 babere
350 3146 485 3205 conciam,
513 3145 532 3195 i.
548 3160 643 3213 capere
674 3144 773 3195 Morbis
805 3154 889 3195 autem
916 3154 948 3193 ¹et
973 3143 1193 3210 aegrotationibus

100 3213 244 3263 ,honores
261 3163 551 3282 Quoddeindigenria,
567 3228 642 3279 quam
676 3211 817 3265 contrariae
831 3221 890 3262 sunt
908 3210 1074 3262 offensiones:
1101 3211 1191 3279 quibus

118 3281 227 3334 σπάνιν
255 3279 434 3347 appellabant,
470 3279 567 3330 dictum
595 3288 641 3339 est,
675 3299 715 3330 res
729 3289 810 3331 certas
826 3279 970 3333 fastidimus
988 3289 1014 3328 et
1030 3279 1191 3351 detestamur.

120 3364 211 3398 verum
222 3357 272 3399 est:
288 3346 357 3414 qnod
368 3347 554 3408 dedesiderio,
568 3363 641 3415 quem
675 3349 713 3398 De
746 3346 929 3399 offensionibus
969 3348 1002 3396 cf.
1027 3347 1192 3395 Tiedemann.

119 3414 220 3468 πόθον
244 3414 380 3477 dicebant,
406 3414 569 3481 nugatorium
594 3423 641 3464 est.
675 3419 773 3482 System
788 3416 813 3466 d.
825 3413 955 3465 stoischen
963 3413 1029 3463 Phil.
1043 3415 1085 3462 ΙΙΙ.
1099 3432 1124 3480 p.
1134 3418 1192 3471 267.

119 3482 191 3535 Nam
209 3492 236 3532 et
253 3483 415 3532 desiderium
432 3493 459 3534 et
473 3482 566 3542 πόθος
584 3499 643 3532 sae·
677 3484 757 3533 Porro
775 3482 928 3533 monendum
945 3490 983 3529 est
1000 3480 1032 3528 de
1053 3489 1193 3529 structura:

121 3550 229 3620 pissime
241 3550 309 3618 apud
319 3551 431 3618 optimae
442 3561 519 3600 notae
530 3548 643 3628 scripto·
678 3549 775 3610 morbi,
801 3569 868 3620 quae
881 3560 975 3599 vocant
989 3547 1033 3597 illi
1044 3566 1060 3598 v
1068 3565 1083 3598 o
1091 3561 1106 3599 c
1114 3545 1194 3613 ἡμα·

120 3636 164 3669 res
180 3617 215 3669 ad
231 3617 301 3686 ipsas
315 3635 356 3667 res
372 3618 523 3669 refenrntur.
558 3616 640 3666 N1mi-
677 3637 729 3672 τα.
749 3616 781 3668 de
789 3620 868 3685 Legg.
884 3620 903 3679 1,
917 3623 943 3674 7.
962 3614 1056 3665 animal
1068 3613 1118 3663 hoc
1130 3632 1194 3680 pro-

119 3694 178 3737 tum
202 3686 228 3735 in
251 3684 376 3735 eiusmodi
398 3685 471 3737 tricis
493 3695 520 3736 et
535 3683 644 3751 argutiis
677 3685 764 3736 vidum
778 3715 812 3725 -
830 3703 903 3754 quem
920 3700 1039 3734 vocamus
1054 3681 1193 3731 hominem:

121 3752 231 3805 mirifice
247 3752 441 3803 delectabantur
454 3752 545 3804 Stoici.
677 3754 721 3804 nbi
736 3753 824 3822 inepte
837 3751 973 3821 Wyttenb.
989 3768 1070 3817 comp.
1087 3751 1193 3803 Terent.

175 3821 236 3870 Car.
255 3821 291 3871 X.
316 3825 358 3878 23.
390 3819 600 3887 νοσήματα)
624 3821 644 3870 Ε
677 3821 756 3872 Andr.
781 3825 825 3873 ΙΙΙ.
848 3825 921 3883 5,1.
954 3818 1054 3877 scelus,
1085 3819 1131 3886 qni
1153 3835 1193 3867 me

184 3887 361 3941 orbationibus
369 3888 556 3941 tricesimum:
573 3904 645 3938 mor·
678 3888 801 3958 perdidit.
837 3889 931 3939 Herod.
946 3889 984 3949 11,
1002 3889 1061 3944 124.
1085 3887 1142 3938 τῶν
1156 3885 1195 3938 οἰ-

121 3898 371 4022 liriregtotaetones,
387 3956 548 4008 offensiones.
561 3955 646 4006 Morbi
679 3957 826 4043 eupoleon,
849 3957 900 4017 τὰς
916 3955 946 4022 (i.
963 3972 985 4004 e.
1003 3951 1049 4018 tte)
1073 3951 1195 4005 ἐποιέετο

122 4035 153 4075 et
168 4023 360 4091 aegrotationes
377 4023 492 4077 existunt
507 4043 521 4075 e
537 4023 646 4075 libidine
679 4027 781 4088 θηκας.
806 4029 859 4076 Iam
872 4042 947 4092 snpra
960 4019 1196 4090 exposuimushane

122 4111 156 4143 no
181 4090 297 4143 laetitia:
334 4090 488 4144 offensiones
520 4109 534 4143 e
565 4102 643 4143 metu.
679 4093 785 4145 dicendi
798 4093 938 4144 rationem:
957 4091 989 4141 de
1004 4098 1053 4157 qna
1069 4087 1145 4139 etiam
1161 4086 1195 4135 cf.

124 4159 334 4211 Perturbationes
360 4171 421 4213 suut
452 4170 535 4211 motus
569 4159 646 4219 animi
698 4178 743 4212 nos
764 4161 871 4213 laudant
886 4161 994 4210 Crenaer
1014 4168 1041 4208 et
1054 4158 1142 4206 Moser
1164 4153 1197 4204 ad

125 4225 205 4278 subiti
239 4237 266 4279 ct
294 4227 433 4287 conoiteti:
466 4228 510 4297 qni
536 4227 647 4296 neglecti
680 4179 763 4298 legg.
778 4229 797 4280 l.
814 4228 841 4279 d.
