2640 4626
552 229 742 279 ararum.
760 233 785 288 9.
967 165 975 176 ¹
1137 219 1200 288 265

127 343 285 417 ricordia
310 363 360 419 est
384 346 565 445 aegritudo*
581 374 620 420 ex
645 346 779 420 miseria
793 345 946 436 alterius,
971 347 1093 422 iniuria
1107 349 1202 424 labo-

127 447 251 521 rantis:
283 476 382 522 nemo
416 449 503 523 enim
532 448 718 549 parricidae
746 466 802 522 aut
826 449 1010 550 proditoris
1033 453 1200 555 supplicio

128 550 358 623 misericordia
392 568 623 624 commovetur.
650 579 765 646 angor
797 557 877 624 est⁴
919 553 1089 650 aegritudo
1124 583 1200 656 pro-

128 674 231 725 mens.
265 654 396 740 luctus,
421 653 594 751 aegritudo
629 682 668 726 er
688 654 777 741 eius,
803 654 861 753 qui
885 682 979 727 carus
1005 655 1121 745 fuerit,
1147 661 1199 734 in-

127 754 225 829 teritu
245 755 373 827 acerbo.
399 784 557 842 maeror,
584 755 756 854 aegritudo
775 755 902 830 flebilis.
928 786 1118 846 aerumna,
1145 789 1199 835 ae-

127 855 262 954 gritudo
284 856 457 930 laboriosa.
493 858 612 944 dolor,
638 859 811 956 aegritudo
839 859 995 932 crucians
1024 860 1199 936 lamenta-

128 961 197 1045 tio,
225 959 396 1056 aegritudo
422 988 496 1033 cum
520 960 649 1034 eiulatu.
673 960 896 1047 sollicitudo,
923 961 1095 1061 aegritudo
1123 992 1198 1039 cum
1248 968 1253 975 ’

128 1060 335 1159 cogitatione.
361 1064 540 1152 molestia,
565 1062 738 1160 aegritudo
765 1090 972 1164 permanens.
996 1065 1197 1166 afflictatio,

127 1162 300 1260 aegritudo
321 1192 395 1237 cum
411 1165 583 1239 vexatione
602 1165 761 1265 corporis.
788 1164 999 1264 desperatio,
1025 1169 1196 1266 aegritudo

126 1264 198 1340 sine
213 1264 281 1338 ulla
298 1294 408 1340 rerum
425 1268 667 1368 exspectatione
679 1267 862 1341 meliorum.
1077 1300 1095 1309 ·’

228 1367 324 1463 Quae
347 1385 455 1465 autem
481 1370 627 1444 subiecta
649 1386 727 1443 sunt
750 1368 814 1443 sub
840 1377 987 1457 metu⁵‚
1012 1397 1052 1443 ea
1074 1370 1123 1446 sic
1138 1371 1197 1449 de·
1236 1388 1239 1393 ‘

123 1467 261 1544 finiunt:
283 1475 482 1571 pigritiam,
501 1489 623 1546 metum
640 1472 873 1572 consequentis
889 1472 1030 1546 laboris:
1058 1479 1114 1552 19.
1126 1502 1196 1575 pu-
1235 1496 1240 1503 '

125 1570 249 1643 dorem
275 1633 281 1645 .
308 1632 315 1645 .
342 1634 348 1645 .
375 1588 540 1648 terrorem
553 1580 593 1663 ⁶,
623 1590 746 1649 metum
772 1575 1029 1661 concutientemss
1062 1603 1196 1677 exquo
1235 1618 1239 1625 »

123 1671 179 1762 fit',
205 1691 243 1745 ut
274 1675 435 1775 pudorem
474 1678 595 1764 rubor,
620 1693 780 1769 terrorem
814 1676 921 1778 pallor
954 1693 986 1751 et
1016 1693 1141 1752 tremor
1165 1676 1229 1753 et¹

125 1776 275 1849 dentium
312 1779 456 1879 crepitus
490 1796 727 1879 consequatur:
754 1783 930 1866 timorem,
956 1797 1080 1854 metum
1118 1782 1195 1855 mali

123 1879 442 1980 appropinquantis:
472 1911 660 1981 pauorem,
685 1898 809 1957 metum
842 1896 985 1955 mentem
1018 1881 1092 1956 loco
1124 1912 1196 1956 mo-

122 1998 253 2054 ventem
266 2010 281 2069 3,
301 2011 338 2056 ex
356 2011 422 2083 quo
444 1983 527 2057 illud
545 1984 651 2072 Enni,

165 2104 244 2161 Tum
266 2125 364 2183 pavor
384 2106 562 2186 sapientiam
584 2127 702 2166 omnem
721 2108 765 2165 mi
786 2104 978 2165 exanimato⁷
1000 2115 1188 2185 expectorat:

122 2205 447 2290 coadunationem,
472 2220 595 2277 metum
619 2203 891 2303 subsequentem,
917 2219 949 2276 et
976 2204 1070 2303 quasi
1092 2206 1195 2278 comi-

120 2319 188 2376 tem
222 2306 372 2403 pavoris:
400 2308 721 2392 conturbationem,
747 2322 869 2379 metum
895 2307 1111 2382 excutientem
1139 2338 1194 2382 co-

120 2405 241 2507 gitata:
257 2408 512 2506 formidinem,
538 2425 661 2482 metum
675 2424 929 2508 permanentem.
1260 2470 1262 2473 .

225 2510 284 2582 IX.
335 2522 392 2589 20.
434 2512 635 2610 Voluptatis
659 2527 767 2585 autem
790 2511 894 2610 partis
919 2511 984 2583 hoc
1005 2511 1106 2583 modo
1137 2511 1194 2585 de-

189 2694 250 2752 4b.
267 2697 324 2747 VD.
341 2714 355 2746 e
370 2696 502 2748 Pithoean.
521 2707 548 2750 et
561 2698 630 2748 Med.
648 2700 706 2748 Ern.
725 2697 797 2748 omis.
815 2708 863 2747 est.
905 2704 921 2754 5
939 2696 980 2747 sic
1002 2696 1088 2763 vulgo.
1108 2701 1150 2750 Or.
1170 2718 1192 2750 c.

119 2763 153 2813 lt.
172 2761 280 2829 aliisque
298 2763 377 2814 Godd.
396 2766 520 2816 mGVLD.
538 2765 586 2816 sub
607 2778 709 2817 metum.
735 2766 774 2814 Cs.
793 2767 815 2834 §.
833 2769 874 2823 16.
918 2763 992 2823 68ic
1016 2764 1081 2816 bene
1097 2767 1142 2816 W.
1159 2795 1192 2805 -

120 2833 167 2880 Or.
186 2847 208 2880 c.
227 2831 297 2897 vulg.
315 2831 415 2883 laboris
436 2831 509 2894 m,
529 2845 673 2894 terrorem,
690 2831 783 2884 omissa
801 2849 863 2882 voce
881 2833 1024 2901 pudorem:
1044 2850 1119 2900 quam
1143 2833 1193 2883 ad-

119 2896 233 2949 dandam
255 2916 323 2962 esse,
342 2899 474 2968 sequentia
495 2900 599 2951 docent.
616 2901 682 2951 Hinc
703 2900 735 2951 de
750 2899 833 2949 Bentl.
851 2899 917 2949 coni.
935 2901 966 2950 D.
986 2911 1012 2950 et
1035 2901 1094 2950 Ern.
1112 2900 1192 2951 dede-

120 2975 196 3015 runt:
211 2965 339 3035 pudorem
362 2980 388 3017 et
407 2980 542 3018 terrorem.
560 2970 665 3018 Acutius
688 2968 733 3018 W.
751 2966 889 3017 interiectis
912 2967 1031 3036 punctis,
1049 2968 1192 3035 quibussi-

118 3032 272 3098 gnificatur,
291 3034 464 3086 definitionem
481 3036 596 3105 pudoris
612 3035 742 3086 excidisse.
776 3041 793 3092 7
809 3035 842 3085 V.
859 3034 924 3084 Ado.

173 3153 215 3208 19.
239 3151 380 3220 pudorem)
414 3151 537 3204 Definitio
566 3151 640 3203 huius
674 3161 769 3215 censet,
787 3151 891 3220 quamsi
907 3151 961 3219 quis
976 3151 1084 3203 vicissim
1098 3171 1131 3202 ex
1140 3171 1193 3222 pe-

117 3217 194 3269 rocis
217 3217 286 3268 haud
311 3219 388 3270 dubie
412 3219 522 3271 excidit:
555 3219 640 3271 Stoici
673 3232 745 3270 crore
765 3222 920 3270 exanimare
941 3220 1019 3270 dicat.
1061 3225 1096 3270 At
1109 3221 1193 3270 Davi-

118 3285 259 3337 censebaut
291 3286 426 3356 αἰσχύνην
450 3284 524 3340 eluar
548 3287 641 3357 φόβον
673 3287 725 3338 sius
741 3299 830 3339 contra
843 3297 938 3353 mpnet
956 3287 1034 3337 etiam
1047 3287 1150 3338 Accium
1164 3287 1193 3337 in

119 3351 245 3418 ἀδοξίας.
272 3384 274 3389 -
672 3354 820 3405 Phoenissis
846 3355 934 3404 eadem
960 3355 1093 3405 locutione
1120 3371 1192 3404 usum

674 3440 743 3484 esse,
768 3432 835 3472 teste
850 3422 972 3472 Marcello
987 3440 1006 3470 s.
1023 3439 1048 3471 v.
1071 3440 1103 3470 ex
1121 3433 1193 3470 ecto-

173 3489 240 3537 Tum
251 3490 345 3558 pavor)
364 3491 410 3540 Est
422 3499 570 3541 tetrameter
582 3499 641 3541 tro-
674 3509 745 3539 rare.
779 3489 828 3540 Vel
845 3488 882 3538 sic
897 3498 983 3538 tamea
998 3488 1089 3538 Wolfii
1100 3439 1191 3552 iectio,

117 3555 226 3607 chaicus
240 3556 414 3619 catalecticus,
431 3557 527 3626 petitus
543 3575 573 3608 ex
585 3558 641 3607 Eu·
673 3555 788 3625 proxime
798 3555 920 3609 accedens
930 3555 962 3606 ad
970 3554 1107 3620 vulgatam,
1114 3572 1193 3623 prae-

117 3623 157 3674 nii
176 3622 339 3675 Alcmaeone.
374 3625 445 3676 ldem
466 3642 551 3675 versus
570 3623 641 3690 legi-
674 3635 741 3675 stare
772 3623 886 3675 videtur:
946 3621 1077 3674 raesertim
1116 3639 1192 3691 quum

117 3701 161 3742 tur
186 3690 220 3740 de
244 3694 314 3741 Orat.
340 3695 451 3755 111.38‚
471 3694 530 3751 154.
555 3701 581 3741 et
603 3691 639 3742 ib.
674 3693 751 3743 etiam
774 3691 806 3742 de
822 3695 892 3742 Orat.
937 3691 988 3741 .ll.
1009 3689 1038 3739 in
1051 3691 1122 3740 MSS.
1143 3689 1193 3740 lra-

119 3763 168 3821 58,
186 3763 247 3817 218.
282 3759 367 3825 Vulgo
387 3760 519 3828 legebatur
541 3777 641 3810 omnem
673 3759 776 3811 beatur:
795 3761 953 3810 exanimato.
968 3788 1001 3797 -
1034 3760 1072 3808 De
1088 3756 1193 3809 vocibus

118 3826 189 3877 milri
216 3845 249 3876 ex
275 3828 364 3877 aninro
392 3841 558 3897 expectorat:
592 3845 641 3878 nec
676 3839 861 3896 expectorare,
893 3827 1060 3877 exanimatus
1083 3843 1194 3876 monen-

119 3893 200 3945 aliter
223 3892 288 3960 legit
306 3895 406 3946 Nonius
423 3896 560 3947 Marcellus
579 3914 600 3945 s.
616 3913 640 3944 v.
675 3894 736 3944 dum
749 3905 795 3957 est,
815 3895 933 3962 antiquos
943 3897 1114 3946 Romanorum
1125 3911 1194 3973 poe-

118 3974 307 4031 expeetorare:
332 3964 476 4030 quodcum
493 3962 552 4015 aliis
568 3979 642 4014 rece-
676 3972 715 4012 tas
730 3961 854 4013 eiusmodi
870 3963 995 4015 vocabula
1010 3973 1038 4013 et
1050 3962 1195 4013 locutaones

118 4029 161 4098 pit
168 4030 278 4079 Ernesti.
293 4031 412 4081 Davisius
428 4031 466 4081 sic
481 4030 640 4097 corrigebat:
676 4028 825 4080 audaciores
843 4041 869 4080 et
886 4029 1066 4098 exquisitiores
1085 4045 1193 4094 magno-

119 4097 189 4148 mihi
204 4115 305 4148 ornnem
326 4118 359 4149 ex
374 4101 463 4150 animo
482 4109 641 4167 expectorat.
676 4114 737 4164 pere
764 4096 907 4161 adamasse,
942 4097 982 4148 uti
1007 4115 1084 4166 supra
1107 4100 1126 4145 Ι.
1151 4099 1193 4152 35.

118 4165 253 4216 Turnebus
263 4166 368 4217 Advers.
378 4169 433 4227 VII,
450 4171 490 4225 17.
508 4186 540 4216 ex
553 4168 643 4216 animo
676 4167 777 4222 111.19.
809 4167 892 4215 uitam
911 4167 1021 4216 evitare.
1057 4164 1096 4215 Cf.
1112 4162 1194 4214 ochs-

121 4245 295 4302 expectornre
320 4250 372 4286 non
397 4233 481 4285 miuus
506 4233 643 4286 ridiculum
677 4249 723 4283 ner
736 4232 826 4298 Eclog.
843 4250 871 4299 p.
887 4237 945 4291 159.
