2640 4626
196 208 262 281 974
446 214 1025 267 ruscuututnummsrurtrrouuu

201 348 332 425 sunt1;
365 333 424 408 sed
459 358 637 431 corporum
671 330 876 405 offensiones
903 332 975 407 sine
1004 330 1104 434 eulpa
1127 332 1273 407 accidere

200 455 358 546 possunt,
384 435 570 509 animorum
590 462 658 506 non
683 432 782 508 item:
809 463 950 534 quorum
979 462 1096 509 omnes
1120 436 1233 510 morbi
1245 452 1272 509 et

201 539 470 648 perturbationes
491 566 530 609 ex
547 536 803 636 adspernatione
820 538 960 610 rationis
979 537 1144 611 eveniunt.
1168 540 1271 638 itaque

200 650 239 723 in
260 641 455 719 hominibus
479 637 587 712 solum
611 639 781 713 exsistunt.
805 668 882 713 nam
906 640 1032 715 bestiae
1053 638 1165 715 simile
1183 640 1270 741 quid-

201 750 280 825 dam
292 747 429 831 faciunt,
449 742 556 817 sedin
574 742 841 841 perturbationes
856 771 925 816 non
939 741 1101 817 incidunt.
1141 754 1201 824 32.
1223 744 1269 816 ln-
1313 806 1314 811 ,

201 869 254 927 ter
277 864 390 924 acutos
413 862 521 919 autem
545 860 576 918 et
603 845 718 917 inter²
742 844 877 919 hebetes
895 846 1050 934 interest,
1077 846 1173 945 quorl
1188 847 1268 944 inge·
1303 879 1314 945 Ιι

201 952 309 1041 niori,
331 968 369 1023 ut
392 976 447 1022 aes
465 945 675 1020 Corinthium
701 948 736 1020 in
761 947 969 1045 aeruginem,
994 949 1044 1021 sic
1065 947 1114 1021 illi
1140 948 1176 1020 in
1191 976 1268 1021 mor·
1303 964 1307 1031 Ῑ

202 1057 286 1131 bum
310 1069 343 1126 et.
366 1049 519 1124 incidunt
540 1049 687 1136 tardius,
720 1066 750 1122 et
777 1068 969 1124 recreantur
995 1050 1107 1138 ocius;
1143 1050 1266 1125 hebetes
1302 1056 1314 1123 l

202 1184 274 1233 nou
296 1156 383 1229 item.
432 1154 502 1225 Nec
525 1179 603 1225 vero
626 1153 809 1225 in'omnem
826 1154 980 1227 morbum
999 1181 1036 1226 ac
1055 1152 1266 1253 perturbatio
1309 1186 1314 1225 ι

164 1340 171 1355 .
203 1286 281 1335 uem
308 1256 438 1331 animus
460 1254 626 1351 ingeniosi
652 1254 759 1343 radit;
783 1284 852 1327 non
878 1256 1021 1328 enimin
1038 1254 1141 1352 ullam
1164 1254 1267 1329 ell'era·
1309 1266 1314 1329 ι’

203 1379 273 1435 tam
297 1376 330 1433 et
351 1359 576 1431 immanemss:
602 1357 763 1455 quaedam
788 1374 897 1431 autent
915 1356 1132 1431 humanitatis
1147 1384 1266 1458 quoque
1308 1392 1314 1431 t

204 1464 330 1538 habeut
367 1461 511 1561 primam
549 1460 712 1561 speciem,
745 1476 782 1532 ut
813 1460 1061 1547 misericordia,
1094 1460 1267 1559 aegritudo,
1307 1464 1314 1533 l

204 1582 320 1641 metus.
369 1560 624 1659 Aegrotationes
649 1579 757 1634 autem
780 1562 956 1662 morbique
981 1562 1170 1636 animorum
1193 1561 1266 1636 ‹lilli-
1308 1586 1314 1633 ι

205 1668 302 1744 cilius
319 1662 411 1739 evelli
428 1690 529 1764 posse
545 1680 713 1763 putantur,
739 1692 839 1763 quam
855 1692 985 1739 summa
999 1663 1057 1739 illa
1071 1665 1171 1754 vitia,
1196 1692 1266 1765 quae
1309 1694 1314 1727 τ

204 1767 383 1843 uirtutibus
401 1781 480 1840 sunt
496 1766 667 1838 contraria.
693 1766 822 1839 morbis
838 1767 926 1840 enim
945 1767 1179 1857 manentibus,
1203 1767 1267 1841 vitia
1310 1812 1314 1827 ·

205 1870 334 1946 sublata
351 1896 422 1942 esse
443 1873 634 1968 possuut43
660 1869 747 1969 qui⁵
771 1897 840 1942 non
856 1886 924 1944 tam
940 1868 1091 1945 celeriter
1112 1886 1267 1955 sanantur,

204 1969 373 2075 quentilla
392 1970 557 2044 tolluntur.

270 2084 289 2117 “
308 2085 365 2154 33.
390 2074 581 2159 Habesos,
608 2100 691 2171 quae
715 2073 756 2147 de
786 2072 1095 2173 perturbationibus
1114 2073 1267 2148 enucleate
1312 2108 1314 2113 ¹

206 2142 379 2278 thsputant
394 2175 516 2249 Stoici:
543 2202 626 2274 quae
644 2175 750 2273 logica
766 2175 950 2276 appellant,
976 2176 1055 2276 quia
1072 2176 1268 2251 disseruntur

276 2384 291 2439 1
308 2378 340 2431 V.
363 2378 429 2429 sto.
463 2378 541 2436 2Sio
557 2396 571 2428 c
586 2377 673 2446 paucis
693 2376 774 2429 Codd.
793 2379 874 2430 Gebh
891 2381 952 2431 Eru.
970 2409 1003 2419 -
1021 2384 1064 2431 Or.
1082 2388 1155 2430 recte
1173 2399 1197 2432 c.
1214 2378 1267 2428 vul.

209 2446 282 2500 ornis.
300 2447 385 2497 inter:
403 2446 472 2514 quod
488 2445 624 2509 „iteratum
640 2444 682 2494 vix
699 2445 784 2496 locum
798 2445 877 2498 hebet
891 2464 932 2514 up.
948 2446 1011 2511 cto,
1029 2444 1081 2497 nisi
1098 2446 1143 2497 ubi
1158 2394 1268 2497 vocabuit

208 2514 270 2581 aliq.
288 2512 513 2581 interponuntur.“
545 2518 562 2570 3
580 2512 621 2562 Sic
635 2512 666 2562 de
680 2512 766 2563 Bentl.
781 2513 848 2563 coni.
866 2544 899 2553 -
918 2514 999 2565 eodd.
1017 2512 1075 2564 uoti
1090 2523 1119 2564 et
1138 2514 1205 2564 Edd.
1223 2522 1269 2563 unte

208 2584 240 2634 D.
259 2581 370 2648 itemque
381 2582 441 2630 Ern.
458 2596 510 2629 non
533 2581 603 2629 eninr
623 2580 707 2629 nrulta
730 2579 842 2648 efferata
866 2595 891 2631 et
907 2583 1043 2632 immania.
1062 2581 1170 2632 lusulse.
1189 2611 1221 2620 -
1238 2584 1268 2629 Or.

209 2648 242 2699 de
267 2648 349 2698 alteru
367 2646 450 2697 Buntl.
467 2646 536 2696 coni.
554 2665 606 2696 non
629 2648 698 2697 enim
721 2649 750 2697 r'n
775 2648 832 2698 ullo
857 2649 971 2717 efferata
993 2663 1018 2699 et
1039 2650 1179 2698 immania.
1197 2647 1269 2698 Tertia

209 2716 292 2767 Bentl.
312 2714 379 2765 coni.
397 2732 450 2764 non
466 2716 536 2763 enim
558 2716 587 2764 in
605 2716 674 2764 vitia
690 2715 804 2781 efferato
820 2728 845 2766 et
860 2718 996 2768 immania.
1030 2715 1110 2775 48ἰο
1125 2734 1139 2767 e
1156 2717 1188 2766 L.
1208 2713 1268 2771 coni..

209 2783 309 2833 firmata
325 2782 419 2831 uIteid.
429 2791 456 2830 et
468 2781 507 2830 El.
517 2799 566 2831 sec.
575 2810 608 2820 -
619 2784 677 2832 Ern.
695 2801 717 2832 o.
735 2783 802 2849 vulg.
813 2786 882 2833 vitia
898 2783 1004 2835 sublata
1019 2802 1078 2834 esse
1093 2800 1147 2833 non
1162 2794 1269 2854 possum.

209 2850 284 2928 §Sic
295 2850 338 2900 W.
357 2868 378 2900 c.
396 2851 485 2899 Dm-
503 2848 584 2898 Codd.
603 2850 659 2898 noti
676 2860 701 2899 ot
717 2849 781 2901 Edd.
799 2861 900 2902 tuntum
918 2871 970 2902 uon
988 2869 1083 2912 omues,
1100 2851 1216 2920 itemque
1225 2852 1269 2901 En.
1304 2838 1308 2913 l

209 2935 274 2987 quta
293 2934 346 2966 non
361 2928 425 2967 tam.

211 3025 303 3067 contra
328 3017 369 3066 vel
393 3016 590 3066 valentissimum
614 3017 729 3083 repenti·
761 3020 812 3070 vim
836 3018 950 3070 denotet.
986 3021 1062 3070 Corn.
1077 3021 1146 3087 Nep.
1164 3018 1271 3070 Chabrias

210 3100 272 3133 num
302 3083 328 3132 in
353 3083 469 3134 morbum
490 3093 580 3162 potest
603 3083 728 3134 incidero:
761 3089 813 3149 111,
826 3089 851 3145 4.
872 3090 962 3155 Neque
975 3104 1036 3137 vero
1050 3087 1120 3137 solus
1133 3087 1180 3137 ille
1193 3087 1272 3137 aberra

212 3150 258 3199 sed
267 3149 318 3199 hoc
328 3161 459 3217 praeterea
471 3151 590 3201 drssimilc
602 3161 649 3209 est,
661 3153 729 3219 quod
761 3154 867 3205 Athenis
891 3155 1015 3215 libenter,
1048 3154 1094 3204 sed
1119 3172 1209 3206 omues
1232 3156 1272 3204 lere

212 3232 347 3285 corporum
362 3245 396 3255 -
410 3245 444 3255 -
459 3229 580 3284 possunt,
597 3218 672 3267 unimi
687 3222 730 3268 vi·
762 3221 1024 3291 prinoipessecerunt
1037 3222 1104 3272 idern
1118 3222 1153 3288 (h.
1165 3242 1188 3273 e.
1202 3223 1272 3273 libeu-

212 3284 273 3334 tiosi
293 3293 319 3333 et
341 3284 483 3351 insipientis
507 3286 608 3335 morbus
631 3304 730 3353 semper
762 3299 803 3339 ter
819 3290 924 3340 aberant
940 3290 1073 3354 AthenisJ:
1100 3290 1142 3340 ubi
1159 3308 1187 3341 v.
1205 3286 1273 3341 urenti

212 3370 270 3402 cum
293 3351 367 3419 culpa
388 3352 537 3403 coniunctus
559 3358 623 3403 cst.“
666 3354 729 3405 cod.
763 3375 789 3425 p.
801 3361 856 3415 177.
884 3356 1273 3427 Cl.Ochsnor.Eul.Cic.p.9h

211 3420 276 3485 tteg.
305 3420 464 3469 Lullemandi
493 3420 609 3470 exhibet:
643 3422 730 3472 morbo
762 3429 793 3475 A.
815 3425 959 3475 Grotel'end
982 3426 1122 3476 Commeut.
1145 3427 1213 3476 Mut.
1235 3423 1273 3474 lll·

212 3488 314 3538 tentari
326 3500 453 3567 possunt,
477 3505 588 3556 corpora
601 3502 728 3558 possunt:
764 3498 809 3555 16,
827 3500 852 3550 5.
897 3494 998 3542 Passow
1024 3494 1071 3543 Gr.
1097 3494 1191 3543 Iaexr'c.
1216 3512 1236 3543 s.
1255 3506 1273 3538 t·

212 3555 296 3622 quod,
314 3555 409 3605 srhuec
423 3555 549 3606 sententie
564 3575 667 3623 prorsus
681 3574 729 3607 ne·
762 3565 855 3613 ποιεῖν
878 3563 909 3627 2)
925 3560 944 3609 l.
976 3577 1002 3627 p.
1019 3562 1077 3619 494.
1095 3589 1129 3600 —
1163 3562 1204 3611 De
1225 3576 1273 3610 sen·

212 3622 321 3672 cessuria
335 3632 408 3682 esset,
425 3623 533 3672 Orellius
548 3625 618 3690 sequi
633 3624 729 3686 mullet,
762 3628 845 3677 tentia
863 3630 895 3677 cl'.
912 3634 1000 3678 senec.
1017 3627 1050 3678 de
1066 3631 1108 3678 Ira
1124 3630 1145 3677 Ι.
1165 3631 1228 3687 ο.3.

212 3707 288 3755 quum
300 3706 356 3738 curn
369 3689 483 3739 Bentleio
500 3690 646 3750 „inculcare
660 3691 729 3740 istud
814 3701 855 3751 32.
878 3696 1026 3766 ingeniosi,
1051 3707 1143 3755 ur-,
1170 3691 1273 3755 siciltit

212 3770 256 3816 ut,
284 3773 344 3805 sune
368 3773 442 3821 quam
466 3757 628 3823 languidum,
660 3759 729 3825 quod
763 3760 795 3811 de
817 3764 897 3828 Legg.
920 3765 962 3813 ΙΙΙ.
984 3768 1016 3825 2,
1034 3770 1058 3820 5.
1099 3763 1200 3812 Noster
1223 3774 1274 3810 vero

212 3841 269 3872 cum
290 3823 387 3871 uncinis
408 3832 508 3873 tantum
529 3827 626 3893 recepit
648 3828 729 3876 Wol-
761 3829 836 3879 Pluto
850 3830 969 3879 'l'itnnum
985 3847 999 3879 e
1014 3846 1108 3896 genere
1122 3830 1217 3879 statuit
1232 3844 1274 3885 ros,

212 3890 285 3939 lius.“
762 3897 819 3963 qui,
845 3908 873 3946 ut
890 3897 928 3946 illi
945 3897 1111 3959 coelestibus,
1138 3896 1177 3947 sic
1193 3897 1218 3946 hi
1234 3890 1273 3961 (rel

260 3956 349 4006 sintr'le
362 3958 490 4025 quiddam
498 3956 618 4026 sacrum)
645 3963 728 4011 Gruc-
761 3966 846 4031 potius
858 3966 893 4030 ir')
907 3965 1073 4014 adversentur
1083 3964 1273 4029 magistratibus·

213 4026 377 4076 ceznorotor
387 4025 516 4078 τοιοῦτόν
525 4045 559 4078 τι.
578 4032 658 4095 huope
668 4048 727 4077 ver·
760 4033 878 4080 Acutlcm.
893 4035 925 4081 Il.
942 4040 973 4091 5,
993 4033 1034 4089 14.
1070 4031 1208 4096 Similiter,
1227 4044 1273 4081 cunt

211 4091 270 4143 bum
285 4090 426 4160 feriendi,
451 4103 480 4142 ut
497 4110 614 4159 graecum
637 4101 728 4149 ποιεῖν
759 4099 924 4165 perturbare,
942 4110 971 4149 ut
985 4099 1023 4149 illi
1035 4100 1227 4167 rempublicam,
1243 4096 1273 4145 sic

209 4160 606 4228 etuostrumtlrun,ituponitur,
624 4164 727 4214 utullus
761 4182 805 4215 vos
821 4165 1009 4234 philosophiam
1022 4194 1056 4206 —
1072 4167 1172 4217 velitis:
1198 4166 1238 4217 ubi
1252 4179 1271 4210 v·

199 4228 275 4281 verbi
286 4229 356 4282 vires
373 4230 502 4283 sustineus
518 4230 572 4283 eius
587 4230 732 4284 utuuersem
763 4250 828 4301 quse
841 4232 975 4284 uhnotsutt
985 4233 1165 4287 ttuelsemuuu.
1181 4252 1208 4303 p.
1222 4234 1271 4291 453
