2640 4626
530 214 793 267 ruomeouuua
1161 211 1201 279 19

123 337 162 397 de
176 345 275 397 morte
290 335 414 410 iudicia,
436 354 513 413 quae
526 334 709 412 ostendunt,
732 345 762 396 et
775 355 826 396 eos
846 345 973 396 mortem
990 338 1023 398 in
1038 340 1128 401 bonis
1141 341 1200 402 ha·

122 441 211 514 bere,
235 449 265 498 et
280 439 432 499 clarorum
448 437 586 499 virorum
601 437 654 516 qui
668 438 747 498 laeto
766 438 866 498 animo
883 448 1011 499 mortem
1027 462 1084 520 pro
1102 445 1201 522 patria
1237 460 1244 469 ·

120 541 331 622 oppetiverint
357 539 537 621 testimonia.
592 541 678 614 Quae
709 538 829 619 quidem
852 540 953 600 omnia
976 551 1007 601 et
1036 544 1119 604 omni
1145 566 1199 607 nos

119 645 230 703 mortis
245 651 328 703 metu
343 642 488 718 liberare,
511 650 541 701 et
557 662 641 721 spem
658 641 696 702 de
710 642 814 702 lutura
828 642 901 718 vite,
922 641 957 702 iu
969 664 1028 721 qua
1041 645 1122 708 beati
1137 648 1199 708 eri·

120 766 201 822 mus,
222 745 342 805 firmare
357 743 475 803 debent.

566 1015 768 1035 *γορ-

184 1231 639 1315 TUSCULANARUM
671 1231 1135 1310 DISPUTATIONUM

523 1401 615 1451 Luuu
638 1400 791 1466 saeuum,

303 1485 318 1518 ⁵
396 1518 449 1572 our
464 1518 524 1562 asr
536 1492 577 1561 o'a
589 1515 775 1561 rooeaanoo
788 1517 924 1575 rorone,

398 1616 402 1635 ’
498 1642 823 1703 cousracrus

129 1816 133 1823 '
207 1811 232 1871 Ι.
262 1812 457 1871 Paooeuruu.
501 1812 662 1889 Postquam
693 1811 796 1870 Cicero
823 1810 1035 1892 philosophiae
1063 1815 1196 1877 studium

121 1923 230 1973 contra
251 1913 315 1972 eius
332 1915 552 1993 vituperatores
572 1912 720 1988 defendit,
749 1913 959 1993 Romanosque
977 1914 1015 1974 ad
1030 1915 1110 1975 idem
1128 1928 1195 1977 stu-

120 2015 207 2074 dium
226 2014 386 2073 colendum
406 2016 568 2095 latinisque
585 2015 696 2073 litteris
716 2014 932 2076 illustrandum
950 2014 1124 2077 cohortatus
1142 2027 1195 2094 est,

120 2117 288 2193 docuitque
306 2115 530 2196 philosophiam
550 2139 566 2174 a
583 2116 749 2175 liberaliter
769 2115 912 2193 eruditis,
944 2114 1080 2177 adhibita
1099 2118 1195 2179 disse-

119 2218 211 2277 rendi
235 2219 397 2296 elegantia,
427 2219 543 2278 ratione
568 2229 598 2276 et
618 2210 670 2276 via
690 2218 878 2277 tractandam
901 2239 978 2278 esse:
1009 2221 1195 2298 colloquium

119 2321 162 2379 ita
188 2320 362 2395 inducitur,
391 2332 425 2378 ut
447 2320 596 2398 primum,
624 2316 764 2378 hesterna
789 2319 951 2396 disputatio
972 2332 1113 2398 quantam
1131 2323 1194 2380 vim

119 2421 234 2480 habeat
251 2422 288 2481 ad
306 2422 437 2481 animum
455 2420 559 2480 mortis
571 2431 657 2481 ,metu
676 2429 705 2478 et
724 2441 757 2478 eo
771 2441 877 2498 genere
891 2420 1044 2479 molestiae
1059 2410 1194 2480 liberan-

122 2523 214 2600 dum,
236 2523 341 2602 paucis
355 2514 523 2602 repetatur,
545 2534 610 2581 tum
625 2522 783 2580 universae
796 2519 1006 2600 philosophiae
1023 2520 1062 2578 ad
1080 2522 1194 2593 animos

121 2637 229 2699 contra
249 2625 352 2683 inanes
371 2624 608 2699 sollicitudines,
637 2623 816 2703 cupiditates
833 2623 1014 2702 timoresque
1031 2623 1193 2685 firmandos

119 2706 361 2803 muniendosque
380 2726 509 2793 efficacia
528 2725 681 2784 laudetur.
700 2747 724 2784 c.
746 2720 850 2792 1-4.

433 2945 530 3004 Paroa
552 2967 623 3005 rsus
644 2964 880 3004 nrsrorarroms.

147 3100 150 3107 ·
206 3079 245 3139 ll.
270 3080 387 3138 Turum.
417 3082 518 3139 Dolor
532 3083 700 3139 maximum
714 3081 1077 3140 estmalorumomuium.
1111 3079 1194 3140 Haeo

119 3181 271 3241 sententia
298 3179 398 3239 statim
425 3202 458 3239 eo
486 3193 679 3259 argumento,
717 3183 799 3258 quod
826 3181 955 3241 dedecus
981 3191 1010 3240 et
1034 3171 1205 3260 turpitudo*

119 3283 218 3345 maius
243 3283 283 3341 sit
302 3282 406 3341 dolore
428 3284 557 3358 malum,
586 3283 751 3358 refellitur,
780 3293 816 3341 ut
838 3283 898 3342 iam
921 3305 953 3342 ea
973 3284 1130 3342 immutata
1150 3283 1194 3341 sie

119 3392 327 3463 proponatur:
358 3384 445 3443 dolor
465 3388 582 3443 malum
603 3398 653 3444 eat.
677 3406 701 3443 c.
717 3389 747 3452 5.
791 3386 948 3462 Sequitur,
970 3394 1006 3443 ut
1022 3382 1193 3461 quaeratur,

120 3486 212 3544 dolor
229 3481 389 3565 (corporis)
406 3485 557 3544 malumne
572 3487 626 3560 eit,
649 3495 679 3544 et
696 3495 842 3563 quatenus
859 3487 905 3559 sit.
944 3485 991 3545 ad
1005 3485 1085 3543 haue
1100 3505 1193 3562 quae·

119 3588 252 3646 ationem
272 3586 484 3645 illustrandam
509 3597 539 3644 et
558 3586 776 3664 explanandam
797 3587 890 3644 trium
908 3586 1083 3665 principum
1101 3585 1194 3645 disei-

118 3689 276 3768 plinarum
294 3686 406 3746 dehoc
423 3697 597 3764 argumento
615 3688 776 3746 sententiae
791 3697 993 3746 recensentur.

209 3789 241 3869 1)
271 3789 424 3849 Sententia
452 3791 687 3868 Cyrenaicorum
716 3786 899 3869 (Aristippi)
924 3799 954 3848 et
974 3790 1195 3868 Epicureorum

121 3892 309 3952 confutatur.
336 3911 362 3950 c.
379 3891 408 3956 6.
426 3891 453 3958 7.
472 3893 497 3968 §.
516 3891 564 3958 17.
601 3888 679 3972 ¹(llic
695 3892 798 3950 Cicero
816 3912 900 3950 suam
914 3891 979 3970 ipse
995 3890 1111 3969 profert
1125 3909 1195 3949 sen-

119 3993 265 4068 tentiam,
288 3993 407 4068 dicens,
429 3992 564 4052 dolorem
584 4013 647 4052 rem
662 4015 724 4077 esse
737 3994 867 4069 tristem,
890 4014 1033 4072 asperam,
1056 4011 1196 4065 amaram,

120 4095 278 4155 inimicam
308 4104 449 4171 naturae,
484 4095 522 4155 ed
550 4095 726 4174 patiendum
755 4095 1005 4173 tolerandumque
1033 4093 1195 4165 difficilem,

121 4210 193 4274 ergo
217 4206 248 4255 et
269 4195 397 4255 malum:
428 4198 511 4274 quod
531 4199 573 4256 ita
594 4219 672 4274 esse,
700 4198 868 4276 intelligere
889 4198 962 4259 lieet
983 4217 1092 4271 exeo,
1114 4192 1209 4272 quod·

924 4298 983 4367 2*
