2640 4626
243 842 245 848 .
308 748 511 839 runai
541 731 997 859 u1sr0urcnsn.

709 947 895 999 ornatissimum
911 959 1072 1016 prytaneum,
1090 948 1200 1017 amplis-

709 1015 771 1065 sima
790 1015 859 1065 curia
881 1016 1052 1084 templumque
1070 1017 1201 1083 egregium

363 1056 397 1105 A·
708 1082 775 1133 Iovis
784 1082 882 1150 Olymp.
894 1093 1042 1152 ceteraeque
1057 1083 1128 1134 urbis
1157 1102 1201 1133 ar-

119 1154 273 1206 Aeademic.
290 1153 353 1203 Erat
361 1171 408 1221 pro
427 1152 464 1203 rie
475 1151 641 1220 Gymnasium
708 1161 748 1200 tes
763 1167 813 1199 nna
828 1150 882 1199 lata
895 1151 936 1200 via
951 1162 1077 1229 perpetua
1095 1169 1121 1200 m
1152 1151 1200 1200 tis-

151 1222 179 1272 in
198 1221 354 1271 Athenarum
378 1172 507 1270 solertia.
540 1225 573 1281 5,
599 1222 640 1276 91.
728 1234 758 1267 ue
767 1218 916 1268 transversis
932 1218 1028 1270 divium
1036 1219 1145 1297 privatis
1155 1235 1200 1268 ae-

152 1289 202 1338 Hic
209 1289 283 1339 Plato
297 1287 410 1337 scholam
425 1287 561 1349 excitabat,
577 1303 641 1354 quae
728 1285 799 1334 'liciis
811 1284 981 1336 continentur.
1017 1287 1069 1336 Cro.
1088 1286 1118 1336 in
1133 1287 1201 1337 Ver-

151 1372 182 1405 ex
199 1372 230 1406 eo
246 1355 305 1405 loco
315 1355 450 1404 Academia
465 1353 535 1404 dicta
555 1363 601 1403 est.
615 1359 640 1416 2,
708 1369 761 1402 rem
776 1353 807 1401 L.
830 1353 855 1409 4.
880 1371 901 1402 c.
919 1357 960 1410 53.
972 1382 1003 1390 ·-
1012 1361 1037 1414 5,
1055 1357 1097 1411 65.

151 1425 177 1480 4.
192 1426 217 1480 9.
232 1425 264 1482 3,
279 1426 320 1479 12.
335 1429 359 1482 5,
378 1427 422 1479 82.
449 1421 579 1486 Significat
595 1438 642 1470 ea·
674 1424 787 1473 Aeacus.
821 1418 889 1470 lovis
910 1437 941 1470 ex
963 1422 1066 1498 Europa
1087 1420 1145 1470 sive
1170 1437 1200 1470 ex

151 1489 210 1540 dem
222 1506 273 1538 vox
293 1489 378 1539 locum
392 1489 419 1538 iu
434 1487 579 1538 Tusculano
601 1487 641 1537 (Σί-
708 1485 805 1553 Aegina
820 1486 894 1536 filius.
912 1488 967 1536 Rex
976 1493 1098 1554 Aeginae.
1115 1489 1200 1537 Tanta

152 1555 265 1617 cernuis,
291 1556 319 1605 in
344 1572 394 1623 quo
415 1555 592 1622 disputabatur
609 1554 641 1604 de
707 1553 804 1604 institia
827 1571 944 1619 regnasse
961 1554 1069 1616 dicitnr,
1090 1564 1121 1604 nt
1145 1571 1200 1605 cnm

151 1625 227 1674 rebus
245 1622 435 1690 philosophicis.
452 1629 485 1682 2,·
496 1626 520 1678 9.
538 1626 563 1682 3,
580 1625 606 1680 7.
708 1622 795 1671 Minoe
829 1631 856 1669 et
879 1619 1075 1672 Rhadamantho
1108 1622 1199 1672 tertius

119 1692 282 1743 Academici.
301 1692 341 1739 lta
354 1689 512 1739 vocabantur
523 1687 642 1756 philoso·
707 1688 784 1738 iudex
801 1687 959 1738 infernorum
976 1707 990 1738 a
1005 1689 1118 1740 Plutone
1136 1706 1199 1740 con-

150 1758 197 1827 phi
211 1756 314 1808 scholae
323 1756 489 1816 academicae,
510 1755 579 1805 euius
594 1773 641 1805 aa·
709 1756 866 1806 stitueretur.
903 1759 934 1816 1,
949 1760 992 1815 98.

153 1835 210 1878 ctor
225 1834 280 1874 erat
294 1823 379 1874 Plato.
414 1823 520 1872 Hisnnt
533 1823 642 1874 Acade-
674 1827 778 1875 Aeeten.
812 1823 868 1871 Rex
881 1822 1049 1885 Colchorum,
1067 1823 1135 1874 filius
1150 1827 1197 1874 So·

154 1894 217 1943 mici
242 1902 362 1943 veteres:
396 1908 411 1940 a
434 1890 523 1956 quibua
548 1890 642 1939 distin·
707 1890 748 1940 lie.
772 1888 831 1939 liius
848 1889 922 1939 liberi
939 1900 1012 1940 erant
1027 1890 1130 1953 Medea,
1145 1892 1197 1940 Ab·

154 1958 248 2027 guendi
263 1968 323 2008 sunt
337 1958 492 2009 Academici
509 1959 641 2008 recensio·
708 1967 791 2027 syrtus
805 1966 832 2005 et
847 1955 975 2024 Calciope.
1001 1959 1075 2007 lason
1097 1976 1198 2008 aureum

152 2045 204 2086 res,
240 2042 329 2076 uorum
345 2035 435 2076 auctor
455 2033 495 2074 est
508 2024 640 2086 Arcesilas,
709 2024 803 2084 vellus,
826 2023 895 2090 quod
912 2025 1073 2085 asservabat,
1090 2025 1197 2075 Medeae

151 2043 641 2226 uiuamacuta.-
708 2091 916 2216 3..26..3.,...
940 2091 1072 2161 aa...
1089 2092 1196 2161 ...a

85 2194 91 2205 .
633 2194 640 2219 ,
735 2197 742 2220 ,
795 2194 801 2207 .
854 2193 860 2207 .

80 2280 84 2289 ,
152 2228 267 2294 adeoque
284 2226 317 2276 de
333 2223 450 2276 omnibus
471 2228 546 2275 rebus
562 2225 642 2275 dubi·
675 2227 769 2279 Aeliae
783 2226 886 2275 Sextus.
904 2226 989 2286 Catus,
1005 2225 1112 2293 insignis
1123 2228 1197 2289 Ictus,

150 2294 258 2346 tandum
282 2310 337 2342 esse
353 2293 508 2342 statuebant.
534 2293 573 2342 Cf.
595 2310 641 2343 nos
709 2309 790 2360 equo
803 2295 843 2342 Ius
857 2293 997 2345 Aelianum.
1022 2298 1113 2354 1,18.

151 2360 204 2410 inl.
214 2361 240 2409 d.
259 2360 291 2410 de
301 2359 429 2410 Ciceronis
437 2359 529 2426 philos.
545 2378 572 2429 p.
584 2361 641 2417 148.
674 2359 866 2438 Aesculapius,
885 2359 950 2437 lilius
967 2360 1095 2428 Apollinis
1104 2379 1129 2440 ,e
1146 2363 1197 2440 (Jo-

119 2445 248 2545 ...tii
266 2427 641 2547 ⁴ri..4⁷.·.⁵ii.⁵ii⁵.·a...
708 2425 1199 2555 sacratissimaru

101 2566 104 2574 '
152 2560 383 2611 Praestantissimus
391 2560 546 2611 Graecorum
554 2560 579 2610 in
586 2561 641 2611 bel·
709 2579 780 2612 cessa
798 2561 927 2623 exercuit,
955 2571 984 2611 nt
1001 2562 1066 2612 adeo
1084 2574 1199 2614 mortuos

152 2629 179 2679 lo
196 2627 320 2678 Troiano.
346 2629 384 2676 lle
404 2637 432 2679 ta
451 2628 500 2678 sibi
520 2628 552 2678 ab
568 2632 640 2694 Aga·
707 2628 735 2678 in
750 2628 828 2678 vitam
843 2628 984 2679 reduceret.
1018 2630 1080 2680 lnde
1096 2636 1199 2683 Aescu-

151 2712 285 2746 memnone
301 2645 411 2743 Briseide
434 2695 498 2745 adeo
512 2695 550 2745 ira
564 2713 640 2745 exar-
707 2696 777 2765 lapii
793 2695 872 2746 liberi
887 2705 945 2745 sunt
959 2697 1069 2747 Medici.
1096 2704 1124 2762 2,
1138 2703 1182 2767 38

152 2762 194 2825 sit,
211 2772 239 2811 ut
254 2760 410 2830 aliquamdiu
424 2761 493 2813 bello
508 2762 640 2812 abstinue-
673 2766 799 2832 Aesopus.
818 2763 999 2813 Celeberrimue
1014 2764 1115 2829 histrio,
1133 2764 1200 2816 ami-

134 2831 194 2879 rit.
220 2828 326 2890 Deinde,
346 2846 423 2896 quum
438 2829 530 2881 Graeci
543 2831 640 2879 aTro-
709 2849 753 2881 cus
771 2829 908 2881 (iiceronis.
935 2832 965 2892 4,
984 2839 1025 2890 55.

152 2896 298 2946 ianisvalde
306 2907 489 2962 premerentur,
504 2896 641 2946 missisunt
674 2896 815 2966 Afranius.
832 2898 913 2947 l’oeta
922 2898 1039 2949 comicus.
1055 2899 1082 2963 4,
1102 2899 1147 2958 44
1159 2906 1200 2960 55.

153 2974 257 3013 auctore
272 2964 382 3013 Nestore
402 2964 505 3030 Ulysses
526 2973 552 3013 et
576 2963 640 3013 Aiax
673 2963 822 3035 Africanus
838 2967 870 3014 P.
885 2966 978 3015 maior.
999 2967 1133 3017 Corneliam
1141 2968 1200 3018 Sci-

153 3031 185 3081 ad
199 3028 333 3089 Achillem,
352 3030 396 3098 qui
413 3030 487 3080 donis
510 3049 540 3081 ac
554 3030 642 3097 preci·
727 3033 751 3083 io
766 3031 968 3098 cognominatus.
985 3033 1064 3084 Filius
1080 3037 1199 3085 eratPn-

155 3100 199 3147 bus
214 3097 267 3146 eius
280 3097 389 3146 animum
406 3098 548 3160 ilecterent,
565 3108 592 3148 ut
608 3098 642 3148 ed
708 3052 755 3153 ilii
774 3101 849 3150 Corn.
866 3102 906 3149 Sc.
928 3100 971 3168 qui
989 3101 1085 3152 Consul
1102 3112 1160 3152 erat
1171 3107 1200 3152 A.

154 3181 265 3231 pugnam
272 3164 373 3214 rediret.
384 3167 413 3214 ln
421 3164 469 3214 hac
478 3183 534 3215 cum
542 3164 642 3216 Achille
708 3169 740 3219 V.
756 3169 813 3225 534.
854 3166 900 3217 Vir
921 3185 1030 3232 summus
1051 3168 1079 3218 in
1101 3169 1201 3237 republ.

84 3268 91 3286 ,
155 3230 366 3281 sermocinatione
392 3243 529 3281 occurrunt
551 3232 597 3299 (ll.
616 3237 641 3290 9.
708 3233 894 3302 temporebclli
903 3233 992 3286 Punici
1001 3236 1115 3286 secundi.
1144 3239 1202 3286 Hu-

155 3299 229 3364 542.)
246 3299 324 3350 verba
341 3315 356 3348 a
374 3297 496 3349 Cicerone
513 3299 598 3350 attam
616 3306 641 3363 3,
710 3301 749 3351 ius
764 3301 829 3352 filim
838 3301 941 3354 Publius
958 3302 1101 3370 adoptabat
1122 3304 1201 3353 filium

156 3371 196 3423 18.
220 3369 246 3426 4,
264 3371 304 3429 52.
710 3368 784 3419 Lucii
809 3367 910 3418 Aemilii
926 3369 1017 3431 Paulli,
1043 3370 1088 3438 qui
1111 3382 1201 3438 postea

121 3433 297 3484 Achradinae
305 3445 408 3503 portae.
433 3433 575 3484 Achradina
588 3443 644 3484 erat
710 3436 843 3486 Africanus
866 3435 948 3487 minor
963 3437 1152 3488 nominabatur.
1178 3443 1201 3501 1,

156 3503 407 3567 parsSyracusarum.
427 3501 584 3552 constabant
593 3505 643 3568 sy·
709 3507 753 3560 81.

155 3571 258 3618 recusae
271 3578 380 3640 quatuor
402 3569 520 3630 urbibus,
538 3585 643 3635 quarum
676 3568 825 3638 Africanus
839 3573 873 3620 P.
888 3572 982 3620 minor.
1008 3572 1082 3622 Lucii
1100 3573 1201 3623 Aemilii

157 3652 206 3684 una
222 3635 271 3684 fuit
287 3635 439 3698 Achradina,
455 3636 482 3684 in
498 3654 548 3704 qua
561 3637 644 3689 ibrum
710 3637 792 3692 Paulli
813 3638 973 3688 Macedonici
1003 3638 1084 3700 filius,
1112 3659 1128 3690 a
1170 3657 1201 3690 no

156 3700 304 3763 maximum,
324 3703 507 3770 pulcherrimae
521 3703 643 3771 porticus,
710 3703 949 3761 etiarnAemilianus
962 3705 1045 3756 dictus
1059 3718 1106 3757 est
1127 3660 1200 3758 Ailo-

191 3817 213 3883 ‘l
238 3819 313 3869 lluuc
333 3819 443 3871 indicem
467 3819 616 3871 historicum
639 3838 671 3877 ex
687 3819 802 3872 editione
818 3821 920 3884 Neidii,
947 3821 1033 3875 recisis
1052 3833 1142 3875 tamen
1159 3825 1200 3883 iis,

125 3885 233 3954 quaein
250 3886 339 3951 vulgus
364 3898 428 3937 nota
451 3898 549 3950 essent,
576 3888 608 3937 ad
628 3886 657 3901 ‘⁶
688 3904 721 3941 ne
736 3889 838 3957 paucis,
866 3907 930 3967 qnae
947 3890 1027 3956 magis
1044 3893 1199 3951 neccssaria,

124 3953 256 4004 nonnullis
274 3953 351 4007 ctiam
370 3954 507 4015 correctis,
526 3973 590 4022 qnae
607 3972 623 4005 a
760 3965 845 4017 errata
862 3957 1020 4018 viderentur,
1038 3975 1072 4008 eo
1091 3960 1199 4009 consilio

124 4020 286 4073 retinendum
301 4021 405 4087 putavi,
425 4032 468 4082 nt,
488 4039 564 4087 quum
581 4021 608 4072 hi
625 4022 900 4075 montmercantin
918 4035 973 4074 tum
986 4024 1200 4094 philosophorum

125 4086 282 4147 nominibus,
308 4098 363 4137 tum
387 4088 462 4138 rebus
484 4106 515 4138 ex
540 4089 648 4143 historia
672 4089 811 4169 depromtis
832 4091 920 4141 referti
937 4103 1036 4155 essent,
1064 4094 1201 4161 eademqne

125 4153 239 4221 pluribus
258 4154 321 4210 locis
339 4166 511 4214 recurrerent,
531 4157 625 4207 thonas
643 4174 729 4207 omniu
745 4158 773 4211 in
790 4175 868 4207 tinum
886 4158 972 4209 locum
989 4170 1124 4212 contracta
1142 4163 1200 4212 bre-

75 4244 78 4249 ,
126 4221 242 4288 vitcrquc
259 4221 390 4272 illustrata
408 4240 457 4272 nno
476 4222 548 4289 quasi
566 4225 697 4275 oculorum
715 4225 808 4291 obtutu
826 4226 1013 4295 conspicerent.
