2640 4626
191 189 242 263 18‘
589 202 850 256 ruciaconsns

190 348 271 389 mors
290 348 308 384 a
327 325 415 385 malis
429 324 549 405 potius,
578 342 668 402 quam
689 326 811 386 abonis
828 347 884 386 nos
901 324 1051 384 abducere
1071 321 1200 384 dicenda
1216 332 1270 384 est.

191 451 217 490 c.
235 425 287 498 34·
310 428 337 503 §·
356 425 574 496 83·-0·36·

277 527 309 609 d)
331 529 406 588 Etsi
421 527 481 588 hoc
490 528 591 608 ipsum
605 528 798 604 concedatur,
820 529 909 590 bonis
924 530 1015 588 rebus
1025 527 1162 587 homines
1173 537 1272 586 morte

191 631 317 714 privari,
333 641 433 690 tamen
450 630 565 690 idcirco
579 650 731 690 moranon
739 630 852 690 malum
863 640 915 689 est.
937 631 1014 690 Nam
1028 631 1151 706 mortui,
1168 649 1284 707 quon·-

192 736 252 794 iam
265 755 328 793 non
346 743 427 810 sunt,
450 732 603 795 necullua
619 751 723 791 sensus
736 732 774 792 iis
789 733 989 811 relinquitur,
1011 753 1068 821 nec
1085 732 1166 792 vitae
1186 752 1272 790 com-

192 836 289 897 modis
314 855 416 895 carere
440 843 585 913 possunt,
608 854 664 893 nec
681 855 785 893 eorum
803 834 987 894 desiderium
1003 832 1123 892 habere.
1166 834 1272 910 Neque

193 954 266 999 vero
286 937 346 996 dici
365 945 475 1017 potest,
497 935 531 994 id
546 937 648 1015 ipsum
664 935 804 996 odiosum
821 957 892 1011 esse,
910 936 974 996 sine
990 956 1083 997 sensu
1098 955 1180 1008 esse;
1202 955 1272 992 nam

193 1039 272 1100 nihil
288 1049 389 1119 potest
414 1039 448 1098 in
474 1059 509 1097 eo
528 1058 610 1114 esse,
633 1038 687 1116 qui
700 1038 765 1117 ipso
786 1048 918 1098 nonest.
942 1059 967 1097 c.
986 1038 1036 1105 36,
1059 1037 1110 1106 37.
1156 1034 1272 1116 (Neque

193 1141 268 1202 haec
298 1141 418 1220 opinio,
439 1139 596 1241 moqtalem
629 1160 691 1199 esse
728 1141 877 1215 animum,
894 1138 1075 1199 deterrebit
1098 1139 1272 1216 sapientem,

195 1263 256 1322 quo
277 1243 379 1303 minus
405 1264 453 1302 res
474 1241 633 1318 moliatur,
664 1243 842 1302 aeternitate
862 1243 985 1319 dignas,
1017 1250 1047 1300 et
1064 1240 1273 1319 posteritatem

195 1346 307 1425 ipsam,
330 1344 416 1404 cuius
431 1364 552 1404 sensum
569 1342 729 1403 habiturus
745 1344 881 1417 nonsit,
905 1343 943 1401 ad
960 1363 990 1402 se
1009 1351 1097 1421 putet
1112 1340 1271 1420 pertinere.

195 1448 272 1507 Nam
291 1447 408 1526 sapiens
423 1466 486 1504 non
504 1446 670 1525 cupiditate
687 1441 809 1524 gloriae,
833 1465 921 1524 quam
936 1453 1075 1503 mortuus
1092 1463 1272 1503 nonseusu-

157 1542 163 1551 ’
194 1569 246 1608 rus
268 1548 325 1624 sit,
347 1548 400 1607 sed
419 1547 562 1622 virtutis,
584 1567 673 1624 quam
699 1547 865 1607 necessario
886 1548 982 1625 gloria
1004 1546 1218 1623 consequitur,
1241 1545 1273 1602 in

193 1651 233 1710 iis
252 1669 328 1728 quae
344 1649 406 1726 agit
422 1650 554 1708 ducitur.
578 1669 603 1707 c.
623 1645 688 1728 38.)

281 1749 309 1832 e)
332 1752 435 1829 Neque
453 1772 533 1809 mors
552 1760 621 1809 ante
639 1761 756 1829 tempus
774 1750 825 1810 vel
841 1772 921 1809 mors
938 1751 1143 1829 inexspectata
1159 1749 1272 1806 malum

196 1853 259 1914 dici
271 1863 388 1933 potest,
410 1872 505 1930 quum
520 1852 643 1911 omnino
661 1874 742 1912 mors
758 1873 821 1912 non
835 1854 946 1911 malum
964 1851 1018 1925 sit,
1041 1860 1072 1910 et
1087 1860 1199 1911 natura
1211 1869 1272 1908 non

196 1954 235 2015 ad
254 1955 467 2034 praestitutam
489 1953 569 2012 diem
583 1953 679 2013 vitam
692 1954 780 2013 nobis
797 1952 1041 2014 commodaverit.
1084 1952 1168 2011 Licet
1180 1951 1274 2029 igitur

196 2065 325 2116 naturae
348 2057 443 2115 vitam
459 2065 611 2135 repetere,
642 2075 734 2133 quum
752 2055 829 2115 vult.
873 2057 913 2114 Et
933 2074 1007 2114 vero
1034 2053 1219 2113 diuturnitas
1240 2073 1273 2111 ac

197 2158 334 2219 brevitas
354 2160 436 2217 vitae
449 2166 523 2216 sunt
539 2157 679 2217 notiones
698 2178 773 2236 quae
791 2140 937 2217 dicuntur
954 2156 1108 2215 relativae.
1131 2176 1157 2214 c.
1172 2157 1225 2222 39.

282 2256 312 2325 4.
339 2259 501 2318 Conclusio
521 2263 615 2318 totius
631 2261 860 2340 disputationis.
904 2260 1003 2336 Ergo,
1026 2277 1120 2335 quum
1134 2277 1171 2316 ex
1192 2256 1274 2315 omni

199 2360 406 2438 disputatione
421 2359 502 2418 illud
515 2372 674 2439 sequatur,
697 2370 732 2420 ut
749 2381 829 2420 mors
844 2360 931 2419 nullo
948 2360 1038 2420 modo
1057 2360 1091 2418 in
1107 2359 1195 2417 malis
1215 2359 1273 2415 du-

199 2460 293 2521 cenda
306 2462 366 2536 sit,
389 2471 518 2521 mortem
536 2472 778 2536 contemnamus,
800 2482 897 2538 neque
915 2461 1098 2520 mollissimis
1112 2460 1273 2537 cogitatio-

198 2563 290 2634 nibus
309 2562 525 2637 effeminemur,
546 2563 599 2621 sed
616 2572 707 2622 totam
725 2563 788 2621 vim
796 2563 872 2621 bene
883 2542 1049 2621 vivendiisl
1060 2563 1152 2620 animi
1166 2562 1275 2620 robore

199 2672 229 2722 et
259 2663 465 2740 magnitudine
491 2674 521 2723 et
551 2663 584 2720 iu
608 2665 742 2721 omnium
771 2683 874 2722 rerum
904 2663 1105 2722 humanarum
1133 2672 1271 2722 contem-

129 2820 133 2827 .
198 2764 280 2823 tione
311 2773 341 2823 et
372 2764 406 2821 in
436 2763 518 2821 omni
549 2763 663 2823 virtute
699 2785 856 2843 ponamus.
905 2765 1053 2844 Exempla
1083 2762 1274 2837 Therameni,

200 2866 317 2923 Socrati
349 2865 555 2942 aliorumque,
600 2867 652 2943 qui
686 2867 839 2944 praeclare
870 2867 1019 2926 sactorum
1056 2864 1171 2923 conscii
1203 2865 1274 2924 sorti

202 2965 302 3024 animo
322 2975 448 3025 mortem
461 2967 677 3026 occubuerunt.
700 2988 725 3026 c.
741 2965 783 3034 40
796 3000 838 3014 -
851 2965 903 3036 42.
945 2966 1116 3049 (Digressio.
1154 2966 1198 3025 Do
1214 2965 1275 3026 hu.-

200 3067 331 3126 matione
348 3078 378 3127 et
394 3068 552 3147 sepultura
568 3078 758 3128 mortuorum
774 3069 849 3147 quid
863 3071 1057 3130 statuendum
1074 3067 1124 3143 sit,
1143 3070 1275 3146 exponi-

201 3176 260 3226 tur·
283 3190 308 3226 c.
327 3167 369 3239 ts
382 3200 424 3216 -
440 3167 505 3250 45.)

285 3270 348 3329 lam
358 3272 462 3331 Cicero
479 3271 560 3330 redit
573 3271 611 3331 sd
627 3293 669 3348 ea,
693 3292 770 3351 quae
780 3293 872 3352 supra
890 3272 928 3331 de
941 3269 1160 3332 contemnenda
1176 3282 1275 3333 morte

199 3372 339 3450 protulit.
403 3373 524 3432 Scilicet
556 3394 637 3432 mors
665 3382 731 3434 tum
765 3374 943 3453 aequissimo
978 3374 1078 3432 animo
1109 3375 1274 3452 oppetitur,

201 3492 296 3550 quum
315 3475 363 3533 sui
387 3495 417 3533 se
437 3474 578 3533 laudibus
604 3475 668 3533 vita
691 3476 831 3535 occidens
854 3475 1003 3536 consolari
1025 3484 1133 3554 potest.
1179 3477 1273 3535 Nemo

200 3593 309 3653 parum
332 3575 427 3652 vixit,
458 3577 512 3653 qui
537 3576 661 3636 virtutis
687 3579 836 3655 perfectae
860 3579 993 3656 perfecto
1011 3597 1135 3636 munere
1150 3577 1274 3638 iunctus

202 3684 255 3734 est.
299 3675 402 3735 Gloria
426 3687 543 3752 autem,
574 3678 630 3736 etsi
645 3676 723 3737 nihil
749 3678 874 3754 habeat,
905 3699 960 3738 cur
981 3690 1148 3757 expetatur,
1174 3691 1273 3739 tamen

190 3776 346 3837 ‘virtutem
362 3787 506 3855 tanquam
524 3779 632 3837 umbra
652 3779 798 3857 sequitur.
841 3781 964 3859 Sapiens
980 3781 1076 3857 igitur
1094 3800 1158 3838 non
1174 3781 1273 3840 solum

201 3877 308 3938 fidenti
324 3879 425 3938 animo
442 3879 595 3958 gradietur
612 3880 651 3939 ad
672 3892 817 3957 mortem,
838 3883 872 3940 in
899 3903 957 3960 qua
978 3892 1031 3941 aut
1047 3902 1203 3941 summum
1219 3883 1273 3942 bo·

201 3999 275 4038 uum
291 3989 344 4039 aut
359 3981 478 4039 nullum
495 3983 609 4043 malum
626 4003 689 4042 esse
709 3985 861 4062 cognovit,
882 3984 1039 4044 sedetiam
1056 3983 1199 4063 secundis
1214 3984 1274 4044 suis
1310 4016 1312 4025 ,

199 4081 291 4141 rebus
306 4083 384 4141 mori
399 4083 490 4144 volet.
513 4104 539 4145 c.
555 4081 606 4152 46.

284 4182 338 4243 lll.
358 4186 522 4245 Eruocos.
565 4185 686 4266 Epilogi
707 4187 776 4247 loco
800 4187 970 4248 afferuntur
986 4187 1123 4267 ipsorum
1146 4185 1273 4247 deorum
