2640 4626
549 187 680 238 maan
699 188 719 237 1.
736 192 777 246 27·
1155 189 1198 255 99

122 309 267 407 igneum.
293 305 347 379 his
367 305 456 378 enim
473 304 510 377 in
524 296 653 377 naturis
666 304 751 377 nibil
770 305 865 394 inest,
882 309 974 406 quod
988 310 1055 383 vim
1071 339 1196 388 memo-

121 412 213 497 riae,
238 408 377 496 mentis,
404 406 615 506 cogitationis
634 407 771 494 babeat,
797 410 890 508 quod
906 427 938 483 et
953 416 1132 511 praeterita
1149 433 1197 490 te-

121 530 218 600 neat,
245 528 277 585 et
296 511 404 584 futura
421 509 610 610 provideat,
637 526 670 582 et
682 509 856 611 complecti
873 514 982 614 possit
996 520 1196 616 praesentia:

122 644 209 716 quae
226 613 297 687 sola
317 612 429 686 divina
444 629 538 701 sunt3
562 640 625 687 nec
641 611 826 687 invenietur
847 643 1024 716 umquam,
1049 622 1138 694 unde
1155 623 1198 696 ad

121 717 295 792 hominem
315 715 426 789 venire
440 714 588 815 possint,
613 714 679 787 nisi
699 715 806 789 adeo.
858 717 1045 817 Singularis
1069 740 1118 797 est
1136 724 1198 822 igi-

122 838 181 893 tur
194 817 356 919 quaedam
371 834 490 890 natura
507 835 603 918 atque
619 816 669 890 vis
686 817 806 906 animi,
832 821 981 895 seiuncta
997 823 1039 896 ab
1058 824 1112 898 his
1130 827 1198 899 usi-

122 922 202 997 tatis
218 919 372 1019 notisque
388 919 524 993 naturis.
574 920 626 992 Ita
641 919 808 1021 quidquid
827 939 877 996 est
892 922 991 1012 illud,
1009 916 1108 1026 ¹qnod
1124 955 1199 1002 sen·

122 1027 175 1113 tit,
202 1022 294 1124 quod
309 1022 407 1122 sapit,
433 1022 526 1121 quod
543 1020 664 1110 rivit⁶‚
691 1023 782 1121 quod
799 1024 905 1123 riget3
931 1037 990 1099 et⁷
1010 1029 1150 1103 coeleste
1168 1048 1200 1105 et

123 1127 277 1202 divinum
287 1129 319 1213 ⁸,
345 1124 390 1197 ob
408 1152 545 1223 eamque
560 1152 630 1197 rem
646 1140 814 1198 aeternum
829 1127 873 1200 sit
890 1157 1025 1204 necesse
1039 1149 1095 1206 est.
1129 1135 1200 1207 Nec

123 1258 206 1305 vero
221 1229 303 1302 deus
320 1227 411 1327 ipse,
437 1228 495 1326 qui
511 1223 706 1325 intelligitur
721 1256 738 1298 a
756 1228 873 1317 nobis,
899 1230 965 1303 alio
985 1235 1088 1306 modo
1104 1235 1200 1309 intel-

123 1332 187 1432 ligi
203 1345 323 1432 potest,
347 1329 414 1402 nisi
432 1357 527 1403 mens
544 1328 651 1402 soluta
666 1329 829 1428 quaedam
844 1348 875 1403 et
890 1331 1005 1421 libera,
1030 1355 1201 1436 segregata

126 1436 170 1508 ab
193 1433 285 1507 omni
301 1431 511 1505 concretione
526 1431 668 1517 mortali,
694 1432 899 1532 omniaque⁹
919 1437 1064 1510 sentiens
1082 1457 1113 1511 et
1130 1469 1201 1513 mo-

127 1564 226 1624 vens,
261 1535 401 1636 ipsaque
425 1533 576 1634 praedita
604 1550 697 1606 motu
720 1537 951 1634 sempitemo.“
1003 1548 1060 1620 67.
1085 1542 1157 1615 Hoc
1184 1571 1201 1616 e

127 1666 266 1738 genere,
293 1654 390 1737 atque
407 1637 533 1727 eadem
545 1665 562 1708 e
576 1653 694 1708 natura
711 1652 760 1709 est
776 1639 918 1711 humana
932 1666 1035 1713 mens.
1073 1682 1076 1687 ·

231 1740 328 1813 Ubi1
356 1739 478 1837 igitur,
505 1755 561 1811 aut
582 1737 688 1837 qualis
706 1755 756 1811 est
770 1738 834 1812 ista
855 1743 973 1814 mens?
989 1789 1036 1799 -
1055 1744 1123 1816 Ubi
1136 1761 1202 1833 tua,

129 1860 189 1916 aut
215 1841 346 1941 qualis?
371 1858 511 1941 potesne
527 1840 661 1914 dicere?
686 1869 746 1927 an,
772 1842 801 1913 si
820 1842 933 1917 omnia
958 1844 1002 1917 ad
1019 1845 1203 1944 intelligen-

129 1947 211 2019 dum
228 1973 297 2016 uon
313 1944 432 2031 babeo,
457 1970 541 2045 quae
552 1942 806 2029 haberevellem‚
832 1974 874 2018 ne
891 1946 933 2019 iis
948 1947 1095 2046 quidem,
1120 1978 1204 2048 quae

129 2048 252 2133 babeo,
276 2046 360 2119 mihi
375 2074 436 2146 per
450 2062 483 2118 te
497 2045 546 2116 uti
561 2044 697 2117 licebit?
720 2091 766 2101 -
788 2048 864 2118 Non
884 2048 969 2121 valet
985 2067 1112 2122 tantum
1133 2052 1204 2123 ani-

129 2178 216 2236 mus,
242 2164 278 2220 ut
296 2156 395 2221 sese²
417 2148 490 2248 ipse
512 2146 637 2220 vidcat:
665 2163 706 2234 at,
732 2164 770 2218 ut
786 2148 911 2238 oculus,
938 2152 986 2225 sic
1003 2148 1143 2239 animun,
1169 2182 1204 2227 sc

129 2281 201 2325 non
215 2250 342 2338 videns,
368 2248 432 2323 alia
447 2249 559 2323 cernit.
585 2250 654 2322 non
671 2248 760 2322 videt
779 2268 896 2339 autem,
923 2252 1013 2351 quod
1032 2253 1205 2328 minimum

200 2420 285 2479 fiatii
307 2420 373 2472 vult.
398 2419 475 2470 Malo.
517 2418 593 2477 7Sic
610 2420 655 2470 W.
672 2419 748 2470 solus.
776 2423 819 2469 Or.
836 2437 858 2470 c.
876 2420 945 2486 vulg.
963 2421 1047 2471 omisit
1063 2436 1098 2473 et.
1131 2424 1207 2482 SSic

131 2492 163 2540 R.
183 2489 227 2539 Gr.
244 2489 269 2538 b.
287 2489 315 2538 P.
333 2489 365 2539 D.
375 2515 408 2526 -·
425 2490 485 2537 Ern.
496 2504 517 2536 c.
533 2487 601 2553 vulg.
611 2487 731 2539 divinum
747 2498 796 2537 eat.
830 2491 848 2545 9
864 2487 905 2538 Sic
922 2490 982 2538 Eru.
998 2490 1086 2540 tacite.
1104 2493 1146 2541 Or.
1163 2509 1207 2542 ro-

131 2557 218 2607 stituit
235 2556 324 2606 omnia
340 2566 407 2604 sent.
443 2555 505 2613 1111
519 2555 578 2605 Eru.
596 2554 742 2622 praeligitur
754 2559 787 2605 A.
803 2553 882 2606 Male.
915 2558 1012 2616 2Eru.
1030 2575 1052 2607 c.
1070 2559 1134 2609 Dar.
1152 2577 1190 2609 ae.

184 2656 243 2706 Cau.
260 2655 372 2704 XXVII.
408 2657 450 2713 66.
482 2655 512 2704 in
540 2655 656 2722 uumris)
689 2654 809 2716 floribus,
833 2655 936 2723 plantis.
974 2656 1012 2706 cf.
1038 2657 1106 2707 infra
1118 2659 1149 2708 V.
1167 2663 1207 2721 13,

132 2727 169 2775 H.
188 2740 211 2773 e.
228 2722 267 2773 his
284 2723 311 2772 in
329 2722 496 2788 corporibus,
514 2721 655 2772 elementis.
689 2726 731 2781 37.
750 2724 781 2772 N.
796 2724 829 2772 D.
840 2725 871 2784 Π,
891 2728 930 2782 15.
949 2723 1038 2774 aether
1045 2742 1143 2793 semper
1151 2725 1208 2805 agi-

133 2793 168 2844 N.
177 2793 210 2840 D.
220 2793 251 2852 Π,
265 2797 306 2848 57.
324 2790 394 2857 quod
402 2789 657 2840 inhianaturisrela-
690 2800 760 2840 tatur
779 2800 805 2840 et
822 2790 899 2857 viget.
935 2792 1010 2841 Corn.
1034 2793 1101 2860 Nep.
1124 2793 1206 2843 Alcrb.

133 2871 177 2909 tus
192 2857 361 2925 amplificatur
376 2874 461 2907 sonus.
469 2858 512 2919 111,
532 2858 573 2914 14.
592 2873 657 2908 con·
690 2859 730 2919 V,
748 2863 773 2915 5.
791 2857 835 2925 qui
857 2857 943 2925 paullo
965 2868 1025 2910 ante
1041 2860 1152 2910 victores
1166 2859 1208 2909 ri-

135 2935 208 2977 oretu
221 2934 260 2974 eat
275 2941 306 2974 ex
321 2924 436 2992 pluribus
444 2924 549 2974 naturis.
567 2925 604 2974 Ib.
614 2928 656 2982 83.
691 2934 812 2991 guerant:
827 2925 871 2976 nbi
887 2926 919 2976 cf.
934 2927 1026 2978 Bromi}
1044 2928 1076 2977 V.
1086 2927 1208 2979 Oobsnar.

133 2993 234 3045 naturis
249 2991 305 3054 his,
332 2991 466 3059 exquibus
488 2991 571 3041 omnia
592 3009 658 3043 con·
689 2993 744 3042 Ecl.
763 2991 815 3042 Cic.
831 3011 857 3060 p.
870 2993 916 3051 4,.
1091 3049 1093 3055 ¹

134 3069 237 3112 staats
699 3104 702 3108 ⁴
741 3059 799 3110 Nec
812 3076 875 3110 uero
889 3060 978 3111 densi
996 3061 1033 3127 ae)
1050 3062 1135 3113 Locus
1148 3059 1210 3130 pul-

188 3145 256 3197 quae
279 3125 339 3176 sola
359 3125 455 3175 divina
478 3127 553 3192 aunt)
576 3128 610 3176 H.
634 3143 656 3176 e.
690 3126 827 3177 cherrimus
836 3145 866 3178 ac
874 3128 950 3195 plane
959 3078 1111 3196 platonicus.
1130 3132 1211 3191 Quam

135 3213 204 3264 quae
227 3194 308 3246 colum
330 3193 444 3243 divinam
463 3193 586 3261 originem
608 3193 659 3244 hu-
708 3195 820 3245 raeclare
851 3213 881 3246 ac
910 3196 1042 3262 magnifico
1065 3197 1154 3247 Cicero
1178 3195 1211 3247 de

136 3264 209 3314 bent.
257 3263 317 3313 Vox
342 3260 401 3311 sola
422 3259 500 3326 igitur
522 3278 574 3311 uon
602 3279 659 3312 cum
690 3213 777 3312 divina
794 3272 885 3313 natura
901 3263 1024 3326 senserit,
1050 3263 1211 3330 exposuimus

136 3348 225 3400 quae,
240 3328 286 3380 sed
302 3346 359 3379 cum
371 3329 467 3378 divina
482 3329 575 3379 coniun
593 3329 660 3379 endu
691 3330 720 3379 in
741 3329 759 3380 l.
782 3330 807 3379 d.
834 3329 866 3380 de
890 3330 942 3381 Cic.
964 3329 1008 3398 ph.
1031 3347 1057 3398 p.
1076 3335 1133 3388 177.
1154 3346 1209 3399 sqq.

136 3407 187 3448 est.
204 3398 238 3448 N.
255 3398 288 3446 D.
305 3398 334 3458 1,
350 3398 392 3454 34.
417 3413 482 3464 quac
497 3397 557 3446 sola
595 3397 660 3446 'vina
694 3401 751 3456 188.
767 3413 823 3465 sqq.

136 3475 231 3516 natura
246 3473 313 3515 eunt.
350 3464 445 3514 Contra
474 3465 511 3524 Il,
538 3468 580 3522 58.
596 3481 661 3530 quae
744 3469 786 3521 67.
805 3482 873 3532 quae
889 3461 988 3514 laudere
997 3463 1106 3529 vellem)
1125 3458 1212 3516 ‘M-

136 3532 269 3584 bominum
287 3532 372 3582 solum
391 3531 492 3581 autibus
509 3530 661 3581 iudicantur.
694 3532 814 3590 θετικῶς
831 3546 983 3597 expressum,
999 3539 1038 3592 ut,
1054 3528 1213 3583 denuncia-

136 3602 172 3651 V.
182 3598 366 3651 OchancrAEcl.
377 3599 429 3648 Cic.
447 3617 473 3677 p.
482 3600 525 3655 41.
543 3598 587 3665 qui
603 3598 662 3648 lau-
694 3599 732 3649 tio
749 3597 826 3665 plenu
840 3609 915 3658 osset,
931 3607 1095 3666 sequeretur,
1112 3597 1214 3666 sifim'

138 3667 187 3718 dat
203 3666 371 3719 Goerenzium
385 3666 419 3716 ud
432 3667 489 3716 Fm.
513 3667 599 3727 1.13,
619 3666 661 3724 44.
692 3677 783 3736 posset
800 3665 844 3732 (At
864 3663 919 3716 fieri
944 3682 996 3716 non
1015 3675 1111 3734 potest.
1144 3667 1213 3733 Ergo

137 3739 302 3855 {altillo
316 3732 562 3852 ..diiambi
575 3742 663 3851 tta&
694 3729 1216 3870 ttt'tlssttttl·..tt⁰ttllttll;

139 3869 256 3921 varhium
272 3870 369 3931 solum,
386 3869 514 3918 subtiliter
530 3869 663 3919 enucleare
697 3866 741 3921 dv.
776 3867 843 3920 Hinc
857 3880 981 3986 minuet,
997 3867 1108 3920 Emestii
1125 3866 1216 3920 conie-

139 3937 239 3989 ctudet.
275 3937 314 3987 Cf.
337 3935 479 3988 Gernhard.
502 3936 536 3986 ad
550 3934 625 3987 offic.
643 3938 663 3986 1.
698 3945 804 3999 uturum,
819 3937 860 3986 Ra
900 3937 1065 4004 oprobatum,
1081 3936 1215 4005 uelimpro

140 4011 175 4068 7,
192 4010 235 4063 22.
249 4021 276 4072 p.
293 4008 336 4062 29.
698 4002 794 4054 vellem
809 4003 945 4083 legendum
953 4021 1016 4066 esse,
1033 4004 1171 4056 abhorrere
1184 4002 1216 4053 ab

193 4072 263 4142 quod
273 4071 355 4141 viget)
371 4070 457 4123 Verbo
473 4071 586 4141 vigendi
602 4078 666 4123 con·
699 4070 773 4121 huius
796 4069 848 4121 loca
877 4072 1011 4123 sententia.
1061 4070 1163 4122 Etenim
1189 4067 1216 4118 iu

140 4141 241 4192 tinctur
265 4138 339 4189 notio
365 4139 467 4201 motus,
509 4139 669 4202 mutationis⁸
700 4137 1218 4203 enunciationibnsuonditionah‘busprac·

143 4206 285 4259 noscendi.
321 4203 388 4255 Hinc
404 4205 507 4274 proprie
525 4206 619 4256 dicitur
635 4204 668 4255 de
702 4222 760 4255 sena
775 4206 815 4255 vet
829 4202 1218 4272 perfaeummhtunctiviponi-

949 4276 1006 4341 7.
