2640 4626
89 216 91 227 '
198 213 258 282 too
440 221 721 274 ruscmauanun
736 221 1016 273 niseumrrouun
1048 290 1052 307 Ι

194 343 229 415 in
248 339 391 416 cundem
407 367 588 429 carcerem,
614 358 711 440 atque
729 341 765 413 in
786 340 928 413 cundem
942 338 1060 439 paucis
1076 353 1158 438 post
1174 336 1267 411 annis

195 444 360 548 scyphum
380 442 551 531 Socrates,
584 445 702 517 eodem
728 442 850 516 scolere
872 441 1037 528 iudicum,
1070 468 1140 540 quo
1156 456 1269 544 tyran·

194 576 326 634 norum,
351 546 583 619 Theramenes.
609 575 694 646 quae
713 563 762 619 est
775 547 877 644 igitur
894 545 964 619 eius
985 543 1110 630 oratio,
1138 571 1207 643 qua
1223 542 1270 615 sa·

197 651 242 724 cit
257 676 332 723 eum
354 648 449 721 Plato
471 675 570 720 usum
594 648 684 748 apud
699 648 845 737 iudices,
870 647 936 721 iam
950 662 1057 719 morte
1071 644 1270 719 multatum?

296 753 383 824 XLI.
407 752 551 847 „Magna
572 779 633 839 me,
658 751 775 851 inquit,
801 779 878 852 spes
892 766 992 837 tenet,
1016 747 1161 836 ludices,
1186 747 1269 821 hene

197 852 280 927 mihi
303 853 450 940 evenire,
476 853 569 952 quod
588 854 700 926 mittar
715 853 759 927 ad
777 870 926 926 mortem.
951 878 1087 925 necesse
1112 867 1164 924 cst
1184 848 1268 923 enim

198 957 241 1029 sit
258 956 395 1029 alterum
413 956 454 1028 dc
474 956 624 1045 duobus;
640 972 676 1028 ut
690 972 746 1029 aut
757 984 874 1029 sensus
895 954 1032 1027 omuino
1050 953 1164 1027 omnis
1180 979 1267 1025 mors

197 1058 342 1145 auferat,
367 1057 475 1131 autin
492 1057 592 1131 alium
621 1059 787 1157 quendam
809 1058 919 1132 locum
937 1086 976 1131 ex
993 1056 1046 1129 his
1063 1054 1149 1131 locis
1164 1070 1269 1129 mone

196 1162 364 1258 migretur.
390 1161 615 1260 quamohrem,
641 1160 709 1234 sive
723 1189 840 1235 sensus
859 1159 1087 1258 exstinguitur,
1112 1182 1270 1258 morsque

197 1264 227 1337 ei
244 1290 362 1335 somno
380 1260 497 1335 similis
521 1280 585 1351 est,
611 1263 669 1362 qui
687 1290 955 1364 nonnumquam,
988 1261 1087 1334 etiam
1102 1261 1179 1334 sine
1194 1259 1270 1333 risis

196 1363 413 1454 somniorum,
437 1365 695 1465 placatissimam
711 1367 852 1466 quietem
864 1365 977 1438 affort:
996 1363 1044 1437 dii
1062 1362 1173 1436 bonil'
1191 1361 1270 1463 quid

196 1466 280 1543 lueri
298 1484 347 1541 cst
363 1468 466 1540 emori
479 1470 517 1540 ⁸!
544 1485 599 1539 aut
621 1496 721 1567 quam
748 1467 841 1541 multi
869 1466 940 1540 dios
963 1464 1104 1567 reperiri
1119 1480 1271 1565 possunt,
1312 1550 1314 1573 Ι

197 1570 255 1670 qui
266 1569 326 1642 tali
341 1569 432 1642 nocti
451 1568 712 1669 anteponantur!
739 1569 988 1643 euisisimilis⁹
1006 1568 1118 1641 sutura
1129 1584 1182 1642 est
1198 1595 1272 1668 per·
1312 1598 1314 1611 ·

196 1672 340 1774 petuitas
363 1672 471 1743 omnis
499 1673 730 1771 consequentis
748 1674 928 1773 temporis,
952 1670 1030 1772 quis
1049 1699 1102 1745 me
1119 1670 1271 1744 beatior!

198 1781 258 1854 98.
284 1774 345 1845 Sin
358 1801 435 1845 vcra
450 1790 537 1861 sunt,
563 1802 647 1874 quae
665 1774 831 1863 dicuntur,
856 1774 1088 1873 migrationem
1099 1801 1175 1847 esse
1186 1800 1271 1847 mor-

197 1892 264 1951 tom
281 1876 316 1947 in
336 1903 391 1948 eas
408 1903 500 1963 oras,
526 1904 626 1976 quas,
652 1880 710 1977 qui
734 1906 752 1951 e
767 1879 834 1950 vita
849 1893 1076 1964 excesserunt,
1102 1875 1288 1949 incoluut:'

197 1978 234 2050 id
250 1977 354 2050 multo
368 1979 434 2050 iam
447 1978 576 2052 beatius
588 1997 646 2069 est,
671 1997 713 2068 tc,
741 2009 842 2080 quum
862 1981 903 2052 ah
918 1979 971 2067 iis,
997 1980 1055 2079 qui
1071 2006 1107 2052 se
1121 1978 1270 2053 iudicum

196 2108 334 2153 numero
350 2080 465 2153 haberi
480 2082 637 2171 volunt1,
662 2084 814 2170 evaseris,
840 2083 884 2157 ad
903 2110 960 2156 eos
973 2082 1095 2168 venire,
1122 2081 1270 2180 quivere

198 2182 326 2256 iudices
343 2183 565 2282 appellentur,
590 2186 751 2274 Minoem,
777 2184 1086 2271 Rhadamanthum,
1112 2183 1271 2271 Aeacum,

263 2373 282 2427 8
303 2384 318 2419 e
342 2369 426 2420 Guelf.
450 2374 516 2428 021.
541 2372 601 2421 Ern.
627 2372 701 2422 mori.
725 2372 756 2422 V.
778 2369 873 2422 Gemh.
897 2366 1152 2422 audactam.
1172 2374 1269 2440 p.135·

196 2439 215 2494 9
230 2435 272 2486 Sic
289 2438 390 2504 egregie
407 2438 537 2488 emendav.
555 2439 637 2489 Beati.
654 2456 702 2506 pro
718 2439 786 2506 vulg.
812 2440 856 2490 eui
871 2439 1019 2489 similia-
1036 2438 1176 2508 emporia.
1212 2438 1271 2504 Quis

196 2521 237 2554 me
253 2503 374 2556 beatior?
408 2511 422 2564 1
439 2508 498 2556 Ern.
515 2506 607 2556 velint.
624 2507 701 2557 Male.

245 2626 287 2681 97.
303 2621 716 2737 Plato)Apolog.Socratiac.32.
749 2623 817 2690 Ergo
833 2642 874 2674 nae
887 2622 978 2692 potius
997 2622 1024 2673 in
1047 2622 1174 2703 Hispania
1205 2625 1272 2676 aiace

195 2705 252 2758 pag.
268 2693 310 2748 93.
328 2690 359 2740 Τ.
374 2692 422 2739 Le
442 2690 558 2756 ‚Bipont
750 2701 818 2754 tum,
836 2708 910 2758 quam
932 2691 1046 2742 Formiis.
1063 2691 1130 2742 tud.
1195 2694 1233 2756 V,
1249 2697 1270 2750 1.

247 2759 305 2807 sive
319 2758 426 2823 sensus)
452 2756 518 2806 Voci
537 2757 595 2807 sive
608 2773 717 2824 respon-
750 2760 793 2808 Me
808 2759 940 2809 miserum!
964 2771 991 2809 te
1007 2759 1056 2809 ista
1079 2759 1179 2810 virtute
1196 2759 1271 2808 -in

196 2824 241 2874 det
258 2823 280 2889 §
291 2829 334 2882 98.
354 2824 398 2873 Sin
413 2841 473 2873 vera
488 2832 555 2873 sunt.
590 2824 632 2873 sic
648 2828 717 2875 Aea·
749 2835 835 2876 tantas
862 2844 993 2878 aerumnas
1012 2835 1121 2894 propter
1140 2844 1187 2879 me
1206 2828 1271 2878 inci·

196 2893 261 2941 dem.
278 2893 298 2941 1.
319 2896 346 2954 2,
360 2893 385 2948 7.
420 2890 479 2940 Sive
496 2890 563 2940 enim
587 2893 717 2942 Zenonem
751 2895 843 2945 dicre!
868 2897 897 2944 In
927 2893 1042 2945 omnibus
1070 2893 1145 2944 huius
1177 2895 1271 2962 generis

195 2975 314 3026 sequare:
327 2986 361 2996 —
380 2957 477 3008 sivero
493 2957 654 3009 Academiam
668 2977 716 3010 ve·
750 2962 871 3030 exemplis
888 2961 1043 3012 constructio
1059 2962 1204 3013 accusativi
1220 2978 1272 3013 cun

196 3035 278 3076 terem
293 3041 486 3092 persequamur:
503 3025 715 3079 attemerare.
748 3029 795 3079 inf.
811 3030 907 3097 pendet
933 3029 965 3079 ab
988 3028 1171 3080 enunciationa
1194 3031 1273 3098 aliqua

196 3111 223 3160 p.
239 3096 279 3152 13.
750 3097 856 3159 omissa,
891 3095 972 3147 veluti
1001 3114 1089 3147 nonna
1119 3098 1273 3169 indigum,

249 3160 308 3209 Cae.
327 3160 397 3210 XLI.
415 3164 457 3219 98.
477 3162 594 3212 Tene-
617 3162 655 3212 ad
672 3180 716 3214 sos
750 3166 844 3214 mirum
859 3165 921 3215 est?
938 3182 1000 3214 num
1008 3163 1136 3215 credibile
1146 3168 1215 3217 ess?
1230 3184 1271 3217 ve·

196 3227 297 3292 venire)
329 3229 362 3278 Η.
379 3244 400 3278 e.
417 3246 509 3279 verene
530 3229 568 3280 ita
582 3239 621 3280 est
635 3258 669 3270 -
688 3240 717 3281 te
750 3249 813 3282 rene
827 3233 868 3281 ita
885 3232 945 3282 est?
980 3232 1031 3282 Ubi
1048 3231 1127 3298 igitur
1141 3232 1273 3301 particula

196 3294 303 3345 venire?
319 3296 448 3363 Frequens
457 3307 562 3348 estusus
578 3298 717 3348 accusativi
750 3316 784 3350 ne
801 3296 888 3350 addita
904 3309 951 3361 est,
969 3316 1000 3351 ea
1014 3299 1127 3378 pertinet
1142 3302 1180 3352 ad
1195 3318 1273 3352 mun·

197 3381 254 3414 cum
270 3362 410 3426 infinitivo,
430 3374 475 3415 aut
489 3365 576 3416 addita
590 3365 717 3432 particula
751 3367 886 3417 ciationcm
918 3366 1076 3432 cogitatione
1097 3369 1273 3436 supplendam.

195 3430 378 3497 interrogativa
393 3451 443 3495 ne,
470 3443 514 3482 aut
528 3433 635 3495 omissa,
654 3448 716 3483 ora-
751 3435 789 3485 cf.
806 3435 941 3485 Heindorf.
952 3432 984 3485 ad
992 3420 1083 3485 Horait.
1094 3436 1150 3485 Sat.
1162 3438 1185 3489 1.
1202 3439 1272 3500 973.

195 3498 260 3549 tioni
274 3509 360 3550 rectae
385 3500 490 3563 inserti,
516 3517 592 3569 quum
608 3500 715 3568 exprimi
748 3521 773 3570 p.
792 3508 852 3560 201.
895 3504 1012 3568 Krneger
1030 3504 1273 3575 Untsrsuch'ungeu

195 3566 272 3645 debet
288 3567 369 3617 oratio
384 3568 492 3647 pffectus
507 3568 548 3617 vcl
563 3567 714 3618 admiratio-
748 3569 811 3620 tiber
821 3572 869 3621 lut.
882 3572 999 3621 Gramm.
1019 3571 1039 3620 1.
1050 3570 1115 3620 Hest
1127 3588 1158 3638 p.
1167 3578 1272 3639 23.sqq.

194 3634 714 3817 2¹¹:tlsstpdttt..l‘.¹¹·lait,lt.
746 3636 1136 3784 l.‘t¹.i⁰t..l“t...⁰.ttt1”t.
1152 3641 1272 3757 diiii.

192 3786 271 3840 posse
317 3768 380 3818 talia
412 3771 568 3820 Teucrorum
598 3780 714 3822 avertere
746 3790 773 3822 m
797 3768 1038 3835 exclamatiomhus,
1057 3771 1100 3823 ad·
1119 3774 1272 3825 admiratio-

193 3836 293 3902 regem!
312 3836 364 3886 cte.
378 3837 410 3886 ad
419 3838 497 3888 Attio.
510 3840 565 3899 IX,
582 3842 623 3898 13.
642 3840 713 3889 Tene
746 3854 817 3902 nom,
843 3842 1059 3907 indignationem,
1084 3841 1217 3893 laetitiam
1236 3840 1272 3890 ai·

193 3903 258 3954 haee
270 3904 432 3972 praeseferre.
466 3905 530 3955 Ibid.
545 3907 627 3968 V,11.
645 3907 711 3956 Hui!
745 3908 913 3974 gnificandam
936 3910 1004 3959 aud
1026 3911 1141 3960 Graecos
1158 3910 1270 3961 obtinet

195 3972 308 4021 totiesne
317 3971 464 4023 malitteras
479 3973 711 4036 dedisseltomam,
745 3976 894 4043 Plerumque
911 3928 1013 4027 additur
1028 3976 1153 4028 articulus
1167 3977 1219 4042 td,
1232 3974 1270 4026 rel

195 4056 272 4105 quum
280 4038 314 4088 ad
325 4050 352 4089 te
366 4039 450 4090 nullas
464 4038 566 4090 dareml
584 4040 616 4090 de
626 4042 710 4091 Divin-
745 4045 784 4096 τὸ
803 4045 848 4098 δέ.
868 4045 945 4112 Soph.
963 4044 1072 4096 Philoct.
1089 4045 1152 4104 234.
1172 4036 1270 4113 aipa-

195 4110 225 4157 tt.
236 4111 275 4164 13.
286 4106 342 4157 init.
366 4108 711 4159 Imnccinebominemtan-
744 4128 829 4165 saroa
845 4112 984 4180 φώνημα·
1002 4112 1098 4179 natet
1116 4112 1268 4182 nattaprts

193 4175 226 4225 tis
242 4175 402 4225 delectatum
415 4192 475 4226 ease
488 4176 574 4242 nugis!
589 4202 623 4216 -·
651 4176 711 4226 sine
744 4177 933 4248 πρόσφθεγμα
963 4178 1069 4234 τοιοῦδ’
1102 4177 1212 4247 ‘Moli
1240 4175 1267 4231 {a

72 4298 123 4344 ι
181 4243 315 4309 particula
324 4263 366 4297 ne.
403 4243 713 4308 oic.adnivv.ttttt.17.
746 4246 836 4319 qaino
852 4247 957 4316 umeri.
982 4248 1197 4301 attentarant
1205 4248 1264 4299 Hor.
