2640 4626
136 154 202 225 334
385 154 962 217 ausommnnuttorsrumnonun

137 313 200 358 nos
226 300 333 357 autem
357 282 508 356 volumus
531 280 774 355 beatissimam:
801 282 903 382 idque
922 282 1023 357 nobis
1040 283 1211 358 Socratica

138 388 193 461 illa
209 386 420 460 conclusione
435 384 656 459 confitentur.
707 384 764 458 Sic
779 385 866 457 enirn
884 385 1041 485 princeps
1057 385 1113 459 ille
1137 387 1212 487 pbi-

138 489 310 590 losophiae
321 487 521 562 disserebat:
547 486 654 588 qualis
671 486 830 586 cuiusque
846 487 948 560 animi
960 487 1100 561 ass'ectus
1116 507 1211 576 esset,

138 593 235 665 talem
253 619 325 664 esse
346 591 531 664 hominem:
558 588 666 689 qualis
680 605 788 661 autem
808 589 880 690 ipse
907 590 1008 662 homo
1032 607 1137 680 esset,
1163 608 1210 664 ta-

139 695 202 767 lem
219 694 289 767 eius
305 721 376 767 esse
391 693 593 766 orationem:
621 690 762 764 orationi
780 707 888 764 autem
903 691 989 765 sacta
1003 691 1138 780 similia,
1164 694 1209 768 fa·

139 799 200 871 ctis
216 797 324 870 vitam.
359 795 496 869 allectus
515 811 630 868 autem·
641 795 742 866 animi
759 793 792 864 in
809 794 899 867 bono
914 794 987 867 viro
1003 795 1208 884 ·laudabilis;

139 916 171 973 ct
188 900 255 971 rita
271 899 373 996 igitur
393 896 570 970 laudabilis
585 897 666 968 boni
682 896 760 968 viri:
788 914 820 968 ct
834 895 972 969 honesta
988 926 1080 995 ergo,
1106 926 1209 999 quon-

139 1002 205 1075 iam
219 1000 405 1074 laudabilis.
439 1029 476 1073 ex
504 998 641 1099 quibus,
666 997 832 1070 bonorum
859 999 989 1072 beatam
1004 1001 1105 1073 vitam
1132 1029 1209 1090 esse,

140 1104 356 1177 concluditur.
384 1147 429 1158 —
465 1107 522 1180 48.
547 1101 698 1188 Etenim,
723 1128 786 1200 pro
812 1100 950 1174 deorum
978 1117 1075 1202 atque
1101 1103 1207 1176 bomi-

139 1234 220 1278 num
236 1203 353 1278 fidem!
378 1231 539 1303 parumne
562 1203 729 1300 cognitum
757 1218 806 1276 est
829 1203 1059 1303 superioribus
1084 1209 1206 1279 nostris

140 1307 440 1408 disputationibus,
474 1334 516 1378 an
551 1303 795 1394 delectationis,
836 1321 868 1378 ct
906 1306 953 1378 oti
988 1309 1204 1381 consumendi
1244 1300 1247 1311 ’

140 1437 256 1485 caussa
286 1409 388 1481 locuti
422 1433 553 1495 sumus,
578 1407 771 1507 sapientem
797 1406 839 1479 ab
870 1409 961 1480 omni
988 1411 1207 1496 concitatione

140 1512 252 1599 animi,
278 1540 377 1611 quam
393 1508 675 1610 perturbationem
696 1537 788 1597 voco,
815 1536 946 1608 semper
960 1515 1100 1585 vocare?
1128 1541 1208 1587 sem·

139 1642 201 1715 per
219 1614 255 1687 in
271 1615 381 1686 auimo
400 1613 471 1686 eius
488 1640 559 1685 esse
580 1610 841 1711 placidissimam
866 1615 1008 1712 pacem?
1032 1615 1085 1686 vir
1111 1615 1208 1713 igitur

141 1731 360 1816 temperatus,
386 1731 558 1801 constans,
584 1715 656 1788 sine
677 1730 784 1802 metu,
810 1713 882 1788 sine
898 1715 1116 1815 aegritudine,
1144 1718 1208 1789 sine

141 1818 305 1890 alacritate
320 1816 435 1904 nlla7,
461 1818 532 1889 sine
550 1815 706 1903 libidine,
731 1819 843 1888 nonne
861 1816 1000 1891 beatus?
1026 1834 1060 1890 at
1081 1847 1209 1919 semper

141 1921 274 2020 sapiens
292 1919 384 1992 talis:
411 1947 541 2018 semper
556 1919 658 2016 igitur
674 1919 798 1992 beatus.
849 1919 919 1991 laur
933 1948 1011 1992 vero
1029 1921 1087 2019 qui
1103 1938 1208 2021 potest

141 2022 315 2095 virbonus
336 2050 403 2093 non
425 2021 467 2093 ad
486 2021 537 2108 id,
563 2019 653 2120 quod
676 2019 841 2093 laudabile
857 2021 914 2109 sit,
941 2023 1053 2094 omnia
1077 2025 1207 2108 referre,

141 2152 225 2224 quac
242 2125 326 2221 agit,
352 2151 500 2223 quaeque
515 2124 635 2196 sentit?
661 2123 761 2196 refert
781 2139 887 2195 autem
914 2124 1023 2196 omnia
1051 2125 1097 2197 ud
1119 2126 1206 2199 beate

143 2227 335 2299 vivendum:
361 2226 457 2298 beata
471 2224 572 2323 igitur
585 2226 649 2298 vita
670 2224 863 2298 laudabilis:
889 2254 950 2298 nec
968 2226 1153 2325 quidquam
1170 2228 1208 2300 si·

144 2357 187 2402 nc
201 2330 319 2401 virtute
336 2327 518 2401 laudabile:
545 2327 639 2400 beata
659 2327 760 2425 igitur
780 2327 845 2398 vita
860 2328 977 2399 virtute
997 2329 1178 2402 conficitur.

243 2431 349 2503 XVII.
399 2435 457 2508 49.
481 2430 591 2529 Atque
613 2430 678 2503 boc
693 2430 741 2502 sic
759 2429 856 2502 etiam
878 2429 1094 2503 concluditur.
1146 2435 1207 2504 Nec

142 2533 175 2604 in
197 2532 315 2605 misera
328 2530 394 2603 vita
410 2532 589 2631 quidquam
606 2549 655 2605 est
670 2530 892 2631 praedicabile
910 2548 966 2606 aut
982 2532 1205 2630 gloriandnnu

208 2725 225 2777 7
242 2720 274 2769 V.
291 2717 358 2768 Adu.

142 2846 248 2886 externa
274 2834 415 2886 necessaria
444 2853 497 2885 esse
526 2836 559 2887 ad
580 2835 658 2888 vitam
693 2837 734 2895 1⁴1.
751 2837 871 2887 insolens
887 2837 1025 2887 alacritas.
1044 2855 1066 2888 c.
1089 2842 1130 2896 17.
1154 2837 1209 2886 ala-

141 2905 242 2954 bcatam
259 2903 440 2954 conficiendum
456 2904 592 2970 negabant.
692 2906 776 2955 eritas
791 2902 889 2971 futilis.
922 2906 989 2955 Hinc
1013 2905 1161 2967 Bentleius‚
1178 2906 1210 2954 ai-

193 2972 281 3041 qualis
296 2972 432 3039 cuiusque)
448 2971 583 3088 Respicere
603 2974 660 3021 Da·
693 2972 744 3022 mul
762 2971 888 3034 oll'ensus,
914 2972 983 3038 quod
1004 2973 1141 3023 alacritas
1159 2971 1206 3040 epi·

141 3038 205 3089 visio
219 3039 318 3088 videtur
332 3038 365 3088 ad
379 3038 480 3089 Platon.
514 3041 659 3107 elleplll.
692 3039 765 3090 theto
781 3040 838 3089 nlla
861 3039 956 3089 donata
971 3039 1020 3101 sit,
1047 3058 1106 3090 cum
1131 3051 1210 3091 cetera

143 3124 170 3173 p.
192 3109 251 3164 438.
268 3106 311 3156 ubi
326 3108 457 3156 Socrates:
479 3106 512 3156 Τί
528 3106 553 3159 δ’
569 3106 583 3160 d
599 3104 659 3172 τρό-
693 3107 737 3157 illa
761 3119 859 3167 ntetus,
887 3107 1045 3175 aegritudo,
1078 3108 1163 3158 libido
1184 3124 1210 3156 eo

142 3177 257 3238 noceria
273 3171 431 3238 λέξεωςκαὶ
449 3171 463 3226 d
483 3175 563 3240 λόγος
577 3174 661 3244 αὐτῷ
694 3185 813 3236 careant,
838 3175 972 3240 legendum
998 3175 1126 3225 coniecit:
1159 3177 1212 3226 sine

143 3241 193 3301 en
217 3241 308 3307 ψυχῆς
330 3237 396 3306 ἤθει
414 3237 507 3293 lassat
529 3270 562 3281 -
580 3242 613 3311 τῇ
630 3239 660 3295 dl
694 3243 837 3292 alacritate
888 3243 963 3302 utili,
998 3243 1058 3292 sine
1094 3242 1210 3294 libidine.

142 3260 212 3374 illst
228 3307 330 3370 edtlat
695 3309 801 3388 Propius
825 3327 841 3359 a
883 3310 943 3361 odd.
967 3309 1094 3378 scriptura
1121 3307 1211 3362 Davisii

192 3378 235 3434 1&
253 3377 366 3442 Etenim)
384 3378 420 3424 Et
435 3375 540 3443 (porro)
556 3375 662 3444 sapien·
698 3388 844 3428 contectura
853 3376 968 3439 discedit,
986 3376 1212 3444 legendnmsuspi·

143 3453 195 3493 tem
219 3443 251 3493 ab
277 3442 346 3495 omni
368 3443 561 3510 perturbatione
584 3443 662 3494 animi
696 3445 776 3495 cautis
791 3462 871 3494 aetna.
894 3449 928 3494 At
942 3443 1115 3495 renitentibus
1132 3444 1213 3496 omui·

143 3528 241 3573 vacare,
259 3509 346 3578 negari
361 3528 413 3561 non
421 3510 531 3578 poteritt
549 3511 576 3560 id
593 3515 663 3562 enirn
695 3513 741 3562 bus
762 3511 834 3562 libris
857 3522 882 3562 et
906 3510 983 3561 editis
1006 3523 1032 3562 et
1051 3513 1173 3582 scriptis,
1191 3521 1214 3561 et

143 3578 205 3628 satis
220 3579 349 3644 cognitum
365 3588 404 3628 est
416 3579 586 3695 srqterioribus
606 3579 662 3629 dis·
696 3579 781 3630 Nouio
797 3579 824 3629 in
840 3580 1008 3630 alacritatem
1024 3580 1107 3631 lectio
1118 3580 1213 3647 vulgata

144 3645 329 3712 putationibus.
356 3647 388 3696 V.
414 3651 435 3695 A
455 3655 544 3697 notata
570 3646 597 3696 in
617 3648 661 3696 tv.
701 3663 753 3698 non
766 3646 935 3697 sollicitanda.

144 3717 192 3775 18,
209 3715 252 3770 40.
270 3743 303 3751 -
326 3715 364 3764 De
382 3714 478 3781 reipsa
496 3714 528 3765 cf.
547 3732 603 3782 cap.
620 3718 660 3772 15.
747 3714 804 3764 co.
823 3716 906 3764 XVII.
923 3715 967 3773 49.
992 3714 1052 3764 Nec
1068 3715 1100 3764 in
1121 3717 1214 3766 misera

195 3781 254 3829 sine
271 3780 414 3831 alacritate
434 3781 498 3846 ulla)
525 3783 663 3833 Alacritas
696 3783 767 3847 cita)
781 3782 836 3832 Nec
849 3781 876 3831 in
893 3784 982 3832 misera
996 3781 1058 3845 vita,
1074 3801 1124 3833 nec
1137 3782 1165 3833 iu
1179 3800 1214 3844 aa,

145 3847 171 3898 h.
186 3846 205 3898 l.
228 3865 279 3897 non
301 3848 399 3914 vulgari
419 3849 552 3911 sententia,
571 3850 615 3900 sed
631 3850 662 3900 de
697 3867 760 3916 quae
773 3866 820 3900 uec
828 3848 918 3898 misera
926 3849 1024 3908 ait‚nec
1039 3850 1127 3913 beata,
1160 3849 1214 3901 uid-

143 3914 288 3966 Stoicorum
316 3925 401 3965 mente
426 3916 593 3984 intelligenda
616 3928 663 3979 est,
697 3935 771 3985 quam
786 3926 826 3966 est
839 3917 1025 3984 praedicabile:
1042 3919 1118 3986 atqui
1131 3869 1215 3968 idue-

143 3992 173 4033 ut
193 3982 227 4032 ait
248 3984 353 4033 laetitia
375 3985 509 4053 gestiens,
533 3986 571 4037 uti
588 4003 664 4054 supra
696 3984 750 4050 gari
780 3984 882 4052 nequit,
908 4002 962 4034 esse
987 3985 1015 4034 in
1037 3986 1214 4036 nonnullorum

144 4053 186 4103 lV.
207 4068 229 4100 c.
259 4053 283 4108 4.
310 4055 335 4108 6.
357 4054 382 4108 7.
419 4049 533 4120 profusa
563 4053 664 4104 hilari·
697 4052 826 4103 hominum
848 4050 1022 4131 praedicabile
1046 4053 1163 4122 aliquid:
1190 4050 1214 4100 id

144 4131 197 4169 tas.
216 4135 239 4168 c.
258 4123 297 4176 16.
315 4119 408 4168 inanis
421 4118 560 4170 alacritas.
581 4141 603 4173 c.
620 4125 663 4180 33.
696 4119 894 4188 (praedicabile)
910 4119 988 4186 igitur
1001 4119 1067 4170 nihil
1084 4120 1156 4170 alind
1168 4136 1213 4187 po-

144 4185 284 4237 exsultans
298 4187 468 4256 gestiensque
487 4187 602 4240 laetitia.
619 4189 664 4242 IV.
698 4199 749 4239 test
762 4205 825 4251 esse,
842 4187 890 4238 nisi
905 4186 958 4239 vita
973 4188 1058 4238 beata.
1092 4189 1155 4241 Vita
1171 4205 1215 4238 au-
