2640 4612
481 234 608 284 Lmen
626 236 658 283 n.
679 237 719 292 ιο.
1077 219 1135 287 171

166 352 257 424 XVl
273 355 350 433 ’37.
373 350 559 424 ΜίΙὶῑίοοιΒ
577 361 829 446 vcro(nost1·am
847 351 934 436 dico,
949 377 1019 421 non
1035 349 1138 449 Spar-

64 455 239 541 tiatarum,
266 456 416 553 quomm‘
433 454 582 553 procedit
607 482 700 526 mora
732 455 774 526 ad
802 451 918 527 tibiam
932 462 973 540 ⁰,
998 479 1060 524 nce
1080 453 1139 526 ad-

66 557 213 630 hibetur·
230 555 296 628 ulla
325 555 400 643 sinc
429 556 615 655 anapaestis
642 555 785 655 pedibus
812 554 956 628 hortatio
966 563 989 647 ς)
1014 555 1133 626 nosti1

67 658 231 734 exercitus
247 658 392 758 primum
408 658 496 731 unde
514 685 635 731 nornen
653 658 788 745 habeat:
814 657 906 731 vides
923 656 1053 743 deinde,
1081 655 1136 756 qui

66 762 174 850 labor,
181 776 325 861 quantus
334 760 490 858 agminis:
508 761 593 833 ferre
602 760 677 859 plus
687 759 853 833 dimidiati
861 759 985 832 mensis
994 758 1138 850 cibaria3

66 865 164 950 ferre,
190 861 220 936 si
237 863 320 962 qnid
337 863 380 936 ad
395 890 493 935 usum
507 861 623 949 velint;
649 862 734 957 ferre
752 861 880 935 vallum.
904 889 980 933 nam
999 876 1138 948 scutum,

66 965 227 1064 gladium,
243 963 395 1063 galeam,
421 965 455 1036 in
475 993 576 1038 onere
590 965 697 1037 nostri
714 964 834 1038 milites
849 993 918 1037 non
932 962 1008 1063 plus
1023 991 1138 1036 nume-

132 1157 154 1213 8
170 1153 204 1203 V.
220 1151 286 1202 Adn.
327 1156 345 1211 9
361 1151 402 1202 sic
421 1152 486 1203 coni.
503 1153 523 1202 1.
540 1152 582 1202 Fr.
607 1152 721 1203 Gronov.
740 1168 788 1219 pro
805 1150 873 1217 vulg.
886 1150 1009 1221 procedit
1030 1148 1067 1200 ad
1083 1165 1140 1199 mo-

68 1220 129 1273 dum
143 1220 184 1270 'ad
197 1218 299 1271 titum.
346 1225 359 1279 1
376 1221 408 1271 V.
427 1220 492 1270 Adn.

69 1337 177 1389 tentiam
198 1336 276 1388 ettam
297 1336 435 1389 Fornelliui
456 1335 482 1385 iu
508 1333 585 1386 Thes.
620 1346 679 1386 sunt
700 1335 771 1403 Virg.
803 1338 866 1386 Aen.
889 1339 917 1396 Ι,
942 1339 1001 1394 573·
1044 1333 1140 1385 Urbem

68 1404 157 1456 Latin.
180 1423 202 1456 s.
225 1421 250 1455 r.
276 1402 376 1457 calculo
394 1420 441 1455 suo
457 1402 584 1470 probarit.
620 1421 698 1473 quam
720 1413 807 1453 statuo
834 1412 919 1453 restra
944 1411 991 1451 est.
1034 1402 1138 1453 Petrou.

68 1473 170 1524 Nissen.
182 1472 290 1540 interpr.
309 1470 373 1538 „die
392 1471 524 1523 Producte
539 1471 588 1520 des
621 1473 716 1529 c.134.
752 1472 831 1521 Hunc
853 1470 1046 1520 adolescentem
1065 1487 1140 1539 quem

70 1539 253 1593 Auchates-⁴
286 1541 342 1606 Ego
359 1538 474 1607 quidem,
500 1555 587 1587 verum
620 1538 706 1601 rides,
730 1539 797 1588 malo
819 1548 888 1588 astro
904 1547 1046 1587 natusest.
1080 1539 1138 1589 Seu.

70 1618 96 1658 ut
112 1608 217 1669 fatear,
242 1623 290 1658 nec
302 1606 369 1657 hunc
382 1604 527 1674 explicandi
542 1621 588 1655 rn-
621 1608 695 1656 Herc.
722 1608 779 1655 Oet.
802 1605 862 1663 410.
897 1606 977 1654 Hunc
995 1621 1070 1673 quem

70 1675 169 1726 tionem
186 1690 273 1725 rernm
295 1673 447 1735 censuerim,
470 1671 542 1722 neci
561 1676 600 1722 se*
621 1674 695 1724 urbes
709 1672 746 1723 ire
785 1673 925 1722 raeclarum
940 1669 1012 1722 rides
1031 1699 1064 1711 -—
1085 1620 1141 1722 ppt

72 1760 144 1809 quum
159 1741 187 1791 in
204 1741 257 1792 eins
278 1740 364 1792 locum
379 1739 531 1790 substituam
542 1690 594 1789 bt·
626 1739 665 1790 vis
679 1751 725 1790 est.
761 1691 840 1790 diuini
867 1738 1140 1808 enerisexemplalur·

72 1809 115 1859 beo
160 1808 302 1860 meliorem.
353 1806 482 1858 Bentleius
531 1805 592 1856 satis
626 1825 658 1874 ga
673 1826 749 1858 manu
759 1757 935 1875 suppeditabit
950 1807 1066 1873 Krueger
1081 1807 1141 1856 Un-

72 1875 209 1939 audacter,
248 1893 297 1926 nec
327 1873 496 1944 probabiliter
524 1873 593 1924 hunc
624 1876 819 1946 tersucbungen
855 1873 918 1925 iiber
947 1874 995 1924 lot.
1023 1876 1139 1925 Gramm.

72 1959 170 1995 versum
182 1942 392 1995 describendum
409 1951 507 1991 censet:
532 1945 592 1991 Du·
624 1945 668 1993 111.
685 1944 756 1993 Heft.
774 1962 799 2010 p.
823 1945 882 1999 215.
901 1959 957 2009 sqq.
993 1941 1031 1992 Cf.
1049 1941 1140 1993 Adno-

72 2012 137 2062 titia
173 2011 264 2062 smdio
301 2014 354 2071 est,
386 2027 463 2078 quam
487 2007 592 2077 sutt'tos
624 2009 822 2071 tatuin1.‘24,
841 2013 883 2067 56.

72 2077 203 2130 barbara:
221 2076 329 2128 Bonher.
345 2076 437 2144 suspic.
452 2077 590 2139 teneritas,
627 2107 632 2121 ι
770 2116 774 2121 .

72 2147 167 2198 Censor
181 2145 291 2197 ienensis
307 2144 453 2207 sedulitas,
478 2143 587 2194 Wolfius
672 2143 983 2213 quorumproceditmoro
990 2140 1140 2208 adtibiam)

66 2212 218 2284 festivitas.
619 2211 660 2262 Sic
684 2211 810 2262 verissima
826 2210 973 2261 coniectura
997 2208 1141 2261 emendavit

119 2282 182 2332 Cur.
196 2281 269 2333 XVI.
285 2284 328 2339 37.
351 2280 489 2344 Militiam)
516 2281 535 2328 l.
557 2279 585 2328 F.
620 2279 764 2329 Gronovius
778 2279 795 2327 1.
814 2277 839 2327 d.
855 2279 926 2326 MSS.
943 2277 1023 2327 Codd.
1037 2277 1140 2344 praefe-

73 2348 218 2401 Grouorius
235 2347 411 2414 corrigendum
427 2346 525 2397 censuit
534 2347 586 2395 mi-
619 2357 691 2396 runt:
715 2364 822 2417 quorum
846 2344 969 2414 procedit
1001 2344 1141 2393 admodum

72 2417 164 2467 litiae:
181 2432 259 2484 quam
279 2415 489 2475 emendationem,
507 2416 586 2463 aDa-
619 2414 657 2463 ad
673 2413 774 2464 tibiam.
809 2415 847 2463 De
865 2429 928 2461 voce
944 2428 1018 2460 mora
1040 2410 1141 2478 (μόρα)

72 2483 132 2536 visio
146 2483 302 2534 etErnestio
317 2492 447 2550 receptam
461 2480 586 2531 alienissi-
619 2499 643 2531 v.
660 2483 769 2532 Passow.
795 2479 901 2529 Griecb.
918 2479 1013 2528 Lexilt.
1030 2496 1051 2527 s.
1069 2495 1093 2527 v.
1107 2507 1141 2519 --

72 2569 136 2603 mam
152 2567 209 2600 esse
231 2550 349 2602 arbitror.
384 2549 467 2612 Quid,
484 2564 585 2616 quaese,
619 2548 699 2598 Tibiis
723 2559 808 2598 autem
825 2546 965 2614 Spartiatae
985 2545 1012 2595 in
1035 2544 1140 2612 proeliis

72 2617 119 2670 hoc
133 2617 184 2670 sibi
198 2616 269 2671 vult:
286 2617 372 2677 vides,
389 2618 459 2667 unde
473 2616 587 2666 militiae
621 2617 737 2670 tubarum
751 2616 810 2666 loco
824 2631 882 2664 usos
892 2631 954 2675 esse,
969 2630 1008 2662 res
1024 2622 1063 2662 est
1079 2630 1140 2680 per-

73 2687 149 2755 (nom.
158 2684 240 2755 plur.)
256 2685 386 2734 exercitus
396 2686 482 2735 nostri
494 2700 588 2733 nonten
620 2683 732 2750 vulgatu.
753 2681 886 2748 „Thucyd
895 2681 934 2743 V,
947 2685 989 2739 70.
1009 2684 1141 2732 Λακεδαι-

73 2752 210 2805 bobeant?
243 2752 344 2820 Optime
363 2762 451 2802 tuetur
470 2768 525 2802 sese
546 2752 587 2801 le-
621 2755 717 2819 μόνιοι
734 2751 856 2819 βραδέως
872 2747 919 2800 καὶ
937 2748 991 2800 ὑπὸ
1016 2746 1143 2814 αὐλητῶν

74 2820 259 2887 ctio'vnlgntn:
291 2819 422 2870 Militiam
447 2849 480 2858 -
504 2819 591 2870 nostri
622 2821 731 2871 πολλῶν
754 2821 829 2888 νόμῳ
852 2813 1080 2883 ἐγκαθεοτοίτων·
1105 2810 1142 2869 etl

74 2889 205 2941 exercitus
238 2887 333 2937 timum
350 2888 420 2938 unde
433 2905 524 2937 ncnoen
538 2887 597 2936 lio-¹
623 2887 674 2940 τοῦ
687 2889 770 2940 θείου
787 2884 877 2953 χάριν,
895 2880 953 2935 ἀλλ’
969 2882 1016 2935 ἵνα
1032 2880 1143 2950 ὁμαλῶς
1166 2896 1168 2901 ·

75 2956 160 3018 beant,
174 2955 205 3006 vi
225 2973 261 3018 es,
277 2955 375 3007 deinde
383 2957 428 3024 qui
439 2965 500 3005 cett.
517 2972 592 3021 quem
625 2953 693 3021 pred
729 2953 842 3023 ῥυθμοῦ
877 2952 1021 3027 {incisum
1045 2946 1141 3017 zunil-

76 3026 169 3087 fmstra
182 3020 333 3073 sollicitavit
349 3023 474 3084 Wolfins,
492 3031 591 3073 mutato
625 3024 721 3082 θοιεν,
749 3022 795 3072 καὶ
819 3019 856 3087 μὴ
880 3019 1068 3089 διαοπασθεὶη
1091 3013 1140 3071 tetl-

75 3093 160 3144 mstri
175 3092 204 3141 iu
217 3090 288 3140 noeti
296 3108 305 3147 ;
322 3089 471 3140 babeantin
487 3088 592 3151 habeat,
625 3093 684 3150 τοῖς
698 3088 715 3154 ἡ
732 3088 819 3153 regis·
838 3088 906 3154 ὅπερ
922 3089 998 3153 φιλεῖ
1009 3087 1044 3138 τὰ
1059 3082 1140 3153 pityd-

76 3159 160 3211 etalin
170 3157 277 3209 inducta
284 3156 497 3225 interpunctione.
508 3159 592 3219 Quare
626 3161 660 3210 λα
674 3156 848 3224 στρατόπεδα
862 3155 891 3207 ἐν
915 3159 975 3215 ταῖς
993 3153 1143 3218 προσόδοις

76 3238 142 3279 recte
167 3224 276 3276 Orellius
302 3225 434 3277 revocavit
453 3224 591 3290 vulgatam,
625 3230 726 3278 ποιεῖν.
767 3225 853 3276 Valer.
874 3222 977 3273 Maxim.
1001 3225 1033 3271 ΙΙ.
1055 3226 1079 3280 6.
1104 3239 1142 3288 sq.

76 3293 251 3361 intelligenter
265 3308 384 3354 monens,
409 3310 460 3342 non
476 3302 591 3342 commo-
624 3291 885 3344 Lacedaemoniorum
893 3290 1017 3339 exercitus
1026 3306 1078 3338 non
1093 3306 1142 3340 au-

76 3363 104 3413 de
117 3361 323 3414 antee-vertitur
341 3359 479 3410 desiderari
491 3375 591 3427 prono·
625 3361 703 3411 tend
724 3358 892 3410 dimicandum
921 3355 1073 3405 descendere
1096 3372 1142 3404 so·-

75 3446 130 3481 tnen
150 3428 260 3490 metri,
286 3443 449 3496 quorursnm
464 3425 592 3492 significe-
626 3429 730 3489 lebant,
763 3443 839 3493 quam
862 3421 945 3472 tibiae
968 3434 1092 3471 concentu
1115 3430 1143 3470 et

13 3502 24 3513 “
75 3507 273 3549 tutsermonem
288 3512 343 3545 esse
366 3494 399 3544 de
415 3511 518 3546 romana
541 3492 592 3542 mi-
627 3497 768 3565 anapaesti
778 3492 859 3562 pedis
867 3489 970 3538 modulo
980 3487 1142 3538 cohortatio·
1169 3483 1173 3493 '

75 3564 131 3619 titis
150 3561 334 3620 laboriosiore3
358 3562 480 3630 languere
499 3559 592 3611 deinde
626 3563 665 3615 nis
681 3562 792 3613 calorem
806 3554 1047 3621 animotraxissent,
1064 3572 1143 3673 vepe-

10 3646 12 3651 '
75 3631 121 3687 iste
138 3632 221 3684 videa
239 3631 338 3683 deinde
351 3641 431 3692 cett,
449 3629 492 3680 nbi
508 3629 592 3678 omnin
626 3642 654 3682 to
670 3640 698 3679 et
713 3629 802 3679 crebro
819 3626 886 3675 ictus
902 3639 966 3672 sono
981 3631 1083 3672 strenue
1110 3638 1144 3675 ο-

75 3700 192 3753 celeriter
207 3698 367 3751 enuncianda
386 3697 445 3748 sint.
471 3727 504 3734 —
538 3699 591 3747 Ac·
625 3708 691 3748 stem
711 3695 831 3745 inuadere
854 3689 954 3741 moniti.
987 3689 1086 3740 Gellius
1108 3688 1145 3741 N.

10 3814 13 3833 ἦ
75 3766 203 3823 maurus
215 3766 341 3818 culinam
349 3764 510 3816 attractionis
524 3780 591 3831 quo·
626 3769 656 3817 A.
672 3768 692 3826 I,
711 3767 736 3822 9.
771 3758 947 3829 Hephaestion
961 3756 1145 3808 Alexandrinus

10 3836 14 3885 .'
75 3834 235 3904 damgenere
251 3852 267 3886 a
281 3833 445 3900 subsequenti
457 3833 536 3883 verbo
548 3849 592 3882 re-
625 3831 737 3882 servavit
750 3829 823 3881 nobis
848 3826 957 3896 primum
970 3842 1069 3876 versum
1087 3843 1145 3874 car-

10 3900 13 3945 ἶ
75 3901 151 3968 gitur.
185 3902 366 3971 Aliquatenus,
384 3917 534 3968 quamquam
545 3899 595 3950 alia
628 3900 701 3951 minis
727 3896 844 3958 alimius,
870 3894 976 3945 alternis
1000 3911 1049 3943 ena
1067 3891 1146 3942 uestis

76 3968 141 4022 ratio
156 3980 214 4031 est,
231 3969 409 4038 aliquatenus,
427 3967 545 4035 inquam,
562 3985 595 4019 ne
629 3977 657 4019 et
678 3986 690 4036 q
710 3964 799 4018 ondeis
821 3965 1009 4015 decurrentem:
1056 3957 1146 4027 Ays'tot

77 4038 151 4093 rerba
182 4055 240 4089 mes
270 4053 391 4106 perverse
430 4035 595 4102 accipiantur,
629 4038 764 4100 Znupcuc
778 4033 888 4086 ἔνοπλοι
902 4026 1078 4095 notesceret
1093 4023 1146 4103 ²³⁹.

76 4104 116 4159 bic
127 4105 247 4159 mendi
258 4105 351 4156 modus
373 4102 514 4170 comparari
529 4121 595 4171 pos·
622 4103 728 4171 Ἀρεως
736 4104 875 4155 κίναοιν.“
893 4099 990 4150 Neide.
1008 4100 1147 4170 Anapucstr

76 4174 109 4225 'sit
123 4192 183 4231 cum
196 4173 229 4225 'u's
243 4172 382 4242 exemplis,
399 4171 426 4220 in
444 4169 534 4238 quibus
549 4183 595 4222 nt-
628 4182 716 4223 autem
725 4170 806 4240 pedes
820 4167 943 4237 aptissimi
959 4174 1019 4216 sunt
1031 4162 1146 4242 pdexct·

77 4242 174 4294 tractio
196 4243 308 4294 inversa
339 4237 483 4308 reperitur,
511 4238 595 4306 qualia
629 4241 723 4291 tardos
737 4234 981 4301 inflammandosque
996 4244 1103 4282 animos.

111 4396 127 4429 ἱ
