2640 4626
389 195 435 259 AD
450 192 665 247 nunonem
680 190 806 245 Μ.
1095 202 1129 242 ιιι

56 313 154 388 ribus
175 328 305 387 tantum
328 311 432 387 labris
458 311 736 412 degustarissem,
762 326 794 385 et
818 310 1002 408 argumenti
1022 312 1131 409 gravi-

56 458 154 539 tate,
170 466 202 524 et
227 450 463 525 sententiarum
486 450 654 537 ubertate,
680 463 712 521 et
735 446 868 522 dicendi
896 474 1034 546 genere,
1060 476 1130 521 nou

57 585 175 660 limato
191 584 248 659 illo
267 586 403 686 quidem
420 602 453 659 et
467 584 624 659 omnibus
639 582 785 657 numeris
807 581 975 669 absoluto,
1001 584 1061 656 sed
1083 583 1132 658 sa-

59 722 116 797 cili
141 751 180 795 ac
203 722 370 810 iucundo,
397 721 443 795 ita
460 749 514 795 me
532 719 746 807 allexissent,
762 735 815 805 ut,
839 717 979 817 repetita
995 719 1038 792 iis
1057 748 1140 820 per<

57 858 229 956 vestigatis
246 858 403 946 lectione,
421 858 489 931 iam
504 857 542 931 in
555 854 736 931 Academia
756 853 839 927 mihi
855 855 998 928 versanti
1017 884 1133 929 eorum

59 969 218 1069 editionis
255 993 434 1094 aliquando
473 993 641 1094 parandae
673 991 929 1066 subnasceretur
968 991 1133 1088 cogitatio.

35 1130 176 1227 ‘Quare
201 1129 324 1229 sactum
351 1145 416 1218 est,
441 1145 495 1218 ut,
521 1157 622 1229 quum
644 1155 733 1200 nunc
760 1126 803 1199 ad
821 1126 953 1199 easdem
973 1127 1136 1201 Tuscula·

32 1342 35 1349 ,
61 1295 123 1339 nas
150 1262 362 1339 illustrandas
388 1293 442 1338 me
468 1263 698 1361 accingerem,
731 1290 800 1334 non
825 1261 961 1362 plane
952 1280 1133 1389 imparatus

61 1402 106 1475 ad
122 1401 159 1474 id
173 1401 342 1499 negotium
359 1400 559 1486 accederem,
577 1399 783 1499 praesertim,
805 1386 908 1499 quum
926 1398 992 1471 iarn
1008 1427 1047 1471 ex
1062 1398 1135 1472 lon-

62 1537 152 1636 giori
172 1537 331 1642 temporis
347 1536 455 1635 spatio
470 1536 627 1636 penitiori
645 1536 826 1610 cuidam
800 1534 999 1609 crcerouiani
1010 1562 1136 1607 sermo-

60 1673 114 1746 nis
145 1689 241 1772 atquc
273 1672 523 1746 consuetudinis
548 1672 730 1770 cognitioni
752 1670 994 1771 comparandae
1020 1668 1136 1744 sedulo
1214 1728 1216 1736 ,

65 1808 397 1909 ορειειιιιᾶεᾶἰεειιιι.
448 1807 534 1895 Sed,
559 1809 690 1881 tametsi
704 1836 774 1880 non
790 1807 991 1881 mediocrem
1009 1835 1062 1880 rne
1080 1836 1137 1880 cu-

65 1974 137 2018 ram
159 1971 360 2045 operamque
382 1945 418 2016 in
431 1945 692 2018 Tusculanarum
711 1944 927 2044 explicatione
949 1944 1139 2032 collocasse,

64 2080 170 2158 libere
199 2080 349 2179 profiteri
378 2109 479 2180 posse
508 2082 644 2171 rideor;
668 2097 795 2153 tantum
820 2096 931 2153 tamen
965 2079 1076 2168 abest,
1101 2095 1139 2153 ut

64 2216 218 2317 partibus
244 2217 406 2316 susceptis
439 2244 676 2315 usquequaque
703 2215 902 2290 satisfecisse
937 2244 989 2291 me
1014 2233 1138 2317 putem,

64 2369 101 2427 ut
117 2381 189 2425 uon
204 2353 275 2425 sinc
291 2345 411 2450 magna
427 2352 570 2452 quadam
589 2352 691 2424 animi
708 2352 930 2425 sollicitudine
948 2353 1013 2425 hoc
1031 2353 1139 2452 speci-

65 2518 160 2576 men,
187 2488 222 2560 in
247 2517 313 2587 quo
338 2489 484 2588 primum
506 2517 525 2561 a
546 2516 599 2562 mc
623 2488 740 2561 veteris
758 2487 932 2587 scriptoris
951 2486 1140 2587 explicandi

64 2624 162 2698 etad
189 2624 337 2698 criticam
364 2624 516 2722 exigendi
541 2624 663 2698 sactum
682 2641 732 2698 cst
749 2624 951 2724 periculum,
976 2624 1138 2698 acerrimo

64 2778 124 2832 tuo
141 2759 266 2833 iudicio
285 2759 478 2846 subiiciam3
505 2788 705 2860 quamquam
724 2789 840 2861 spero,
866 2759 956 2849 lore,
981 2777 1028 2848 ut,
1045 2788 1138 2858 ,quae

65 2913 195 2987 tuaest
217 2896 423 2982 humanitas,
449 2896 538 2968 hunc
556 2896 722 2984 libellum,
748 2915 905 2996 tanquam
928 2897 1013 2994 grati
1037 2894 1138 2968 animi

66 3033 209 3133 pignus,
234 3060 301 3103 non
318 3046 385 3104 tarn
403 3031 502 3131 pretii
518 3032 766 3129 magnitudine,
792 3060 892 3131 quarn
918 3061 935 3104 e
960 3059 1025 3131 qua
1046 3031 1141 3104 fluxit

69 3168 189 3243 ruentis
205 3155 370 3240 voluntate
389 3167 534 3240 metiaris
552 3183 648 3267 atque
667 3167 839 3240 diiudices.

171 3307 312 3391 Verum,
344 3330 387 3376 ne
420 3303 482 3376 tibi
506 3304 628 3377 mirum
656 3303 823 3392 videatur,
849 3303 931 3402 quid
954 3303 1014 3392 sit,
1041 3303 1142 3402 quod,

59 3428 173 3540 ⁴quum
189 3439 363 3513 neidianae
382 3437 537 3511 editionis
554 3438 752 3539 repetendae
770 3439 943 3539 provincia
958 3438 1041 3510 mihi
1059 3457 1144 3513 esset

74 3576 284 3663 demandata,
299 3573 425 3647 nullum
445 3603 505 3672 ego
523 3575 592 3648 eius
608 3574 783 3671 vestigium
800 3573 1000 3675 reliquerim,
1022 3592 1145 3650 totum-

73 3741 139 3812 que
170 3710 410 3812 iutcrpretandi
438 3739 542 3809 genus
579 3711 790 3800 mutaverim,
824 3739 957 3785 caussas
982 3711 1066 3784 mihi
1085 3715 1144 3788 ad-

73 3849 154 3923 dere
175 3847 305 3936 licebit,
331 3847 452 3946 quibus
480 3847 642 3947 impulsus
663 3847 827 3921 diversam
849 3848 936 3923 viam
956 3848 1145 3946 ingredien-

73 3986 151 4059 dam
177 3983 334 4057 duxerim.
