2640 4626
471 196 711 268 nraunnsar.
885 178 890 186 ’
1065 200 1127 276 193
1154 188 1166 233 ?

51 354 157 428 mam
173 326 216 401 de
232 354 300 399 uno
314 324 447 413 dolore,
473 324 659 425 occupabit.
684 353 763 400 nam
779 326 808 400 si
824 329 937 404 omnia
949 329 1127 432 fugiendae

51 428 288 531 turpitudinis,
314 428 368 501 adi
394 428 614 527 iscendaeque
628 428 809 502 honestatis
825 460 941 507 caussa
958 435 1127 528 faciemus,
1157 488 1160 495 ·

31 560 125 606 non
147 532 261 607 modo·
275 457 427 604 stimuios
451 529 595 618 doloris,
619 531 680 604 sed
703 531 801 607 etiam
822 532 961 609 fulmina
975 529 1127 616 fortunae

54 651 306 709 contemnamus
335 632 464 707 licebit:
498 633 695 732 praesertim
721 638 823 733 quum
848 656 1001 737 paratum
1025 642 1069 716 sit
1088 644 1128 718 il.

46 733 115 813 'lud
144 765 184 811 ex
206 737 359 810 hesterna
390 734 615 836 disputatione
640 735 837 835 perfugium.
889 748 946 820 67.
970 745 1017 815 Ut
1038 747 1131 841 enim,

54 839 85 913 si
133 838 187 914 cui
218 837 402 938 naviganti,
430 865 528 937 quem
563 838 750 938 praedones
784 838 1018 941 insequantur,
1045 848 1127 924 deus

53 940 132 1042 quis
154 939 294 1030 dixerit,
318 941 410 1015 Eiice
435 957 469 1015 te
492 940 563 1013 de¹
591 940 685 1027 navi3
711 958 844 1040 praesto
872 961 938 1034 est,
964 948 1022 1046 qui
1040 952 1127 1025 exci-

79 1045 137 1132 iat,
161 1042 213 1118 vel
230 1042 420 1143 delphinus,
444 1059 481 1116 ut
494 1042 654 1115 Arionem
669 1044 959 1148 Methymnaeam,
984 1049 1033 1124 vel
1050 1057 1127 1153 equi

52 1073 192 1247 helopis
219 1145 267 1219 illi
283 1145 465 1247 Neptunii,
492 1143 549 1244 qui
571 1173 639 1244 per
659 1145 780 1218 undas
800 1177 923 1222 currus
936 1180 1128 1252 suspensos

53 1253 221 1350 rapuisse
247 1249 418 1336 dicuntur,
451 1247 616 1347 excipient
639 1263 692 1335 te,
726 1265 773 1337 et,
800 1278 865 1350 quo
895 1252 994 1343 velis,
1019 1259 1129 1357 perse.

51 1368 149 1436 rent;
181 1380 313 1426 omnem
344 1351 473 1424 omittat
496 1349 666 1422 timorem:
692 1349 741 1423 sic
774 1354 970 1450 urgentibus
999 1362 1127 1459 asperia

54 1470 89 1528 et
104 1453 233 1527 odiosis
267 1453 456 1540 doloribus,
482 1452 525 1525 si·
542 1451 625 1524 tanti
640 1480 710 1524 non
734 1452 796 1543 sit,
817 1471 854 1527 ut
875 1455 1004 1532 ferendi
1019 1461 1128 1554 sint2,

54 1584 125 1657 quo
140 1555 184 1628 sit
201 1554 476 1653 confugiendum,
502 1553 603 1629 vides.

158 1658 249 1732 Haec
275 1657 344 1731 scre
369 1658 433 1753 hoc
457 1673 607 1757 tempore
626 1656 739 1757 putavi
756 1682 827 1731 esse
842 1657 991 1734 dicenda.
1017 1664 1078 1738 sed
1091 1681 1129 1740 tu

54 1760 200 1833 fortasse
223 1759 259 1832 in
281 1759 442 1834 sententia
459 1787 642 1861 permanes.
665 1765 707 1833 A.
732 1759 873 1836 Minime
888 1791 985 1838 vero:
1011 1794 1129 1868 meque

54 1861 164 1936 biduo
187 1862 328 1936 duarum
348 1891 480 1949 rerum,
506 1890 589 1962 quas
607 1862 753 1935 ‘maxime
771 1863 950 1954 timebam,
975 1895 1075 1968 spero
1089 1871 1130 1944 li-

56 1964 212 2041 beratum
241 1982 339 2040 metu.
364 1971 412 2039 M.
447 1965 528 2038 Cras
551 1992 629 2062 ergo
654 1964 697 2036 ad
723 1962 940 2068 clepsydram.
966 1971 1015 2044 sic
1040 1973 1130 2046 enim

129 2139 143 2194 1
161 2136 202 2186 aie
226 2135 251 2186 b.
273 2145 301 2185 et
322 2134 458 2202 pleraeque
472 2132 536 2183 Edd.
553 2142 617 2183 vett.
629 2161 662 2170 -
677 2132 736 2182 Em.
753 2151 775 2182 o.
791 2133 883 2200 plurib.
903 2136 983 2188 codd.
1000 2140 1028 2190 P.
1047 2142 1129 2195 Gebh.

57 2206 91 2255 D.
110 2202 184 2253 omis.
202 2202 244 2253 de.
278 2208 296 2260 2
312 2202 354 2252 Sic
368 2211 437 2252 recte
451 2199 581 2252 emendat.
599 2198 718 2250 Gulielm.
735 2199 820 2266 Vulgo
835 2203 861 2251 si
873 2206 944 2254 tanti
956 2222 1007 2256 non
1020 2209 1084 2271 sint,
1101 2223 1131 2263 ut

50 2270 169 2342 ferendi
182 2271 245 2321 aiut.
262 2272 359 2337 Inepte.
376 2271 435 2320 Eru.
454 2287 468 2319 e
486 2267 551 2319 coni.
569 2268 595 2317 ai
609 2268 681 2317 tanti
696 2267 813 2330 sinaut
824 2267 883 2338 ser.
900 2289 953 2322 non
970 2275 1033 2325 sint.
1051 2278 1128 2330 Male.

58 2389 127 2506 Nep.
144 2388 221 2439 Dion.
240 2389 291 2450 IV,
309 2392 334 2445 1.
359 2386 497 2455 aliquanto
516 2402 580 2434 cru·
613 2393 639 2434 et
647 2383 731 2433 victor
747 2385 911 2436 ecertamine
926 2388 1058 2442 subeundo
1074 2392 1130 2442 dis-

59 2457 149 2508 deior
190 2465 250 2524 apte
293 2463 425 2521 comparat
466 2462 581 2503 nostrum
614 2450 729 2500 cederet:
746 2451 836 2518 quibus
853 2454 1039 2522 deuaprecibus
1057 2476 1131 2510 com-

59 2523 200 2584 ziemlich,
241 2521 311 2590 quod
344 2520 422 2571 modo
457 2518 581 2570 ziemliclt
614 2528 698 2568 motus
712 2517 868 2570 adolescenti
883 2539 983 2573 currum
997 2524 1131 2577 deditau-

58 2591 119 2644 viel
165 2589 243 2641 modo
267 2589 391 2639 ziemlicla
415 2589 485 2637 weni
532 2585 581 2636 ad·
613 2602 684 2635 reum
704 2596 732 2635 et
753 2603 831 2652 equos
851 2588 1032 2643 velocissimos.
1067 2593 1131 2644 Pul-

60 2629 205 2726 significare
230 2668 323 2723 potest.
352 2657 426 2706 Cous.
449 2606 516 2705 inda
536 2655 580 2704 ΠΙ.
615 2653 737 2731 cherrima
753 2653 819 2704 hanc
836 2655 948 2706 fabulam
962 2661 1131 2726 pemactavit

60 2733 109 2789 10,
132 2732 186 2784 22„
204 2725 248 2775 ubi
270 2725 303 2774 ol.
320 2724 415 2774 Adnot.
433 2720 582 2790 Exemplum
614 2721 737 2771 Pandarus
758 2721 857 2790 Olymp.
880 2725 907 2786 1,
925 2728 959 2783 67
966 2732 1042 2786 -87
1049 2747 1054 2776 :
1087 2727 1132 2778 ubi

59 2793 220 2845 luculentum
245 2802 283 2842 est
308 2793 352 2841 111.
378 2797 429 2854 22,
453 2796 496 2850 52.
529 2788 582 2839 ho·
614 2805 639 2837 v.
662 2787 786 2838 Boeckhii
809 2791 945 2857 Explicatt.
971 2810 997 2860 p.
1017 2797 1076 2853 110.
1092 2790 1131 2864 aq'.

59 2861 140 2913 stium
156 2877 248 2927 repens
271 2857 395 2908 adventus
415 2859 504 2927 magis
526 2857 587 2913 oli-¹
616 2856 654 2906 Cf.
671 2855 758 2906 Daris.
777 2855 810 2906 ad
825 2856 851 2906 h.
865 2857 884 2907 1.

60 2940 163 2999 quanto
183 2926 319 2977 conturbat
343 2942 417 2992 quam
444 2935 583 2992 exspecta-

60 3008 117 3048 tus:
150 2994 195 3046 ubi
222 3010 284 3046 vero
309 2993 446 3076 alz'puonto
476 3010 583 3059 compa-

61 3063 149 3115 rativo
173 3060 341 3130 postpositum
366 3068 412 3111 est.
438 3061 470 3110 V.
490 3064 520 3122 6,
541 3065 581 3116 15.

61 3135 157 3183 Actum
172 3146 241 3192 vero,
262 3137 288 3178 et
302 3127 456 3196 aliquantum
473 3126 582 3194 quidem.

64 3202 171 3265 Herzog
193 3197 226 3247 ad
250 3197 348 3246 Caesar.
370 3198 398 3245 B.
422 3197 454 3245 G.
478 3195 517 3256 V,
542 3199 583 3250 10.
763 3241 768 3247 ,

63 3285 89 3336 p.
102 3272 164 3325 252.
181 3273 252 3315 recte
265 3262 367 3313 videtur
381 3272 496 3312 statuere
504 3298 512 3321 ,
528 3261 585 3310 ali·
668 3259 706 3308 ad
718 3258 895 3326 clepsydram)
911 3264 1054 3313 Sententia:
1073 3266 1135 3317 Cras

64 3346 193 3405 quantum
206 3349 236 3382 ea
251 3331 277 3381 vi
291 3330 355 3392 dici,
381 3346 429 3396 qua
447 3327 514 3395 apud
530 3327 585 3378 Pli-
618 3327 779 3376 instituemus
802 3327 998 3379 exercitationes
1021 3330 1135 3382 rhetori·
1184 3365 1188 3375 ι

63 3402 137 3454 nium
152 3403 218 3478 Epp.
235 3400 280 3448 IV.
296 3405 344 3461 27,
361 3402 386 3453 2.
412 3396 513 3464 aliquot
533 3412 587 3444 an·
620 3412 677 3456 cas,
694 3412 714 3443 s.
729 3393 888 3443 declamandi
903 3396 1031 3446 exercitia.
1057 3401 1097 3448 De
1109 3416 1134 3452 v.

65 3470 213 3587 ''ltdit
239 3465 317 3583 ht.
334 3461 588 3582 ‘tmlhehith
620 3459 1135 3596 {²⁶5⁸yli⁰{alssl.⁰⁰.l{¹¹.yh.ll¹⁰.⁸thit·

194 3550 234 3585 en.
318 3551 333 3583 e
362 3550 395 3582 nu
580 3565 586 3579 .
635 3565 641 3578 .
671 3565 678 3578 .
1119 3559 1136 3571 .

64 3553 122 3656 hod.
138 3604 177 3654 III
209 3604 250 3660 13·
267 3617 292 3667 p·
310 3605 366 3660 173·
601 3605 690 3646 'tores
712 3595 739 3645 in
761 3595 818 3645 foro
842 3547 919 3647 verbii
941 3596 1083 3661 faciebant,
1110 3606 1137 3650 et

121 3639 300 3741 perfugium)
339 3668 367 3718 in
400 3664 587 3718 contemnenda
620 3679 680 3714 vero
701 3661 728 3711 in
747 3660 814 3712 ludis
834 3662 995 3713 declamandi
1016 3665 1137 3718 exercitia

51 3749 150 3791 morte
166 3736 287 3805 positum.
621 3729 788 3781 instituebant
801 3729 912 3781 iuvenes.
939 3731 1007 3782 Hinc
1020 3733 1053 3783 de
1065 3738 1136 3786 Orat.

104 3811 148 3866 67.
163 3799 588 3871 Arionem)Herodot.I,23.Gel-
621 3801 665 3849 111.
683 3799 732 3861 34,
751 3801 809 3856 138.
845 3796 913 3848 hunc
937 3816 990 3849 uon
1014 3801 1138 3853 clamator

65 3871 116 3925 lius
133 3874 213 3934 xvi,
233 3874 274 3930 19.
310 3870 381 3921 ovid.
398 3872 467 3921 Fast.
490 3872 527 3931 II,
545 3873 587 3928 83.
623 3864 715 3932 aliquis
737 3865 770 3915 ad
794 3865 952 3933 clepsydram
971 3866 1066 3918 latrare
1086 3868 1138 3919 do-

27 3948 31 3953 '
66 3943 98 3996 V.
115 3939 204 3992 Daris.
345 3963 350 3985 t
623 3942 725 3996 onerat,
757 3932 802 3983 sed
827 3961 861 3973 -
884 3935 1066 4001 Anaxagoras,
1099 3935 1139 3986 vir

120 4009 182 4078 equi
196 4006 307 4076 Pelopis
321 4005 478 4074 Neptunii),
496 4003 591 4070 Pelops
623 4017 732 4050 summus
744 4000 771 4050 iu
783 4000 948 4051 maximarum
957 4019 1042 4052 rerum
1053 4003 1139 4053 scien-

67 4074 278 4145 Hippodamiam,
296 4072 419 4122 Oenomai
432 4072 517 4132 filiam,
533 4087 590 4120 am·
623 4068 675 4134 tia:
694 4067 736 4118 ubi
748 4068 894 4118 v.Harless.
904 4095 938 4107 -
954 4070 1044 4130 Neide,
1062 4085 1140 4137 pror-

67 4145 169 4196 biturus
196 4159 212 4193 a
235 4142 358 4208 Neptuno
386 4139 476 4207 petiit,
509 4148 539 4188 ut
563 4153 591 4188 se
624 4153 665 4184 sus
679 4136 710 4185 ab
725 4134 798 4195 huius
811 4135 863 4186 loci
875 4135 1002 4186 sententia
1013 4137 1140 4199 aberrans,

69 4222 162 4264 contra
177 4206 302 4261 Oenomai
322 4206 422 4258 hastam
442 4203 592 4257 defenderet
625 4202 658 4254 ad
683 4202 761 4254 verba
790 4203 827 4253 od
848 4203 1022 4271 clepsydrom
1040 4203 1151 4270 supplet

901 4274 947 4338 lb

666 2957 693 3006 si
714 2957 786 3007 conti
810 2974 863 3007 non
886 2960 938 3021 sit,
970 2973 999 3010 ut
1017 2959 1133 3030 ferendi

616 3025 685 3088 sint)
710 3026 742 3074 H.
758 3042 780 3073 e.
800 3025 891 3076 sinon
908 3044 1003 3094 operae
1022 3030 1133 3096 pretium
1202 3068 1204 3075 .

617 3091 650 3141 sit
672 3091 774 3141 dolores
800 3092 879 3156 ferre,
906 3093 958 3144 sive
980 3096 1002 3144 si
1021 3097 1133 3149 officium

617 3157 685 3208 tanti
701 3157 817 3221 nonsit,
838 3170 868 3209 nt
885 3171 946 3211 cett.
