2640 4626
492 215 754 267 enneaconnnn.
1118 211 1162 280 39

168 359 237 395 nem
245 380 256 406 ,
279 342 330 396 cui
352 342 492 395 maimoni
507 337 649 396 divinum
667 339 794 408 tribuit,
817 341 952 399 onmium
964 343 1158 419 perfectioni-

169 460 253 496 mum
266 461 329 496 ecee
345 440 453 496 voluit.
496 441 617 498 Summa
633 448 733 498 autem
750 438 881 498 hominia
896 441 1040 520 perfectio
1059 444 1157 521 posita

167 549 213 599 est
221 541 253 598 in
262 539 394 618 perfecta
402 549 511 614 mente,
533 540 553 598 i.
571 561 596 599 e.
613 541 750 600 absoluta
762 542 897 601 ratione:
920 545 1003 620 quod
1023 555 1068 603 θεῖ
1076 544 1156 606 idem

167 643 273 700 virtus.
317 642 356 699 Et
379 640 406 698 si
428 661 514 699 omne
528 641 649 702 beatum
665 651 726 717 est,
747 642 799 701 cui
816 643 895 703 nihil
909 644 1008 718 deest,
1031 654 1060 704 et
1074 633 1155 725 q'uod

165 746 199 800 in
213 763 268 802 suo
282 760 389 819 genere
406 742 560 820 expletum
575 753 664 820 atque
689 745 875 803 cumulatum
891 755 953 820 est,
975 744 1066 824 idque
1088 748 1154 807 vir-

166 846 240 904 tutis
257 853 301 902 θεῖ
314 843 487 923 proprium:
510 845 656 922 sequitur,
675 866 778 905 omnes
793 847 917 907 virtutis
930 858 1081 927 compotes
1098 850 1153 909 be·
1197 904 1199 909 .

166 956 230 1005 atos
244 967 315 1005 θεεθ.
338 966 363 1004 θ.
386 947 434 1013 13.

121 1045 161 1127 β)
184 1038 349 1107 Excedam
365 1047 643 1125 rationeaequitur,
666 1043 766 1107 umnec
781 1054 908 1109 virtutis
927 1063 1075 1130 compotes
1092 1075 1153 1110 eene

165 1151 374 1224 beatissimum
396 1169 474 1222 nam,
497 1149 687 1226 quiconlidit
701 1149 764 1211 auia
780 1151 876 1225 bonis,
898 1161 929 1210 et
945 1152 1055 1227 omnia,
1077 1172 1152 1229 quae

166 1252 260 1311 vitam
273 1251 392 1309 beatam
408 1249 551 1324 efficiunt,
569 1250 602 1307 in
616 1271 647 1308 εθ
662 1249 762 1325 habet,
785 1251 809 1309 ei
823 1251 901 1311 nihil
915 1251 997 1313 deest
1013 1254 1052 1313 ad
1067 1255 1152 1314 beate

165 1352 339 1412 vivendum.
381 1354 461 1429 Ergo
475 1371 539 1409 non
553 1351 651 1410 solum
661 1351 774 1426 beans,
796 1352 848 1410 aed
864 1353 952 1433 etiam
963 1353 1151 1415 beatissimus

163 1463 215 1513 θεῖ.
253 1452 346 1526 Quod
366 1461 540 1527 contractet,
562 1452 589 1510 ai
604 1453 686 1512 bona
702 1462 732 1513 et
744 1453 823 1526 mala
840 1452 1022 1514 dividuntur
1036 1456 1149 1535 triper-

165 1557 230 1614 tito.
254 1577 279 1614 c.
300 1552 348 1622 14.

122 1656 156 1738 γ)
181 1657 264 1715 ldem
279 1656 416 1734 sequitur
431 1675 469 1714 ex
484 1676 535 1729 eo,
558 1654 640 1732 quod
656 1659 757 1714 virtue
778 1658 877 1715 tolum
893 1657 1003 1715 bonum
1018 1670 1069 1717 eet.
1114 1659 1149 1717 ld

130 1766 133 1771 '
164 1768 263 1817 antem
283 1758 327 1816 ita
352 1778 433 1830 θεεθ,
466 1757 688 1815 demonstratur
712 1757 846 1835 prinmm
866 1757 1149 1819 affirmate'duobus

164 1860 280 1934 soritis,
303 1859 373 1918 dein
386 1879 443 1937 per
462 1858 587 1943 modum
602 1858 731 1936 negandi
749 1856 928 1940 (negative),
949 1860 1147 1942 quod-omni-

163 1963 220 2021 bus
241 1961 329 2020 bonis
355 1960 490 2038 corporis
509 1968 539 2018 et
557 1960 688 2037 externis
709 1960 931 2036 abundantem,
960 1962 986 2020 ai
1004 1961 1084 2021 idem
1109 1964 1147 2021 sit
1219 1953 1224 1966 ⁸

164 2064 285 2124 virtutis
294 2083 410 2141 expers,
420 2062 493 2120 licet
501 2082 562 2120 ease
569 2061 826 2121 miserrimum-
845 2064 894 2139 Et,
904 2063 962 2122 nisi
971 2064 1147 2139 tenebimus,

163 2165 242 2224 nihil
264 2184 326 2224 θεεθ
350 2164 489 2222 inbonis
507 2163 694 2238 ducendum,
724 2162 785 2222 nisi
810 2164 893 2241 quod
916 2164 955 2224 sit
976 2163 1146 2240 honesturn,

163 2267 257 2325 multa
274 2266 361 2325 nobis
377 2263 502 2323 dicenda
518 2273 608 2324 erunt
622 2264 717 2340 bona,
739 2284 815 2341 quae
831 2273 903 2323 eunt
918 2266 1041 2325 minima
1057 2276 1087 2326 et
1100 2268 1146 2326 lc-

113 2414 119 2423 ,
165 2369 296 2428 vissima.
319 2389 344 2426 c.
369 2369 417 2434 15.
443 2366 490 2432 16.
514 2367 541 2443 §.
563 2361 615 2434 46.
635 2396 678 2412 -
700 2365 758 2423 Hic
791 2366 953 2444 respondet
975 2368 1079 2427 Cicero
1100 2369 1146 2443 iis,

162 2471 215 2548 qui
231 2469 392 2528 obiiciant:
413 2468 441 2549 ai
456 2466 549 2525 Stoici
558 2470 728 2546 praecipua
745 2465 863 2541 dicant,
886 2486 961 2543 quae
975 2468 1026 2525 alii
1042 2467 1146 2546 philo-
1215 2447 1218 2457 .

162 2571 250 2650 sophi
265 2570 399 2648 corporis
420 2578 450 2628 et
466 2578 589 2628 externa
605 2569 685 2627 bona
701 2567 813 2642 dicant,
834 2576 930 2626 totam
944 2589 1008 2626 rem
1023 2569 1057 2626 in
1074 2590 1145 2628 var-

162 2674 271 2733 borum
288 2670 492 2731 controversia
506 2671 593 2730 verti.
635 2669 769 2745 „Dicunt
785 2669 832 2726 illi
848 2669 978 2745 quidem,
1000 2669 1053 2730 aed
1073 2670 1146 2729 haec
1233 2646 1253 2702 Ἰ

161 2775 240 2834 bona
264 2774 302 2832 ad
326 2774 421 2832 vitam
448 2773 566 2832 beatam
592 2770 983 2850 complendamtnecessaria
1011 2791 1073 2830 θεεθ
1092 2792 1146 2830 ne-

163 2886 250 2954 gant:
272 2874 412 2960 hiantem
422 2873 529 2933 sineiia
538 2895 600 2933 θεεθ
608 2873 725 2932 nullam
733 2881 860 2952 putant:
883 2883 944 2949 aut,
966 2872 992 2931 si
1002 2872 1042 2931 sit
1050 2873 1145 2947 beata,

161 2977 362 3037 beatissimam
375 2986 456 3034 certe
469 2977 611 3052 negant.“
633 2977 661 3051 §.
682 2970 733 3042 47,
755 2974 852 3052 princ.

120 3075 149 3160 d)
172 3078 332 3159 Conclusio
350 3075 505 3153 ¹socratica,
527 3097 587 3155 qua
601 3075 739 3151 efficitur,
760 3076 910 3135 bonorum
926 3076 1042 3134 beatam
1052 3075 1146 3135 vitam

161 3200 233 3240 θεεθ.
256 3179 282 3255 §.
304 3176 355 3251 47.

99 3276 146 3362 ἐ)
169 3282 329 3341 Conclusio
340 3266 634 3339 ductaaconstantia
643 3277 802 3357 sapientis:
825 3279 887 3355 qui,
910 3277 1143 3355 quoniamsem·

160 3405 216 3463 per
232 3384 370 3443 omnibus
384 3381 475 3440 animi
492 3380 771 3459 perturbationibus
787 3390 885 3455 vacat,
907 3398 1024 3456 semper
1041 3377 1146 3435 beatus

162 3495 214 3545 est.
236 3483 330 3561 §.aa
353 3481 410 3565 (cr.
428 3467 516 3551 c.'15.
537 3477 642 3560 §·43·)

119 3579 152 3673 ζ)
176 3587 242 3646 Alia
263 3584 427 3645 conclusio.
470 3585 533 3642 Nec
554 3583 662 3642 misera
685 3582 748 3640 vita
771 3579 982 3660 praedicabilia
1001 3589 1061 3655 est,
1089 3598 1145 3638 nec

162 3710 195 3748 ea
205 3735 214 3765 ‚
238 3709 314 3766 quae
331 3708 387 3746 nec
401 3686 508 3744 misera
524 3694 588 3760 est,
608 3705 663 3742 nec
684 3684 786 3742 beata:
810 3702 879 3760 ergo
897 3681 961 3741 sola
979 3681 1041 3740 vita
1059 3682 1145 3742 beata

163 3789 371 3870 praedicabilis
386 3778 438 3847 est.
483 3786 574 3861 Quod
590 3797 691 3845 autem
705 3784 907 3864 praedicabile
924 3784 977 3858 cst,⁴
998 3782 1146 3861 optimum

162 3902 214 3952 θεῖ.
258 3891 350 3965 Quod
367 3900 465 3949 autem
483 3889 630 3968 optimum
647 3895 700 3962 eat,
722 3886 883 3966 honestum
901 3895 953 3944 cst.
985 3885 1064 3962 Ergo
1081 3885 1145 3944 vita
1211 3919 1213 3922 ·

161 3995 247 4054 beata
263 3993 364 4052 eadem
381 3991 507 4050 honesta
526 3989 566 4048 ait
579 4009 698 4048 necesse
716 3999 768 4048 eat.
812 3987 903 4062 Quod
920 3987 952 4044 ni
966 3986 1007 4044 ita
1026 3997 1085 4061 θεῖ,
1106 3986 1145 4044 sit

162 4096 247 4154 alind
271 4115 389 4154 necesse
413 4103 473 4168 θεῖ,
495 4092 578 4170 quod
597 4091 703 4150 melius
721 4099 766 4149 θεῖ
780 4109 869 4167 quam
884 4089 948 4147 vita
968 4089 1064 4145 beata.
1109 4085 1145 4141 ld

161 4206 260 4256 autom
286 4197 391 4256 melius
413 4205 493 4254 certe
516 4204 559 4252 θεῖ
584 4188 760 4262 honesturn,
805 4189 887 4266 quod
917 4189 1063 4267 optimum
1091 4195 1142 4243 θεῖ.
