2640 4626
520 182 651 257 sinna
668 203 713 257 1v.
732 204 773 262 14·
1094 196 1181 266 trs

104 304 231 424 ceptis,
256 336 289 395 ct
313 349 385 395 eam
410 321 685 421 subsequentem,
708 349 771 395 nec
795 321 971 395 habentem
990 322 1179 426 ullamspc-

104 427 193 501 ciem
226 452 339 510 snam;
373 423 434 496 sed
457 423 525 496 sive
548 423 630 513 hoc,
662 423 730 498 sive
753 422 836 496 illud
856 425 918 512 sit,
950 424 987 497 in
1009 424 1081 498 solo
1102 456 1178 501 esse

104 528 268 629 sapiente.
317 527 377 599 Est
410 542 518 600 autem
543 524 706 624 quaedam
732 525 833 599 animi
858 527 1002 617 sanitas,
1034 531 1178 627 quaein

101 630 320 731 insipientem
355 627 454 703 ctiam
489 627 602 717 cadat,
628 655 730 727 quum
768 630 937 703 curatione
970 630 1178 707 medicorum

101 730 250 807 turbatio
268 730 387 806 mentis
405 729 551 803 aufertur
567 738 595 802 ⁷.
646 736 704 809 31.
728 730 772 802 Et
787 746 822 803 ut
842 732 993 831 corporis
1011 749 1062 808 est
1078 762 1179 835 quae-

101 836 182 909 dam
204 851 283 935 apta
311 832 417 931 ligura
441 832 686 918 membrorum,
712 860 786 905 cum
806 833 927 907 coloris
944 836 1087 934 qu'adam
1102 864 1179 909 sna-

101 939 222 1026 vitate,
248 965 286 1011 ea
307 940 422 1035 quae⁸
449 934 571 1007 dicitur
595 932 827 1034 pulchritudo:
853 936 902 1011 sic
920 936 1084 1011 inanimo
1104 940 1178 1038 opi-

101 1040 244 1115 nionum
276 1037 543 1136 iudiciorumque
575 1036 791 1136 aequabilitas
814 1054 846 1110 et
865 1037 1066 1127 constantia,
1102 1068 1176 1114 cum

101 1142 259 1217 firmitate
274 1141 417 1240 quadam
433 1156 463 1212 et
483 1137 678 1227 stabilitate,
702 1139 856 1213 virtutem
871 1140 1096 1241 subsequens,
1121 1160 1177 1215 aut

101 1243 234 1319 virtutis
249 1243 315 1315 vini
334 1242 440 1342 ipsam
461 1241 646 1329 continens,
666 1240 880 1341 pulchritudo
897 1259 1041 1317 vocatur.
1074 1245 1177 1339 Item·

101 1373 169 1449 que
194 1345 322 1419 viribus
344 1344 496 1444 corporis
520 1359 552 1417 et
573 1343 683 1416 nervis
707 1359 739 1417 et
761 1342 946 1418 efficacitati
962 1344 1106 1433 similes,
1131 1349 1176 1420 si·
1210 1346 1216 1357 '

101 1446 243 1523 milibus
264 1458 425 1547 quoque⁹
449 1446 560 1519 verbis
583 1444 687 1518 animi
707 1444 792 1519 vires
806 1447 1028 1520 nominantur.
1078 1448 1177 1521 Velo-

101 1550 186 1625 citas
212 1567 319 1623 autem
346 1549 515 1649 corporis,
548 1547 697 1621 celeritas
723 1546 923 1647 appellatur:
955 1576 1039 1648 quae
1061 1549 1176 1624 eadem

101 1652 218 1751 ingeni
246 1652 344 1725 etiam
369 1650 441 1724 laus
455 1651 597 1724 habetur
611 1665 750 1751 propter
758 1649 861 1723 animi
872 1650 1049 1725 multarum
1065 1680 1177 1727 rerum

101 1754 199 1829 brevi
212 1770 361 1854 tempore
376 1752 632 1853 percursionem.

205 1857 295 1930 XIV.
321 1855 407 1929 Illud
422 1855 608 1929 animorum
627 1880 871 1954 corporumque
890 1854 1061 1944 dissimile,
1079 1858 1178 1957 quod

101 1959 209 2033 animi
225 1957 368 2032 valentes
384 1957 503 2031 morbo
519 1957 640 2031 tentari
657 1973 817 2057 possunt,
845 1958 920 2061 [ut]
937 1986 1080 2059 corpora
1097 1988 1178 2059 pos-

1090 2072 1107 2105 0

170 2152 189 2203 7
205 2145 247 2194 Sic
262 2143 294 2195 V.
312 2144 395 2196 Gebh.
412 2146 472 2195 Era.
492 2135 551 2211 (nisi
574 2135 643 2210 qnod
664 2138 706 2191 illi
726 2159 773 2208 pro
793 2134 925 2207 turbatio,
942 2138 1012 2211 qnod
1025 2143 1094 2195 unde
1109 2123 1177 2196 asit-

101 2225 159 2267 tmn
182 2211 216 2261 sit
238 2211 335 2263 nescire
358 2231 386 2262 se
408 2210 447 2261 ait
460 2214 519 2272 On,
536 2205 631 2259 hubent
645 2209 824 2260 conturbatio:
841 2210 910 2277 quod
920 2211 1008 2262 redux.
1026 2212 1096 2279 On),
1113 2211 1176 2262 item

101 2280 225 2333 PBCML.
244 2279 302 2345 (nisi
342 2279 393 2329 uod
417 2278 513 2328 habent
532 2275 705 2346 perturbatio.
730 2276 814 2336 Male3
831 2295 913 2328 sermo
939 2286 978 2328 est
997 2277 1065 2329 cuim
1084 2276 1128 2330 hir
1144 2281 1177 2330 de

101 2347 195 2399 morbo
217 2345 295 2396 animi
320 2298 428 2413 physico
444 2344 725 2413 (comsummata),
742 2361 793 2393 non
815 2344 846 2393 de
870 2363 900 2395 ca
917 2363 980 2415 quae
994 2344 1096 2413 proprie
1109 2346 1176 2397 dici-

101 2425 147 2467 tur
161 2413 241 2464 animi
257 2413 450 2481 perturbatione
467 2409 695 2479 (Leidensclrast),
712 2411 863 2462 observante
877 2416 918 2462 Or.
936 2440 968 2449 -
985 2411 1038 2460 Alii
1051 2412 1132 2463 Codd.
1150 2424 1178 2465 et

101 2480 169 2541 Edd.
189 2480 250 2548 aliq.
267 2482 404 2530 curatione
428 2492 454 2529 et
475 2479 675 2550 gubernatione·
691 2479 849 2527 medicorum
872 2478 1035 2529 conturbatio
1046 2497 1079 2527 m.
1098 2498 1124 2531 a.
1159 2485 1178 2539 8

101 2548 148 2601 sie
173 2550 233 2597 Ern.
259 2566 272 2598 e
296 2547 364 2598 coni.
388 2549 435 2597 Da.
454 2577 485 2586 —
505 2552 547 2597 Or.
572 2545 657 2597 restit.
681 2544 748 2611 vulg.
775 2564 856 2614 eoque
880 2547 947 2607 dic,
966 2545 1026 2597 coll.
1043 2545 1126 2597 Beier.
1144 2546 1177 2596 ad

101 2614 178 2667 offic.
197 2617 216 2665 Ι.
235 2618 255 2683 §·
273 2619 316 2673 93.
334 2634 360 2683 p.
378 2618 453 2676 217„
471 2632 592 2664 monens:
610 2612 762 2681 respondero
785 2611 970 2682 superioribus:
988 2631 1070 2682 eaque
1092 2614 1177 2664 animi

101 2694 145 2737 est
167 2683 261 2733 virtus.
295 2687 313 2740 9
330 2682 372 2732 Sic
394 2683 453 2731 ML.
471 2680 540 2732 Lnll.
556 2709 591 2720 -
607 2683 668 2731 Ern.
686 2698 709 2731 c.
726 2678 807 2737 Gebh.
826 2678 898 2731 omis.
914 2698 1020 2750 quaque.
1038 2706 1072 2721 —-
1088 2682 1176 2733 Plures

101 2748 186 2803 codd.
212 2759 239 2800 et
264 2749 401 2818 pleraeque
427 2744 492 2799 Edd.
518 2759 583 2799 vett.
607 2746 788 2816 similibusque
807 2764 832 2797 v.

101 2865 626 2932 menest:“etquaesequunturmbiaper·
711 2864 770 2913 Gar.
783 2864 855 2913 XIV.
873 2865 975 2915 tentari
986 2876 1104 2933 possunt,
1123 2863 1174 2933 [ut]

101 2946 128 2985 te
131 2930 277 3051 Β[ονιιίιιάο
286 2943 313 2982 et
330 2934 436 2983 iustitia
444 2932 627 2999 temperantiae
659 2949 770 2999 corpora
798 2933 929 3000 possunt)
962 2931 1004 2982 sic
1033 2931 1175 2983 emendavit

101 3020 131 3051 su
152 3000 280 3053 iiciuntur.
314 3001 353 3050 Cf.
369 3018 433 3067 quac
446 3018 523 3067 supra
534 3001 583 3062 111,
599 3003 625 3057 8.
658 2998 795 3049 Bentleius.
830 2998 913 3062 Vu'qo
926 2999 1070 3065 legebatur:
1088 2998 1176 3049 inorbo

101 3069 137 3121 do
148 3065 319 3139 frugalitate
336 3068 405 3118 dicta
420 3079 488 3117 sunt.
658 3067 759 3116 tentari
771 3082 824 3114 rzon
835 3079 962 3133 possunt,
988 3085 1099 3136 corpora
1107 3084 1175 3136 pos-

154 3136 207 3189 alii
225 3134 450 3204 obtemperantem)
476 3133 528 3183 Alii
543 3150 625 3199 nega·
658 3145 735 3195 sunt,
761 3132 977 3184 consentientibus
999 3134 1095 3196 codd„
1127 3151 1175 3185 nec

101 3202 182 3265 bunt,
207 3202 328 3252 virtutem
350 3202 427 3252 ullam
448 3201 542 3251 habere
563 3218 625 3268 spe·
658 3200 827 3251 discesserunt
847 3200 879 3249 ob
898 3200 946 3250 hac
965 3201 1077 3253 lectione
1092 3204 1175 3251 Erite-

101 3270 169 3325 ciem
182 3287 268 3331 suam,
285 3269 342 3320 h.e.
359 3280 429 3319 certa
443 3269 553 3334 quadam
568 3268 625 3317 for·
658 3268 721 3318 stius
739 3277 766 3317 et
781 3266 896 3317 Orellius.
938 3269 1070 3318 Sententia
1092 3269 1176 3317 aliena

101 3356 159 3402 mn,
186 3337 267 3405 qualis
290 3346 329 3387 est
342 3336 526 3404 temperantia,
551 3352 625 3385 com·
659 3335 760 3414 quidem
781 3334 894 3392 videtur,
919 3352 978 3389 nam
999 3334 1176 3392 c.13.diser-

101 3404 268 3474 plectendam
288 3421 356 3465 esse,
380 3404 425 3453 sed
442 3412 540 3453 tantum
555 3412 624 3452 tem·
657 3403 759 3452 tissimis
775 3402 857 3450 verbis
873 3400 968 3451 dictum
986 3412 1038 3461 est,
1062 3401 1099 3449 uti
1114 3418 1175 3451 cor-

101 3471 241 3542 porantiae
254 3472 397 3539 praeceptis
412 3472 595 3536 obtemperare.
657 3487 714 3536 pus,
732 3469 769 3517 ita
783 3469 891 3517 animum
903 3469 992 3517 morbo
1005 3466 1098 3516 tentari
1109 3485 1175 3533 pos-

153 3544 198 3598 31.
216 3557 262 3599 ea,
280 3556 348 3608 quae
361 3539 469 3605 dicitur)
488 3539 519 3588 V.
531 3535 624 3587 Adno—
656 3554 692 3586 se.
726 3535 856 3584 Sententia
869 3534 1021 3599 igiturhaec
1034 3543 1086 3582 est:
1109 3533 1175 3582 Aui-

101 3618 160 3661 teta
176 3609 205 3657 in
222 3625 245 3657 c.
262 3611 291 3668 1,
308 3612 335 3664 2.
497 3638 500 3644 «
659 3620 756 3653 morum
788 3618 972 3668 corporumque
998 3600 1175 3650 dissimilitudo
1234 3636 1238 3643 ·

154 3675 267 3725 uirtutis
281 3674 335 3723 vim
345 3673 403 3740 ipsa
416 3671 566 3735 continens)
584 3670 626 3720 Sic
660 3671 687 3719 in
702 3687 732 3718 eo
748 3669 873 3729 cernitur,
891 3669 960 3735 quod
974 3668 1051 3718 animi
1062 3667 1176 3718 valentes

101 3741 245 3793 rectissime
269 3740 411 3789 emendavit
425 3739 563 3789 Bentleius.
597 3741 626 3787 ln
660 3736 749 3786 morbo
766 3737 872 3804 quidem
885 3735 979 3786 tentari
992 3744 1106 3804 possunt,
1123 3753 1176 3785 non

101 3808 176 3859 libris
200 3808 300 3875 scriptis
318 3807 442 3873 editisque
459 3807 554 3872 legitur
573 3807 628 3855 vim
661 3804 736 3854 aliter
747 3822 777 3852 ac
789 3821 898 3871 corpora
908 3803 997 3852 morbo
1007 3800 1102 3853 tentari
1112 3820 1175 3919 pos-

101 3878 209 3947 ipsam:
243 3892 318 3943 quam
349 3874 485 3925 lectionem
510 3873 627 3938 religiose
661 3881 733 3930 sunt,
751 3872 800 3920 sed
816 3881 892 3929 cctt.;
915 3870 959 3920 sed
974 3871 1095 3933 Orellius,
1131 3887 1176 3920 aec

101 3953 270 3995 servaverunt
284 3942 412 3993 Ernestins
428 3953 454 3991 et
469 3940 625 4001 Schuetzius,
661 3939 740 3988 verba
762 3940 794 3988 de
812 3940 926 4004 sapiente
943 3938 1082 4004 accipiens,
1105 3946 1177 3988 recto

102 4011 257 4062 adversante
269 4010 321 4061 loci
334 4010 468 4070 sententia,
486 4026 550 4075 quae
563 4007 627 4056 hirec
660 4005 812 4055 sententiam
843 4006 879 4056 sic
909 4005 1011 4055 videtur
1035 4004 1175 4072 explicare:

103 4089 157 4131 est:
187 4077 232 4128 illa
254 4077 421 4147 aequabilitas
441 4087 466 4126 et
485 4075 628 4126 constantia
661 4073 776 4136 „animus
797 4072 943 4140 (sapientis)
964 4073 1050 4122 valcns
1067 4088 1178 4137 vereque

104 4155 149 4199 snt
165 4146 288 4197 virtutem
309 4146 483 4213 solisequitnr,
508 4154 553 4194 aut
572 4143 627 4210 ipso
661 4158 735 4191 sanus
757 4140 828 4191 nullo
846 4158 955 4207 unquam
970 4141 1060 4189 morbo
1077 4159 1097 4188 s.
1114 4155 1176 4204 per-

104 4224 145 4265 cat
162 4215 251 4267 virtus.
661 4208 806 4259 turbatione
832 4207 929 4258 tentari
953 4216 1057 4275 potest·¹
1088 4222 1184 4270 corque

937 4280 984 4345 lb
