2640 4626
551 199 679 251 crunu
696 201 727 250 11.
746 203 787 259 17·
1140 191 1201 260 173

170 323 203 383 P.
236 321 518 400 CerteEttrppylus
534 321 587 379 Iria
603 321 725 401 quidem
739 332 790 380 eet.
821 323 984 380 Hominem
1000 322 1200 382 exerettnm2!

128 421 188 494 ubi
211 406 340 493 tautum
360 417 468 511 luctus
494 418 743 492 continuatur.³
764 463 811 475 -
863 419 969 490 XVII.
1021 426 1077 498 39.
1103 421 1199 510 Vide,

127 551 230 624 quam
252 549 323 594 nou
346 518 501 595 flebiliter
522 521 730 621 respondeat,
754 521 918 593 rationem
941 521 1038 594 etiam
1059 521 1153 594 allent
1168 529 1199 612 ⁴,

127 654 188 700 cur
209 653 315 725 aequo
333 623 444 696 auimo
464 622 530 696 sibi
548 623 720 697 serendum
738 623 798 697 sit:

509 730 543 787 E.
594 731 656 807 Qui
677 733 769 788 alteri
791 732 918 787 exitium
931 741 1046 808 parat,

234 816 316 874 Eum
343 817 422 872 scire
452 825 564 892 oportet
585 812 647 872 sibi
662 814 834 893 paratum⁵
846 854 857 882 ,
875 825 990 892 pectem
1011 826 1045 871 ut
1062 818 1197 892 partici-

861 909 914 977 pet
930 919 1045 976 parem.

122 995 284 1070 Abdueet
299 993 484 1082 Patrocles,
511 994 630 1084 credo,
654 1012 691 1067 ut
712 994 850 1070 collocet
871 995 907 1066 in
933 994 1052 1081 cubili,
1078 1011 1115 1067 ut
1130 996 1198 1069 vol-

122 1126 193 1172 nus
219 1097 350 1196 obliget.¹
376 1097 542 1197 siquidem
566 1097 669 1170 horno
693 1115 741 1170 est
754 1103 784 1170 ⁶.
836 1097 905 1170 Sed
927 1095 1012 1169 nihil
1039 1097 1109 1170 vidi
1135 1097 1198 1171 mi-

123 1209 232 1274 nus⁷.
280 1199 424 1296 Quaerit
442 1200 547 1287 enim,
572 1200 655 1299 quid
672 1200 859 1273 actnm‘sit:
1167 1195 1168 1199 ¹

176 1358 194 1412 2
211 1352 243 1404 V.
259 1351 326 1402 Adn.
359 1355 377 1410 3
393 1353 452 1403 Ern.
465 1352 656 1402 continuatur?
688 1353 706 1410 4
721 1352 762 1402 Sic
770 1353 814 1403 W.
824 1359 850 1401 ct
863 1355 968 1410 02x.-
986 1350 1069 1400 Ceteri
1083 1349 1197 1418 afferat:

124 1420 198 1488 qnod
210 1420 297 1483 nescio
312 1436 344 1468 un
357 1429 469 1471 recteest
481 1420 592 1479 habeat,
608 1420 698 1471 maiori
714 1419 876 1469 distinctione
891 1427 952 1484 post
966 1418 1126 1487 respondeat
1139 1437 1197 1469 mu-

123 1487 358 1539 tateinminorem.
392 1494 409 1547 5
425 1486 583 1552 Sicuegregie
592 1487 721 1538 emendav.
739 1487 863 1537 Bentl-
880 1488 940 1537 Ern.
960 1504 981 1535 c.
988 1487 1056 1552 vulg.
1070 1499 1197 1555 paratam

121 1574 172 1626 p.‚
190 1566 229 1605 ut.
264 1558 281 1612 6
296 1555 328 1605 V.
344 1553 411 1604 Adri.
445 1560 463 1611 7
479 1555 520 1603 Sic
537 1555 581 1605 W.
593 1573 621 1604 c.
639 1556 720 1606 VML.
734 1553 800 1605 Lall.
817 1584 849 1594 —
867 1552 948 1604 codd.
965 1553 1080 1621 plerique
1096 1563 1122 1603 et
1136 1555 1196 1622 aliq.

123 1622 193 1674 Edd.
211 1629 274 1672 vett.
292 1621 340 1670 sed
357 1620 429 1671 niltil
443 1622 566 1671 vidimus.
582 1623 642 1672 Em.
659 1623 778 1673 tentabat
792 1622 866 1673 nihil
880 1622 974 1682 ndnus,
988 1621 1089 1679 ,omissis
1106 1622 1154 1671 sed
1170 1631 1197 1673 et

124 1691 187 1741 vidi
194 1729 203 1752 ,
221 1705 285 1757 quae
299 1688 396 1740 uncinis
412 1687 499 1738 cinxit.
516 1688 593 1751 Male,
611 1706 760 1757 quamquam
773 1688 800 1739 in
813 1689 899 1741 Guelf.
917 1689 976 1738 vidi
989 1705 1042 1738 non
1057 1698 1196 1756 comparet.

124 1755 295 1808 SicBeroald.
312 1774 379 1824 susp.
412 1755 465 1804 Sed
480 1755 552 1805 uiltil
563 1757 665 1818 nunus,
684 1757 775 1807 omisso
791 1758 857 1808 vidi.
877 1759 919 1806 Or.
937 1755 1046 1823 denique
1061 1754 1196 1834 legendum

124 1832 215 1894 putet:
234 1823 282 1874 sed
296 1825 370 1875 nittl
380 1823 439 1874 vidi
452 1841 495 1873 ma
515 1825 549 1872 is.
583 1826 672 1886 „Quae
695 1823 819 1887 fonnula,
855 1842 925 1874 arum
939 1840 954 1873 a
967 1822 1077 1873 librariis
1090 1823 1195 1873 mtelle-

126 1904 177 2010 etp,
197 1891 359 1970 ubiquelfere
375 1842 533 1958 corruptelis}
550 1890 745 1942 obnoxiafuit.“
780 1844 866 1954 Quid?
882 1891 905 1941 ei
916 1891 1042 1957 legamus:
1060 1890 1113 1940 Sed
1125 1891 1199 1942 nihil

123 1979 152 2012 aa
174 1976 248 2010 emus
263 1972 357 2009 nunus.

123 2058 293 2113 Doctissimus
309 2058 481 2110 Grotefendus
501 2057 564 2108 duos
588 2057 645 2126 pri-
677 2050 747 2110 tonis
763 2059 905 2110 orationem
920 2058 1054 2110 referenda
1066 2059 1126 2121 siut,
1143 2059 1193 2110 hoc

122 2146 182 2179 mos
195 2144 283 2177 versus
297 2127 332 2176 sic
346 2126 468 2192 legendos
477 2135 577 2175 censet:
678 2127 880 2177 scilicetmodo:
900 2128 1040 2177 Hominem
1060 2129 1193 2177 exercito-

124 2200 148 2246 0
162 2194 300 2257 Pdtroole,
319 2194 357 2246 ad
369 2210 417 2245 vos
431 2193 579 2242 adve'nr'ens
594 2209 645 2242 au·
677 2208 746 2257 tum,
764 2194 809 2244 ati
825 2207 928 2244 tantum
947 2195 1041 2245 luctus
1052 2196 1192 2245 continem-

159 2262 577 2330 xilitondtoestrasmdnuspeto,
677 2275 737 2323 tur,
755 2262 832 2324 uide,
867 2281 927 2312 uam
938 2279 990 2312 non
1000 2261 1133 2329 flebiliter
1146 2280 1192 2314 re-

121 2332 288 2398 Priuequam
310 2328 429 2399 o'ppetam
450 2329 548 2379 malam
573 2327 644 2378 illam
676 2330 813 2400 spondeat.
873 2331 933 2379 erba
954 2330 1084 2379 hominem
1114 2349 1193 2380 exer-

142 2409 258 2469 pestem,
267 2395 413 2455 mindatam
419 2396 510 2460 ltoetili
516 2412 595 2445 manu
600 2413 610 2452 ‚·
677 2400 786 2448 citatum
801 2406 924 2447 revocent
946 2397 1098 2446 sententiam
1115 2407 1192 2455 unte-

122 2466 282 2517 mondatam
296 2464 399 2532 antique
412 2463 524 2530 pesitum
537 2461 644 2512 -videtur
677 2465 823 2516 cedentem:
842 2475 871 2514 at
886 2481 949 2514 uero
966 2465 1014 2514 ille
1030 2462 1192 2515 exercitatus

141 2533 378 2583 roimmissam.-
394 2532 550 2599 Aesculapii
566 2529 644 2580 liberi
678 2544 797 2583 etvetus
818 2540 868 2581 etc.
903 2530 1065 2581 Constructio
1091 2540 1190 2583 autem:

120 2554 247 2651 dicuntur
254 2597 354 2651 medici.
368 2597 513 2648 Sententia:
523 2598 576 2646 Tot
582 2616 644 2647 sau-
677 2601 807 2650 nominem
821 2598 885 2649 vide
905 2616 982 2666 quam
999 2616 1051 2648 non
1063 2597 1128 2664 fleb.
1145 2618 1191 2649 re-

120 2667 156 2719 cii
172 2676 249 2730 sunt,
265 2675 296 2715 ut
310 2664 340 2714 iis
354 2665 508 2732 oppleantur
529 2665 644 2732 porticus
677 2668 821 2738 spondeat,
839 2683 854 2715 e
875 2683 966 2732 graeca
987 2665 1074 2731 lingua
1099 2666 1190 2732 petita,

119 2735 297 2796 medicorum,
323 2748 373 2781 nec
396 2732 449 2782 ulle
474 2748 518 2781 eos
533 2731 643 2782 adeundi
676 2736 827 2804 pervulgata
843 2743 889 2782 est.
922 2732 1058 2786 Ῡ.Α(1ιιοῐ.
1074 2732 1102 2781 in
1113 2736 1133 2783 Ι.
1147 2733 1191 2795 24,

119 2803 158 2854 sit
176 2801 260 2870 copia.
677 2807 718 2862 56.
752 2804 836 2852 Locus
861 2800 940 2867 igitur
965 2800 1001 2850 sic
1030 2799 1192 2866 explicandus

159 2886 228 2919 -non
231 2880 320 2938 potest
327 2866 428 2933 accede]
445 2867 644 2934 Repugnatme·
677 2870 793 2920 videtur:
814 2867 893 2930 Vide,
912 2885 988 2934 quam
1000 2883 1053 2917 non
1074 2865 1192 2917 flebiliter
1210 2863 1213 2874 ’

120 2947 175 2987 tro.
211 2932 359 3003 Legendum
381 2934 474 3001 igitur:
499 2951 552 2982 nan
570 2936 644 3002 potis
676 2937 831 3005 respondeat
855 2935 933 2985 homa
949 2935 1100 2984 exercitatus
1114 2933 1191 2985 etiam

120 3003 232 3064 accedi,
248 3014 281 3054 ut
296 3020 357 3053 mox
372 3021 394 3052 c.
410 3006 450 3064 17,
467 3005 509 3060 39.
528 3017 643 3070 nonpo-
676 3014 747 3067 tum,
772 3020 848 3072 quum
869 3011 958 3052 tantus
981 3002 1065 3051 luctus
1089 3000 1191 3051 veltet

120 3073 161 3122 tis
175 3069 265 3139 eqfari
281 3088 332 3140 pro
344 3082 441 3140 potest.
511 3084 513 3091 ·
675 3072 797 3122 malu'et
821 3069 978 3119 calamitates
1005 3067 1189 3136 constipantur,

173 3139 234 3188 Cae.
252 3138 334 3189 xvn.
352 3141 393 3195 39.
418 3140 495 3193 Certe
514 3139 642 3206 Eurypy—
674 3138 731 3189 vel:
754 3137 914 3200 etiam-tum,
932 3152 1008 3204 quum
1027 3135 1100 3186 malis
1125 3152 1191 3186 cou-

121 3206 166 3263 lus
179 3234 214 3244 -
229 3205 274 3255 laic
288 3205 394 3273 quidem
406 3206 454 3271 est)
480 3206 551 3254 Haec
565 3204 642 3255 verba
675 3206 792 3274 stipatur.
1260 3266 1262 3270 ὗ

121 3290 210 3324 versus
227 3272 365 3322 clausulam
389 3273 508 3322 videntur
534 3271 642 3332 efficere,
727 3272 863 3341 Siquidem
871 3270 1001 3336 limnoest)
1019 3268 1190 3320 Sicdellrne-

120 3339 337 3390 utsicscn'bendu
352 3339 418 3389 sint:
428 3372 519 3387 ······
527 3339 556 3387 P·
566 3339 643 3388 θένω
675 3341 718 3391 nii
726 3339 868 3409 suspicione
874 3337 994 3400 Wolfius,
1008 3335 1191 3386 Schuetziuset

121 3408 281 3478 Eurypylus
298 3407 342 3457 tte
350 3407 456 3476 quidem
464 3416 556 3455 est-
570 3405 642 3457 Ele-
675 3407 783 3459 Orellius
805 3415 895 3456 contra
917 3403 1041 3453 Codicum
1063 3403 1138 3452 fidem
1161 3413 1190 3453 et

121 3474 211 3526 ctione
228 3474 347 3540 vulgata,
367 3491 442 3542 quam
453 3471 583 3522 Ernestius
596 3489 641 3522 re·
674 3475 777 3540 linguae
798 3472 911 3522 indolem
934 3469 1043 3519 edidere.
1077 3468 1190 3534 Vulgata
1278 3486 1280 3491 ·

118 3541 219 3604 tinuit,
244 3541 336 3592 verbu:
354 3545 477 3592 Gerte-
491 3541 642 3589 -exerci-
674 3541 806 3610 siquidem
818 3533 1189 3589 homoessetfirmissimestat.

119 3622 176 3660 tum
191 3608 225 3659 ad
243 3607 641 3659 Ciceronisoratiouem-relere·
674 3608 803 3660 Partiude
825 3605 956 3674 siquidem
990 3618 1066 3670 saepe
1092 3601 1189 3666 ironica

121 3677 231 3738 bantur,
262 3685 290 3726 et
317 3684 366 3745 pro
389 3676 532 3726 exercitum
560 3673 642 3742 (quod
674 3677 700 3726 vi
715 3675 754 3725 itu
768 3674 890 3743 ponitur,
915 3681 945 3722 ut
962 3687 993 3720 ex
1010 3667 1092 3719 verbis
1110 3686 1188 3786 prae-

121 3760 180 3794 com
200 3753 257 3792 aret
280 3742 308 3793 in
328 3743 428 3812 aliquot
447 3743 534 3793 'bonae
563 3751 642 3791 notae
674 3742 766 3810 gressis
791 3739 917 3791 sententia
936 3738 1025 3806 aliqua
1047 3754 1112 3805 supp
1122 3737 1189 3788 ende

122 3811 178 3862 (lod
205 3809 365 3878 >legebatur
382 3812 562 3860 exercitatum.
587 3809 642 3858 Le·
675 3811 723 3874 sit,
749 3826 814 3878 quae
838 3806 1032 3858 affirmationem
1054 3803 1075 3853 si
1093 3804 1187 3866 nificat,

122 3878 193 3940 ctio,
211 3895 287 3955 quam
301 3877 376 3927 dedit
389 3878 517 3940 Wolfius,
534 3877 642 3926 debetur
676 3894 740 3946 quae
762 3892 822 3926 vero
856 3875 952 3943 pendet
976 3891 993 3924 a
1021 3887 1071 3922 con
1091 3871 1188 3922 'tinnuli

121 3944 246 3996 Bentlero.
264 3947 319 4012 Ego
333 3961 394 3995 vero
401 3944 570 3994 reducendam
577 3952 641 4011 puto
676 3942 853 3994 enunciatioue
872 3943 978 3992 inducta
1002 3938 1129 4009 particula
1146 3941 1188 3988 ei-

122 4011 260 4064 lectionem
269 4013 545 4078 vulgatamHominem
562 4029 641 4061 exer·
692 4012 787 4061 uidem.
820 4007 1138 4060 ct-simtllimumtlocum
1160 4005 1188 4054 in

123 4082 246 4142 eitonam,
264 4079 302 4129 ita
315 4089 416 4140 tamen,
442 4088 471 4128 ut
485 4078 549 4129 haec
562 4078 640 4129 verbu
673 4030 728 4129 lqliu.
744 4081 796 4141 111,
812 4079 837 4135 4.
854 4075 927 4127 Istud
944 4075 1059 4145 quidem,
1076 4073 1187 4140 inquam,

122 4154 188 4209 ndu,
206 4157 236 4197 ut
252 4147 407 4214 interpretes
422 4144 528 4211 volunt,
545 4155 640 4214 poetae
708 4145 769 4196 tine
784 4144 861 4203 dicis;
885 4144 946 4206 sed,
970 4157 1079 4210 quaero,
1103 4155 1188 4190 noune

122 4214 281 4283 effingenda,
298 4213 344 4265 sed
357 4213 391 4264 ad
403 4222 550 4282 aquensem
561 4212 639 4263 (lice-
672 4213 694 4264 ti
711 4212 879 4264 iaciendum
892 4211 963 4263 idem
978 4207 1071 4260 etr-t
1088 4206 1120 4256 Si
1129 4205 1191 4273 qui-
