2640 4626
194 211 238 280 90
581 252 583 256 -
602 219 863 272 momontum

195 342 287 406 fflam
308 339 488 401 fortissimos
507 340 592 401 viros
611 340 728 401 doloris
748 341 934 402 cruciatibus
951 339 1051 419 frangi
1069 347 1099 398 et
1116 338 1277 400 lamentari

195 443 344 506 videmus.
366 472 410 489 -
460 442 608 523 Exempla
631 441 832 518 Philoctetae,
864 442 1009 518 Herculi,
1039 439 1229 517 Promethei,
1261 462 1278 502 e

195 545 291 626 poetis
305 543 438 622 tragicis
448 544 616 625 desumpta.
631 563 659 605 c.
674 545 702 613 7.
721 541 748 621 §.
764 545 811 612 18.
829 546 877 614 19.
897 565 922 604 c.
935 546 1065 612 8-10.
1094 542 1176 602 Hinc
1200 563 1277 603 ena·

196 647 294 709 scitur
309 646 411 706 brevis
429 645 573 725 digressio
589 644 629 707 da
645 665 705 706 usu
719 646 857 706 locorum
872 664 887 704 e
905 646 1003 726 poetis
1019 644 1201 725 petitorum,
1224 644 1278 723 qui

197 748 454 828 disputatiomhus
469 746 689 829 philosophicis
704 747 934 808 admisceantur.
972 748 1079 808 Poetae
1096 755 1276 827 carpuntur,

197 849 297 928 quod,
320 870 414 928 quum
438 850 616 910 senissimus
638 849 775 911 homines
798 849 947 909 inducant
968 849 1184 924 lamentantes,
1208 849 1276 908 ani·

196 971 262 1011 mos
278 961 399 1011 nostros
414 950 566 1027 molliant,
585 950 768 1030 virtutisque
783 971 893 1010 nervos
909 949 1031 1010 elidant.
1047 971 1073 1009 c.
1093 953 1141 1017 11.
1175 950 1276 1011 Multo

196 1053 292 1132 magia
317 1061 417 1112 autem
437 1052 633 1132 vituperandi
660 1061 732 1112 sunt
756 1052 881 1112 virtutis
906 1050 1057 1129 magistri,
1089 1050 1276 1132 philosophi,

198 1154 253 1232 qui
277 1173 428 1215 summum
448 1155 560 1213 malum
588 1153 723 1213 dolorem
749 1153 864 1215 dicunt.
918 1141 1035 1214 Rursus
1059 1153 1278 1234 perstringitur

197 1255 324 1341 Epicuri
341 1254 496 1317 sententia.
516 1276 541 1314 c.
560 1257 607 1327 12.
628 1256 655 1331 §.
671 1253 736 1336 28.)

208 1371 210 1375 '
282 1353 315 1436 2)
347 1356 501 1417 Sententia
521 1358 693 1416 Stoicorum
700 1401 709 1433 ,
739 1357 792 1435 qui
811 1354 890 1415 nihil
910 1356 1022 1415 malum
1040 1376 1102 1415 esse
1124 1355 1275 1433 dicebant,

197 1457 257 1516 nisi
276 1457 359 1535 quod
376 1467 467 1538 turpe
483 1467 575 1536 atque
591 1457 736 1517 vitiosum
756 1467 850 1534 esset,
873 1457 1008 1518 dolorem
1025 1457 1121 1537 igitur
1136 1479 1275 1537 asperum

196 1559 286 1618 illum
303 1558 425 1637 quidem
440 1579 503 1619 esse
518 1568 548 1618 et
562 1568 668 1618 contra
683 1568 841 1636 naturam,
869 1559 923 1618 sed
937 1559 1050 1625 malum
1067 1579 1130 1619 esse
1149 1561 1273 1620 omnino

197 1660 365 1738 negabant,
387 1661 458 1738 quia
473 1661 537 1720 vita
553 1660 639 1719 beata
655 1659 689 1718 in
711 1680 772 1719 una
794 1661 909 1721 virtute
931 1661 1029 1742 posita
1051 1671 1135 1720 esset.
1151 1694 1194 1709 -
1236 1663 1276 1721 At

196 1760 372 1838 haeclratio
394 1761 497 1842 inepta
523 1770 586 1837 est,
617 1770 648 1820 et
671 1760 753 1821 redit·
774 1762 812 1820 ad
836 1763 1000 1822 verborum
1024 1763 1273 1841 controversiam,

196 1882 254 1923 nec
284 1862 449 1940 quidquam
476 1861 560 1923 valet
589 1861 628 1922 ad
656 1862 826 1924 tollendum
858 1865 1003 1926 dolorem.
1038 1885 1063 1923 c.
1090 1865 1140 1934 12.
1171 1865 1199 1943 §.
1223 1867 1273 1935 29.

197 1965 415 2043 cffiiffl
734 2032 737 2037 .

281 2061 316 2146 3)
340 2063 494 2124 Sententia
509 2084 614 2124 eorum
628 2064 881 2146 philosophorum
897 2063 1200 2147 (Peripateticorum),
1223 2066 1275 2146 qui

197 2166 335 2227 dolorem
352 2168 465 2225 malum
479 2165 569 2225 illum
585 2166 707 2244 quidem
720 2187 782 2227 esse
797 2167 954 2245 dicebant,
977 2167 1030 2227 sed
1048 2189 1117 2228 cum
1136 2168 1273 2249 turpitu-

198 2268 270 2326 dine
286 2277 493 2347 comparatum
505 2288 604 2347 poene
616 2269 737 2329 nullum
752 2290 824 2329 esse.
855 2269 953 2347 Atque
968 2268 1048 2328 hanc
1063 2269 1187 2347 quidem
1202 2291 1273 2330 sen·

197 2368 323 2429 tentiam
341 2379 485 2448 sequutus
506 2378 551 2428 est
565 2369 678 2431 Cicero.
721 2371 797 2430 Nam
815 2381 850 2430 ut
867 2369 1029 2430 honestum
1047 2391 1198 2432 summum
1215 2373 1273 2432 ho·

197 2491 271 2530 num
286 2479 346 2548 est,
368 2480 467 2531 cetera
482 2471 619 2550 corporis
636 2483 666 2532 et
681 2472 821 2531 fortunae
839 2472 919 2531 hone
936 2470 1100 2551 perexigua
1114 2483 1204 2533 sunt:
1232 2474 1274 2533 ita
1316 2508 1318 2561 4

197 2572 357 2652 turpitudo
383 2591 533 2631 summum
556 2573 670 2632 malum
694 2580 754 2648 est,
791 2582 890 2632 cetera
914 2583 1037 2634 externa
1062 2573 1112 2634 vel
1136 2575 1274 2655 corporis
1316 2642 1318 2651 ,

104 2674 111 2685 '
148 2699 163 2717 -
197 2673 363 2732 malacum
377 2673 576 2753 turpitudinis
593 2674 673 2734 malo
690 2673 746 2732 vix
764 2675 974 2755 comparanda,
1017 2675 1139 2754 Itaque,
1161 2676 1188 2736 s‘i
1202 2687 1274 2737 tur-
1316 2734 1318 2763 ζ

197 2774 306 2854 pitudo
328 2774 415 2855 peius
437 2784 497 2852 est,
526 2764 616 2853 quam
638 2773 741 2834 dolor:
772 2773 851 2834 nihil
874 2785 918 2835 est
940 2777 1031 2855 plane
1055 2777 1151 2837 dolor.
1195 2779 1274 2838 Nam

197 2885 288 2954 turpe
305 2885 351 2936 est
369 2875 473 2936 dolore
486 2877 596 2955 frangi.
641 2875 704 2950 Qui
720 2884 820 2935 autem
834 2876 958 2937 virtutis
974 2900 1097 2958 compos
1113 2901 1177 2938 esse
1193 2881 1274 2957 vult,

199 2998 317 3037 emnem
337 2980 558 3058 turpitudinem
578 2977 681 3056 fugiet.
723 2976 830 3038 Virtus
843 2978 939 3057 igitur
952 2988 1066 3039 tantam
1082 2980 1115 3038 in
1130 3000 1163 3039 se
1179 2980 1274 3042 hahet

197 3078 278 3155 vim,
306 3089 343 3139 ut
366 3080 394 3139 ei
410 3080 519 3141 cedere
540 3080 648 3139 debeat
666 3077 764 3140 dolor.
808 3081 962 3155 Quattuor
977 3075 1106 3142 virtutes
1126 3101 1204 3160 quae
1223 3084 1272 3143 di-

188 3170 312 3241 cuntur
336 3182 503 3242 cardinales
530 3190 759 3258 enumerantur,
789 3182 1032 3261 ostenditurque,
1061 3183 1141 3242 nulli
1168 3204 1273 3244 earum

198 3281 337 3343 satisfieri
352 3304 449 3364 posse,
469 3282 529 3343 nisi
545 3282 633 3343 dolor
644 3292 864 3344 contemnatur.
906 3286 987 3362 Ergo
1001 3294 1055 3344 aut
1069 3285 1156 3344 nulla
1171 3284 1271 3346 virtus

198 3394 260 3464 est,
283 3394 336 3446 aut
350 3385 587 3447 contemnendus
605 3384 702 3445 enanis
718 3384 815 3446 dolor.
834 3407 859 3446 c.
878 3388 927 3456 13.
946 3388 975 3466 §.
990 3389 1043 3456 31.
1061 3407 1086 3447 c.
1105 3384 1153 3455 14.
1170 3387 1271 3468 princ.

494 3638 619 3702 durans
639 3660 712 3701 rsas
732 3660 968 3702 nrsrorrrrorns.

280 3792 344 3853 Iam
358 3812 449 3871 vero,
468 3793 512 3871 si,
532 3793 669 3854 dolorem
686 3794 822 3855 dolorem
835 3794 856 3854 i.
871 3814 896 3854 e.
913 3794 1027 3854 malum
1039 3814 1112 3871 esse,
1135 3795 1178 3855 ita
1194 3816 1270 3856 eon-

195 3894 330 3973 ceditur,
360 3905 412 3971 ut,
443 3915 511 3955 eum
540 3897 671 3973 virtute,
700 3894 878 3957 nominatim
908 3895 1104 3973 fortitudine,
1137 3895 1271 3977 opprimi

193 4016 297 4078 pesse,
325 4002 492 4059 statuaturc
521 3999 678 4077 quaeritur
685 4042 695 4074 ,
725 4018 786 4076 quo
810 3999 901 4058 modo
920 3997 974 4056 illa
996 3997 1113 4076 virtus,
1143 3997 1272 4077 quaeri

193 4118 248 4160 sna
269 4098 376 4175 efficit,
397 4108 434 4160 ut
453 4099 591 4164 dolorem
608 4109 853 4178 contemnamus,
873 4099 1077 4182 comparanda
1094 4100 1144 4162 sit.
1188 4100 1271 4164 Haec

179 4200 291 4264 mnas
312 4213 506 4286 comparatur
