2640 4626
120 201 164 271 23
526 207 787 261 rnoaaoosmun

121 329 342 415 disputationis·
353 349 457 389 caussa
468 327 683 405 >continentum
704 339 755 405 ut,
776 329 927 411 quioquid
942 333 986 390 sit
1003 333 1037 390 in
1052 333 1200 412 aegritu·

108 437 192 497 ‚dine
205 435 286 493 mali
292 474 304 503 ,
327 430 364 492 id
377 453 437 490 nors
453 433 598 490 naturale
612 434 656 490 sit
661 471 673 500 ,
695 430 751 491 sed
761 434 941 491 voluntario
951 432 1069 491 iudicio
1083 444 1112 491 et
1127 436 1199 512 opi-

120 540 225 603 nionis
258 556 355 593 errore
384 544 573 591 contractum
578 573 590 602 ,
622 532 749 612 repetit,
785 542 831 608 et,
867 532 1022 610 quamvis,
1051 532 1199 593 universa

121 635 311 717 aegritudine
339 633 472 708 sublata,
503 633 692 710 reliquorum
720 633 871 694 malorum
897 655 913 693 e
941 633 1051 712 quibus
1077 635 1200 695 oriatur

36 810 41 825 .
121 737 278 818 aegritudo
293 728 425 796 remedia
441 755 504 795 non
518 754 699 814 magnopere
716 735 887 813 quaerenda
902 736 980 810 sint,
1008 746 1109 795 tamen
1129 735 1199 796 sin-

121 841 262 919 gularum
273 858 377 899 rerum
390 835 529 916 proprias
543 836 764 896 consolationes
777 854 841 897 non
855 836 979 896 inutiles
992 857 1055 896 esse
1068 836 1197 897 iudicat.

122 941 245 1018 Deinde,
268 960 344 1019 quae
359 938 514 1018 superiore
532 937 737 1017 disputatione
753 938 846 999 latius
861 947 891 997 et
903 937 1043 998 diffusius
1057 939 1199 1018 exposita

122 1052 225 1119 erant,
254 1041 358 1121 paucis
380 1038 618 1119 comprehendit.
662 1040 797 1117 Denique
815 1039 901 1099 varia
923 1039 1121 1117 aegritudinis
1142 1059 1196 1118 ge-

121 1166 194 1206 nera
210 1143 343 1204 breviter
358 1141 545 1216 dinumerat,
567 1152 598 1199 et
615 1140 696 1200 viam
713 1141 772 1201 sibi
786 1141 885 1203 munit
901 1141 941 1203 ad
957 1142 1111 1220 sequentis
1128 1141 1196 1202 dis-

120 1245 288 1329 putationis
309 1253 526 1323 argumentum.
548 1264 574 1304 c.
592 1239 644 1311 34.

89 1688 96 1705 ’
182 1678 636 1757 TUSCULANARUM
661 1678 1131 1753 DISPUTATIONUM

529 1850 621 1902 nram
637 1850 781 1916 Quium,
881 1904 885 1911 ,

272 1966 325 2021 our
337 1944 396 2010 asr'
408 1965 450 2011 ns
462 1944 604 2019 naisum
617 1965 705 2010 annu
717 1964 1041 2021 rsnnmusrroumus,

490 2090 816 2152 conspectus.

203 2259 227 2320 1.
249 2261 444 2345 Propertium.
487 2259 664 2321 Laudentur
679 2261 823 2338 Romani,
845 2261 928 2341 quod
946 2281 1041 2341 quum
1059 2284 1076 2321 a
1094 2262 1195 2342 primo

119 2362 212 2423 Urbis
228 2368 299 2422 ortu
313 2361 437 2440 egregiis
453 2362 588 2422 moribus
601 2363 819 2443 institutisque,
841 2372 872 2425 et
884 2363 1045 2443 disciplina
1061 2386 1097 2424 ac
1113 2374 1195 2426 tem·
1214 2394 1218 2401 ·

120 2465 276 2545 peratione
291 2463 424 2524 civitatis
440 2464 630 2542 minuerint,
652 2475 733 2541 turn,
756 2465 1008 2544 dominaturegio
1022 2467 1195 2545 republica

107 2565 257 2640 liberata,
278 2566 520 2643 progressionem
537 2566 744 2626 admirabilem
761 2566 1014 2645 incredibilesque
1029 2586 1138 2627 cursus
1154 2568 1197 2628 ad

119 2687 239 2727 omnem
260 2665 470 2725 excellentiam
489 2667 625 2727 iecerint.
648 2689 673 2727 c.
694 2671 721 2735 1.
743 2669 771 2746 §.
788 2671 816 2736 1.
859 2669 931 2739 lam,
942 2669 1110 2747 antiquitus
1129 2671 1194 2729 Ro-

120 2769 202 2828 mani
223 2767 324 2827 studia
346 2767 520 2843 doctrinae,
542 2767 666 2828 aliunde
681 2769 837 2846 arcessita,
859 2762 1081 2830 conservarunt
1093 2780 1124 2830 et
1138 2793 1196 2831 co-

119 2870 254 2930 luerunt.
293 2868 385 2927 Cuius
399 2868 444 2927 rei
460 2888 595 2928 caussam
611 2892 628 2928 a
643 2869 830 2950 Pythagorae
845 2870 984 2931 doctrina
998 2872 1196 2952 repetendam

120 2991 198 3046 esse,
215 2968 322 3048 ‘quum
344 2969 519 3029 coniectura
538 2971 696 3050 probabile
718 2983 778 3049 est,
805 2983 871 3033 tum
901 2973 1082 3051 quibusdam
1103 2975 1213 3036 stiam

120 3071 299 3133 testimoniis
320 3069 474 3131 historicis
494 3071 657 3133 indicatur.
688 3075 716 3152 §.
735 3078 765 3142 2.
786 3078 817 3142 3.
840 3096 865 3134 c.
883 3077 914 3141 2.
966 3075 1196 3156 Philosophiam

120 3184 219 3234 autem
239 3182 356 3233 veteres
376 3173 506 3232 Romani
526 3173 592 3234 vita
618 3176 729 3254 magis,
763 3196 854 3255 quam
881 3177 991 3237 litteris
1018 3181 1197 3259 persequuti

121 3285 209 3351 sunt,
232 3275 327 3335 serius
342 3274 479 3351 demum,
500 3284 636 3356 tempore
648 3276 704 3337 illo
712 3322 721 3353 ,
741 3298 836 3363 quum
849 3278 1077 3340 Atheniensium
1091 3282 1196 3361 legati,

61 3419 64 3427 ι
120 3377 304 3453 Carneades,
327 3377 479 3437 Critolaus
496 3386 528 3436 et
541 3377 704 3456 Diogenes,
725 3389 787 3440 tres
804 3379 981 3460 philosophi
996 3383 1195 3462 celeberrimi,

120 3480 245 3540 Romam
260 3490 411 3540 venerunt
426 3477 503 3559 (155
518 3499 544 3537 a.
560 3476 624 3559 C.),
645 3482 901 3561 praeclarissimae
914 3482 999 3542 illius
1015 3483 1196 3565 disciplinae

120 3580 255 3641 studium
275 3580 383 3641 laetius
404 3580 589 3641 efflorescere
614 3566 721 3663 coepit
772 3583 916 3665 Epicurei
929 3593 1008 3664 post
1027 3587 1059 3645 C.
1077 3586 1194 3646 Amafi-

119 3683 205 3742 nium
226 3682 318 3762 primi
337 3683 478 3759 luerunt,
508 3682 561 3762 qui
587 3683 813 3766 philosophiam
840 3705 926 3746 suam
951 3685 1061 3746 littaris
1089 3688 1196 3749 latinis

120 3783 347 3862 consignarunt
369 3804 396 3843 c.
409 3786 440 3854 3.
483 3785 582 3844 Pauca
598 3787 828 3867 subiunguntur
845 3786 883 3847 de
901 3786 1070 3848 academica
1087 3789 1195 3869 philo-

96 3914 99 3921 ·
120 3884 273 3964 sophandi
292 3884 418 3944 ratione
441 3905 467 3945 c.
484 3882 514 3954 4.
535 3887 634 3967 princ.

121 3970 124 3975 ¹
203 3985 242 4046 IL
264 3986 382 4046 Tuesrs.
426 3989 496 4051 Non
513 3993 597 4050 οιιιιιί
614 3992 715 4050 aniass'
725 3991 954 4077 perturbatione
967 3996 1091 4073 sapiam
1105 3995 1196 4055 vide-

120 4101 172 4150 tur
191 4110 311 4149 vacare.
446 4097 450 4103 ⁴
654 4128 660 4137 ·
724 4114 728 4119 ·

203 4189 286 4253 Huic
301 4189 464 4251 smtentiae
477 4190 658 4255 Tullius-ita
671 4194 844 4274 respondet,
863 4203 909 4274 ut,
930 4193 1069 4257 besterna
1085 4195 1195 4278 dispu-
