2640 4626
488 220 596 275 lNDEX
613 219 822 271 HISTORICUS.

148 336 275 387 ctiliunus
292 337 370 402 (lust.
392 346 456 386 orat.
473 341 518 399 10,
539 341 561 394 1.
577 338 634 405 83.)

149 405 275 453 neminem
292 415 318 454 et
341 404 492 471 scriptorum
517 405 635 472 copiast

148 471 285 538 eloquendi
306 472 431 538 suavitate
453 482 480 521 et
505 471 634 522 inventio-

148 556 208 588 num
225 539 339 589 acumine
354 549 381 588 et
394 539 516 589 varietate
531 557 634 607 operum

148 607 282 658 clariorem
297 625 328 658 eo
343 625 397 656 esse
406 616 486 674 putat.
507 611 529 668 1,
546 611 571 666 7.
587 613 632 664 22.

147 676 190 732 41·
208 681 249 733 70·
267 680 310 732 80·
328 677 370 732 91·
388 679 413 736 3·
431 678 472 733 69·
488 682 513 736 5.
529 680 572 733 30·
591 679 633 733 39·

149 746 191 800 87·
214 746 272 799 101·
291 745 348 801 107·

114 809 300 860 Aristoxenus.
324 809 467 859 Aristotelss
489 808 633 878 discipulus.

148 877 258 927 Musices
273 879 298 926 in
314 877 400 942 primis
413 876 548 938 studiosus,
567 877 634 926 unde

148 946 228 994 multa
244 945 271 994 in
293 943 479 1011 philosophiam
495 945 632 995 transtulit.

149 1016 172 1073 1.
187 1018 229 1070 20·
247 1014 288 1069 24·
306 1012 347 1068 41·
365 1018 406 1069 51·
425 1015 465 1069 57·

113 1081 232 1130 Aristus.
264 1081 353 1129 Frater
369 1078 507 1139 Antiochi,
532 1079 634 1129 Acade·

147 1147 235 1208 micus,
252 1146 344 1213 hospes
366 1145 536 1197 etfamiliaris
559 1146 634 1196 Cice-

147 1216 226 1264 ronis.
258 1222 290 1274 5,
315 1219 357 1271 21.
390 1213 433 1263 ubi
456 1214 488 1263 cl'.
513 1215 576 1263 Dav.
601 1215 631 1263 V.

147 1284 218 1331 Brut.
238 1300 259 1331 e.
277 1286 318 1340 97.
336 1281 416 1331 Acad.
433 1282 452 1332 l.
467 1285 492 1338 3.
510 1286 549 1339 12.
575 1281 631 1331 Fin.

1125 211 1189 276 377
1212 239 1236 281 s

701 355 798 387 manus.
823 339 847 387 Is
857 354 933 405 quum
946 336 1036 387 iterum
1051 332 1187 390 Cousul'in

700 404 787 455 Airica
803 421 835 454 ex
844 405 943 454 insidiis
959 423 988 454 ca
1007 416 1048 456 tus
1056 417 1131 470 esset,
1145 408 1188 457 iu-

700 483 771 522 ratus
793 472 881 522 missus
903 483 942 523 est
961 424 1124 525 adscensum
1139 493 1186 526 ro-

702 557 848 603 manorum,
877 551 905 590 ut
928 539 976 589 nisi
993 541 1087 593 redditi
1104 554 1187 593 essent

702 606 793 657 Poenis
802 607 895 675 captivi
911 607 1008 658 nobiles
1020 609 1130 676 quidam,
1143 629 1187 661 re-

702 674 768 725 diret
784 674 839 742 ipse
855 675 1046 740 Karthaginem.
1079 678 1186 729 Romam

687 756 778 810 ‘quum
797 742 923 807 venisset,
945 742 1064 794 utilitatis
1077 747 1187 812 speciem

701 810 812 871 videbat,
829 809 874 860 sed
891 828 947 862 eam
968 820 998 860 ut
1016 827 1057 861 res
1072 811 1187 864 declarat

701 877 926 942 falsamiudicavit,
945 879 1080 928 manerein
1114 882 1185 944 atria,

702 944 771 995 domi
779 962 839 994 suae
854 961 1003 1005 sumtuose,
1021 962 1078 1001 cum
1091 898 1185 997 liberis.

703 1011 772 1078 (Cic.
791 1011 835 1062 off.
850 1016 882 1072 3,
899 1013 961 1077 26.)
986 1014 1110 1064 Reversus
1126 1014 1186 1064 dein

700 1078 887 1146 Karthaginem
910 1079 1081 1130 crudelissima
1104 1092 1186 1132 morta

700 1146 784 1213 periit.
798 1174 832 1184 -
849 1147 965 1197 Ceterum
979 1157 1046 1209 saint,
1081 1148 1106 1198 ui
1119 1148 1185 1200 hanc

700 1214 733 1263 de
758 1213 857 1279 Regulo
886 1213 1016 1264 historiam
1043 1165 1185 1268 fdbulosam

703 1280 855 1331 existiment.
883 1289 908 1343 5,
930 1284 971 1340 11.
1027 1280 1029 1284 ’

149 1351 182 1398 V.
196 1354 228 1410 3,
251 1354 277 1406 8.
294 1348 337 1398 ubi
358 1365 382 1396 v.
398 1350 523 1398 Goerenz.
553 1350 634 1416 Saepe
666 1349 757 1418 ,trtius
771 1351 802 1397 J..
826 1350 908 1398 Poeta
924 1367 1049 1413 romanus,
1066 1349 1132 1401 filius
1150 1351 1185 1401 li-

147 1416 246 1466 Aristus
263 1415 425 1467 confunditur
440 1433 496 1468 cum
505 1416 632 1466 Aristone.
701 1415 802 1467 bertini.
819 1416 880 1466 Dec.
889 1419 980 1484 Brutus
997 1417 1065 1468 hunc
1081 1429 1185 1486 poetam

111 1485 241 1553 Arpinas.
268 1485 306 1549 Est
320 1482 416 1549 Arpino
430 1483 558 1533 oriundus.
576 1486 632 1534 Ar·-

143 1553 239 1621 pinum
269 1559 325 1600 erat
352 1549 514 1617 municipium
534 1550 633 1612 Italiae,

145 1618 231 1686 patria
239 1620 266 1668 C.
283 1616 358 1671 Marii
374 1626 400 1666 et
414 1617 549 1680 Ciceronis,
565 1619 633 1668 unde

146 1704 175 1735 se
204 1695 281 1736 vocat
306 1684 395 1735 Cicero
417 1684 573 1752 Arpinatem.
606 1693 632 1749 5,

146 1756 189 1810 66·
206 1755 247 1812 11·

112 1822 268 1871 Artemisia.
286 1822 358 1870 Uxor
372 1811 489 1881 Mausoli,
505 1819 632 1886 regisCa-

146 1886 633 1954 riae,cuisepulcrumsplendidumesi-
665 1891 771 1945 Atreus.
796 1888 885 1937 Frater
898 1887 1036 1955 Thyestae,
1048 1888 1142 1941 liberos
1152 1908 1184 1941 ex
1283 1894 1286 1899 ’

698 1970 779 2005 uxore
785 1953 911 2022 Thyestae
923 1953 1105 2021 genitosfratri
1117 1973 1184 2025 epu-

696 2021 789 2073 landos
806 2022 932 2091 apposuit.
958 2027 991 2085 1,
1010 2026 1068 2081 107.
1086 2025 1120 2087 4,
1138 2029 1180 2084 77.

665 2095 796 2208 Aie’rriis.
829 2156 911 2206 Lacus
928 2156 1079 2236 Campaniae
1102 2175 1184 2237 prope

123 1986 126 1991 -
147 1956 239 2020 gebat,
264 1954 333 2023 quod
347 1954 505 2004 Mausoleum
519 1956 633 2005 vocaba-

149 2031 198 2083 tur,
215 2040 230 2072 a
242 2040 291 2090 quo
302 2022 421 2088 deinceps
438 2021 523 2072 omnia
531 2023 633 2088 mugni-

147 2088 197 2138 fica
213 2099 376 2141 monumenta
388 2090 528 2140 Mausolea
542 2100 633 2144 vocata

146 2166 213 2206 sunt.
237 2162 263 2218 3,
279 2164 321 2216 75.

110 2225 295 2294 Asclepiades.
313 2223 480 2292 Philosophus
495 2224 632 2276 Eretricus.

137 2299 172 2353 ·5‚
191 2297 249 2350 113.

109 2360 252 2410 Athamas.
286 2360 361 2411 Aeoli
382 2359 464 2421 filius,
487 2378 532 2410 rex
545 2363 632 2411 Boeo·

699 1483 767 1533 tanti
778 1482 905 1545 faciebat,
923 1494 952 1533 ut
968 1485 1073 1552 templa,
1108 1504 1154 1538 uae
1170 1503 1185 1536 e

699 1550 787 1619 spoliis
801 1548 916 1602 hostibus
926 1551 1048 1602 detractis
1064 1503 1186 1605 schitica-

699 1627 789 1680 verat,
815 1618 965 1668 carminibus
980 1619 1045 1670 Attii
1067 1623 1185 1671 exornari

698 1685 806 1737 iuberet.
840 1687 957 1736 Mortuus
976 1695 1015 1736 est
1039 1691 1070 1737 Δ.
1086 1688 1118 1739 V.
1134 1693 1185 1748 665
1275 1744 1279 1750 ,

701 1751 776 1804 valde
798 1764 884 1803 senex.
912 1757 942 1815 1,
970 1756 1026 1810 105.
1043 1759 1076 1818 2,
1102 1758 1143 1812 13.
1157 1761 1183 1818 3,

698 1825 744 1877 20.
762 1821 787 1882 4,
805 1827 847 1877 55.
874 1820 933 1870 hinc
946 1822 1081 1871 Attr'anus.
1097 1826 1124 1882 3,
1137 1827 1182 1881 62.

698 2224 772 2274 Baias
784 2223 851 2289 apud
866 2241 940 2291 quem
948 2218 1047 2275 'aditum
1054 2225 1088 2276 ad
1101 2228 1183 2278 infer-

698 2309 746 2342 nos
760 2302 859 2340 veteres
873 2308 928 2343 esse
943 2291 1087 2344 credebant.
1106 2298 1129 2357 1,
1139 2299 1181 2354 37.

698 2358 742 2408 ubi
759 2359 808 2408 vid.
826 2359 888 2408 Not.

146 2428 217 2490 tiae,
242 2427 376 2495 Nephelen
393 2445 496 2477 uxorem
510 2427 584 2477 duxit
601 2445 632 2477 ex
664 2426 752 2478 Aulis.
785 2425 908 2475 Boeotiae
930 2427 1000 2495 regio
1025 2445 1082 2478 cum
1097 2439 1183 2496 portu,

145 2513 196 2562 qua
216 2495 348 2563 Phryxum
368 2505 395 2544 et
410 2495 512 2564 ,Hellen
535 2494 630 2574 genuit.

145 2564 247 2624 Postea,
257 2580 332 2631 quum
340 2562 456 2628 Nephele
463 2563 562 2613 insama
570 2580 632 2613 cor-

145 2640 220 2696 repta
234 2630 350 2680 insilias
366 2629 485 2694 abiisset,
509 2630 630 2680 Athamas

144 2697 232 2746 liberis
250 2697 301 2747 suis
316 2700 363 2747 luo
379 2696 468 2746 Cadmi
488 2697 567 2747 liliam
580 2715 631 2748 no-

146 2782 248 2815 vercam
266 2764 345 2825 dedit,
363 2781 426 2831 quae
443 2783 486 2814 eos
503 2775 545 2814 tot
562 2764 630 2832 apud

143 2843 243 2899 patrem
251 2831 451 2882 accusationibus
465 2841 541 2899 atque
557 2833 629 2881 calu-

144 2899 219 2949 mniis
240 2916 271 2950 eo
288 2898 419 2964 compulit,
443 2909 471 2949 ut
492 2917 630 2949 conscenso

698 2512 730 2544 ex
750 2510 800 2561 quo
812 2492 911 2571 ‚classis
929 2495 1084 2574 Graecorum
1099 2496 1183 2547 colle-

696 2560 1184 2703 sstmtsstultttt

698 2697 732 2746 cf.
748 2695 902 2766 iphigenia.

905 2869 937 2916 B.

145 2967 233 3030 aucte,
250 2967 293 3034 qui
307 2966 388 3016 vellus
404 2957 630 3028 aureumhabebat,
663 2966 769 3017 Bellero
788 2965 888 3016 lrorrtes.
913 2965 1004 3018 Glauci
1018 2967 1084 3034 regis
1094 2968 1184 3037 Ephy-

144 3036 207 3100 fuga
222 3033 270 3084 sibi
284 3034 452 3084 consulerent.
471 3036 632 3102 Quapropter

143 3105 208 3152 luno
224 3101 289 3151 irata
310 3101 388 3169 furias
409 3100 435 3150 in
451 3100 631 3152 Athamantem

144 3168 266 3231 immisit,
283 3186 348 3237 quae
368 3168 396 3218 iu
416 3177 513 3219 tautam
535 3167 631 3218 rabiem

144 3254 210 3302 eum·
220 3235 361 3297 duxerunt,
378 3245 408 3285 ut
422 3254 479 3286 cum
494 3238 540 3286 Ino
557 3235 590 3285 ad
601 3251 631 3284 se

104 3348 111 3365 ,
145 3304 184 3354 ire
199 3303 306 3364 videret,
317 3303 383 3353 hanc
396 3302 512 3353 leaenam
528 3313 554 3352 et
565 3302 631 3353 lilios

112 3368 117 3375 ’
143 3387 204 3421 suos
227 3370 339 3420 eiusdem
364 3371 461 3420 catulos
487 3370 632 3431 arbitratus,

144 3449 220 3516 rapto
227 3436 343 3487 Learcho
352 3454 383 3486 ex
392 3438 449 3505 filiis
463 3438 552 3498 altero,
569 3455 631 3487 saxo

144 3505 254 3568 ilhserit,
271 3504 341 3571 quod
349 3507 395 3555 Ino
403 3505 490 3555 videns
507 3522 563 3555 cum
572 3507 632 3553 Me-

697 3051 740 3084 rae
755 2983 829 3097 fliius,
844 3034 913 3084 cuius
931 3035 1014 3086 Forma
1029 3036 1184 3101 captaSthe·

696 3102 797 3153 noboea
825 3101 913 3153 Proeti
936 3101 1088 3169 Argivorum
1115 3104 1183 3170 'regis

697 3187 762 3219 uxor
774 3167 893 3247 pellicere
914 3187 971 3219 eum
988 3170 1021 3220 ad
1034 3169 1183 3221 adulterium

697 3236 803 3297 studuit,
820 3236 865 3285 sed
881 3237 982 3289 frustra.
1017 3241 1105 3300 Quare
1118 3238 1185 3289 irata

683 3303 1014 3371 ‘mulierBellerophontem
1029 3305 1111 3373 stupri
1117 3306 1185 3373 apud

697 3371 816 3422 maritum
833 3371 977 3434 accusavit,
1001 3371 1045 3438 qui
1068 3373 1184 3422 credulus

697 3437 843 3504 in'Lyciam
857 3438 890 3488 ad
905 3439 1019 3490 Iobatem
1033 3456 1090 3488 cum
1109 3441 1185 3491 litte-

674 3560 677 3564 ,
698 3505 734 3558 ris
749 3505 896 3573 perniciosis
910 3506 979 3555 misit
994 3523 1057 3556 eum.
1083 3508 1185 3558 Iobates

143 3573 235 3622 licerta
256 3573 341 3650 altepo·
358 3571 412 3622 filio
433 3589 468 3650 se·
482 3589 513 3622 ex
527 3590 590 3642 rupe
605 3572 633 3622 in

109 3657 214 3758 ..se
229 3639 640 3758 dest...

145 3775 290 3825 inmontem
298 3775 632 3841 mutatusMapnusAstro-

145 3843 221 3908 lngus
238 3841 324 3901 fuisse,
339 3839 399 3891 inde
412 3840 510 3893 caelum
524 3839 633 3893 humeris

144 3921 249 3977 portare
266 3908 367 3959 dicitur.
402 3915 428 3969 5,
445 3913 472 3968 8.

111 3978 235 4028 Attilius.
261 3977 343 4026 Poeta
354 3977 465 4042 tragicus
480 3975 632 4027 durissimus.

144 4044 259 4096 Licinius
266 4060 323 4093 eum
331 4045 441 4094 vocabat
450 4044 558 4094 ferreum
567 4043 634 4094 scri-

111 4139 117 4147 ·
143 4123 245 4179 ptorem
263 4111 295 4159 de
310 4109 364 4161 Fin.
383 4116 416 4173 1,
435 4113 532 4173 1.-·4,
555 4117 598 4170 25.

103 4174 226 4232 'Atrilius
240 4180 278 4230 M.
295 4180 424 4248 Regulus.
459 4179 560 4231 Nobilis
577 4182 633 4231 llo-

698 3573 811 3640 acceptis
831 3571 870 3622 his
885 3573 978 3623 litteris
993 3591 1051 3624 eum
1066 3573 1186 3625 Chimae-

699 3658 754 3690 ram
769 3639 910 3690 interficere
923 3640 1006 3705 iussit,
1024 3641 1090 3702 dein,
1109 3659 1186 3710 quum

700 3707 809 3769 feliciter
823 3706 872 3756 hoc
882 3707 1036 3775 perfecisset,
1055 3709 1111 3760 aliis
1129 3727 1187 3760 eum

699 3773 818 3843 periculis
836 3774 937 3834 obiecit,
955 3794 986 3825 ex
1004 3775 1093 3843 quibua
1109 3777 1186 3827 etiam

699 3842 785 3893 victor
816 3842 893 3892 rediit
921 3843 974 3893 ille.
1017 3845 1186 3904 Quamobrem

699 3910 907 3977 Bellerophontis
929 3910 1055 3960 virtutem
1073 3910 1186 3961 admira-

699 3977 831 4027 tus'filiam
847 3995 916 4027 suam
932 3977 955 4026 ei
965 3976 1037 4026 dedit
1051 3975 1079 4026 in
1094 3978 1186 4027 matri-

700 4044 821 4095 monium.
839 4044 1051 4111 Bellerophontes
1066 4045 1135 4094 felici
1143 4063 1187 4094 re-

702 4128 760 4162 rum
773 4129 891 4162 successu
908 4130 963 4162 oum
973 4110 1069 4178 Pegaso
1084 4112 1111 4161 iu
1125 4130 1189 4163 coe-

700 4179 752 4230 lum
768 4179 869 4230 evolare
885 4180 1031 4243 conabatur,
1049 4183 1188 4231 aloveau-
