2640 4626
484 120 615 174 Lrnnn
632 122 677 172 nr.
696 123 737 180 11·
1082 110 1147 181 213

13 330 16 337 Ι
70 239 156 313 elata
187 236 331 325 laetitia,
356 237 515 337 opinione
539 238 723 336 praesentis
747 236 860 337 magni
881 237 1021 313 alicuius
1043 237 1144 329 boui3

69 341 191 429 altera,
214 368 299 440 quae
316 355 365 413 est
378 338 595 413 immoderata
609 340 769 441 appetitio
784 339 912 439 opinati
925 340 1144 439 magniboni‚

68 443 193 517 rationi
218 470 294 516 nou·
312 443 566 541 obtemperans,
591 443 642 515 vel
668 443 833 542 cupiditas
858 459 945 517 recte
967 443 1019 516 rel
1035 443 1141 517 libido

68 545 136 619 dici
159 555 308 645 potest1.
359 545 531 642 25.1Ergo
556 545 638 618 haec
662 545 729 619 duo
751 574 891 643 genera,
915 546 1068 646 voluptas
1085 574 1142 646 ge-

67 649 174 722 stiens
187 664 220 722 et
236 647 353 734 libido,
377 648 541 719 honorum
558 647 717 748 opinione
733 648 927 738 turbantur;
951 664 989 720 ut
1004 649 1071 721 duo
1089 677 1144 722 re-

66 752 177 851 liqua,
203 767 309 823 metus
335 765 366 822 et
385 749 575 846 aegritudo,
600 750 771 823 malorum.
795 779 873 823 nam
891 768 923 823 et
940 767 1047 824 metus
1067 751 1142 850 opi=

65 853 125 926 nio
160 853 273 949 magui
308 850 387 923 mali
419 851 662 951 impendentis3
691 869 722 926 et
756 853 926 950 aegritudo
950 870 1000 926 est
1024 854 1141 952 opinio

66 955 181 1053 magni
195 953 273 1027 mali
287 954 489 1053 praesentis,
515 970 547 1026 et
564 954 699 1053 quidem
715 983 831 1028 recens
847 956 962 1055 opinio
978 954 1054 1027 talis
1070 984 1141 1029 ma·
1159 1034 1162 1039 ,

66 1057 109 1146 li,
134 1055 231 1128 utin
253 1084 292 1129 eo
314 1072 440 1128 rectum
456 1056 605 1128 videatur
618 1085 690 1130 esse
707 1057 800 1154 angi3
827 1057 862 1128 id
880 1075 988 1131 autem
1011 1074 1078 1147 est,
1103 1074 1140 1131 ut

65 1161 117 1250 is,
142 1159 203 1259 qui
223 1157 353 1246 doleat,
378 1173 531 1258 oportere
549 1159 704 1259 opinetur
718 1188 754 1232 se
769 1158 889 1239 dolere.

168 1261 231 1333 His
242 1277 348 1333 autem
360 1261 675 1361 perturbationibus,
691 1290 773 1361 quas
780 1262 815 1333 iu
822 1261 920 1335 vitam
934 1260 1139 1341 thomicem

65 1363 205 1437 stultitia
234 1363 334 1463 ,quasi
373 1364 534 1462 quasdam
572 1363 675 1437 furias
711 1363 859 1436 immittit
884 1380 997 1462 atque-
1013 1363 1138 1451 incitat,

64 1467 225 1539 omnibus
240 1465 367 1537 viribus
386 1481 482 1564 atqu
501 1466 623 1566 opibus
641 1466 893 1567 repugnandum
910 1482 976 1553 est,
1003 1465 1033 1537 si
1046 1465 1138 1538 rolu-

35 1652 36 1657 .
64 1597 141 1641 mus
176 1569 260 1655 hoc,
286 1566 377 1667 quod
401 1568 515 1640 datum
541 1586 590 1640 est
616 1570 717 1656 vitae,
742 1567 917 1667 tranquille
942 1567 1137 1668 placideque

64 1671 247 1744 traducere.
274 1669 334 1743 sed
359 1687 482 1743 ceteras
506 1670 603 1744 alias:
626 1701 716 1744 nunc
730 1671 999 1769 aegritudinem,
1014 1669 1137 1769 sipos-

64 1802 198 1860 sumus,
234 1771 445 1872 depellamus.
470 1770 508 1845 id
541 1773 628 1846 enirn
658 1774 701 1846 sit
722 1774 958 1873 propositum,
986 1772 1136 1871 quando-

63 1876 203 1977 quidem
225 1903 295 1948 eam
321 1891 357 1947 tu
389 1874 495 1948 videri
516 1875 578 1947 tibi
603 1875 638 1948 in
662 1877 846 1976 sapientem
869 1875 985 1947 cadere
1004 1874 1135 1947 dixisti:

63 1979 159 2079 quod
183 2005 245 2075 ego
258 1976 349 2050 nullo
367 1977 468 2051 modo
487 1977 646 2051 existimo.
670 1995 754 2051 tetra
772 1978 859 2050 eninr
875 2004 928 2050 res
945 1992 1011 2064 est,
1037 1976 1134 2049 mise-

62 2110 121 2170 ra,
149 2079 373 2167 detestabilis,
399 2079 741 2170 omnicontentioue,
766 2080 864 2168 velis,
888 2095 926 2160 ut
947 2078 1001 2181 ita
1016 2078 1136 2169 dicam,

134 2272 150 2327 1
169 2270 201 2318 v.
220 2267 285 2317 aaa.
320 2250 384 2325 ἀν.
401 2267 467 2317 aaa.

116 2387 214 2449 altera,
232 2402 300 2453 quoe
315 2395 355 2434 est
367 2384 584 2434 immoderato-
618 2387 737 2449 Davisio,
761 2384 876 2434 Ernestio
898 2382 1037 2446 ediderunt·
1053 2383 1133 2434 Wol-

64 2456 123 2506 dici
133 2453 229 2524 potest)
245 2451 287 2501 Sic
297 2451 329 2501 de
338 2451 433 2501 Davisii
443 2452 585 2519 suspicione
617 2453 663 2502 fius
685 2463 711 2502 et
735 2451 854 2503 Orellius:
881 2451 961 2502 codd.
985 2459 1012 2500 et
1034 2459 1134 2501 ceterae

62 2525 134 2574 hunc
149 2518 385 2572 locum'constituit
398 2519 516 2570 Wolfius.
534 2522 584 2571 Er·
616 2520 680 2571 Edd.
701 2520 798 2570 habent
819 2521 848 2569 in
868 2520 941 2569 vita:
965 2517 1034 2585 quod
1057 2518 1133 2568 etiam

61 2590 162 2642 nestiue
181 2605 236 2639 oum
253 2586 308 2636 aliis
323 2587 400 2652 legit:
428 2587 516 2639 altera
538 2604 585 2636 cu·
616 2588 726 2640 Wolfius
739 2587 766 2637 in
781 2587 828 2637 Ed.
843 2589 861 2636 1.
875 2585 995 2645 retinuit,
1019 2603 1067 2636 nec
1081 2585 1132 2635 im—

61 2658 173 2728 piditas,
198 2671 263 2724 quae
280 2663 351 2704 recte
369 2652 412 2703 vel
431 2653 512 2705 libido
533 2653 585 2705 dici
617 2655 724 2718 merito,
743 2654 922 2722 opinoranam
938 2654 994 2722 pan'
1007 2652 1084 2704 modo
1100 2652 1133 2703 de

61 2733 161 2794 potest,
180 2733 299 2802 quaeest
313 2721 498 2771 immoderato
585 2744 588 2749 ·
615 2724 695 2788 Legg.
711 2725 742 2772 11.
760 2724 806 2785 14,
823 2727 864 2780 36.
882 2724 910 2772 in
924 2721 1039 2773 omnibus
1051 2720 1131 2770 Godd.

62 2795 127 2845 cisio
144 2808 215 2861 open.
231 2808 264 2840 m.
285 2787 360 2851 boni,
385 2807 408 2840 r.
426 2808 452 2839 n.
470 2738 585 2861 mayr-,gd
614 2788 723 2857 legitur:
749 2808 804 2841 cum
825 2790 906 2840 multa
924 2788 1015 2840 eximia
1031 2788 1131 2843 divina-

62 2871 129 2912 cett.
164 2861 245 2920 Quam
258 2856 409 2919 lectionem,
435 2856 497 2906 cod.
513 2858 584 2924 Gry·
616 2875 665 2925 que
686 2857 821 2907 videantur
835 2857 949 2907 Athenae
968 2866 1027 2906 tuae
1049 2873 1132 2923 pepe-

61 2925 154 2997 phiani
171 2925 322 2976 auctoritate
339 2924 478 2988 firmatam,
498 2923 584 2974 deleta
616 2925 692 2986 risse,
718 2934 794 2991 atque
815 2925 852 2975 ita
876 2926 906 2974 in
928 2927 986 2979 vita
1001 2923 1132 2973 hominum

63 3007 153 3046 manen
169 3010 232 3043 voce
250 3010 317 3062 quae
329 3002 387 3059 post
401 3010 492 3042 vocem
500 2992 584 3072 cupi·
616 2992 745 3053 attulisse,
772 3002 827 3045 tum
851 3001 928 3047 cett:
961 2991 1045 3047 ubiv.
1066 2991 1131 3046 Adn.

63 3065 141 3113 dieas
156 3060 223 3111 male
239 3060 355 3121 inrecta,
381 3060 487 3109 retinuit
508 3069 584 3109 e‘nam
616 3059 710 3111 Moseri
726 3078 752 3127 p.
768 3064 827 3123 269.
1130 3114 1138 3124 ,

62 3129 190 3189 Orellius,
218 3127 261 3195 qui
286 3137 313 3176 et
337 3127 400 3196 iure
414 3136 490 3177 notat
513 3128 584 3177 illam
666 3129 745 3200 quasi
777 3127 889 3194 uaedam
896 3124 1001 3196 furias)
1027 3128 1057 3179 V.
1075 3126 1131 3177 Ad-

62 3199 202 3249 verborum
216 3194 452 3263 transpositionem,
470 3204 497 3244 et
513 3206 584 3245 recte
617 3205 707 3250 notata
718 3195 744 3244 in
759 3145 790 3247 ll.
803 3196 830 3261 4,
849 3199 889 3254 11.
911 3195 1041 3265 quaedam
1054 3194 1133 3263 quasi

62 3274 161 3326 monet,
179 3262 294 3313 voculam
309 3274 380 3311 recte
390 3279 420 3311 ex
431 3261 527 3312 Davisii
541 3281 585 3312 ra-
614 3275 765 3334 praecepta.
926 3265 929 3270 '

63 3334 139 3384 tione
152 3331 269 3397 ineptum
280 3330 373 3380 habere
387 3330 480 3379 locum.
506 3330 584 3380 Gom·
668 3331 798 3401 Inoaquod
811 3329 902 3379 datum
916 3341 956 3379 est
969 3329 1050 3393 vitoe)
1066 3328 1098 3379 H.
1106 3345 1130 3377 e.

82 3402 152 3451 lures
176 3397 256 3447 Godd.
282 3406 312 3447 ut
337 3397 368 3446 R.
394 3405 586 3464 repraesentant
617 3398 667 3448 hoc
680 3397 747 3452 vitae
762 3406 875 3466 tempus,
894 3394 963 3463 quod
977 3394 1050 3445 nobis
1066 3412 1131 3444 con-

63 3421 133 3518 iuuc
157 3465 308 3516 lectionem:
338 3464 425 3514 altera
451 3464 584 3533 cupiditas,
618 3482 713 3517 cessum
729 3473 775 3513 est.
911 3460 918 3468 ’“

63 3552 131 3604 quae
153 3543 225 3583 recte
249 3532 290 3582 vel
312 3531 393 3589 libido
417 3531 467 3581 dici
489 3541 584 3600 potest,
667 3532 735 3583 velis
742 3570 750 3593 ,
768 3543 796 3581 ut
812 3533 853 3580 ιἰα
869 3531 959 3581 dicam
966 3568 974 3591 ,
991 3529 1133 3608 remisque)

63 3621 133 3672 quae
150 3613 191 3651 est
208 3599 384 3652 immoderata
404 3611 491 3670 appot.
511 3601 585 3669 opius
616 3598 784 3651 Proverbialis
807 3598 924 3666 loquutio
946 3615 994 3665 pro
1018 3597 1133 3648 ommbus
1175 3643 1177 3645 .

64 3690 98 3720 m.
115 3668 155 3730 la,
173 3687 196 3718 r.
212 3686 238 3719 n.
255 3666 337 3718 adum
356 3686 450 3729 erana,
473 3667 515 3717 uel
538 3684 584 3716 cll-¹
618 3666 712 3717 viribus
739 3667 894 3734 opibusque,
930 3665 998 3717 omni
1028 3675 1131 3716 conatu.

64 3737 163 3806 piditas
176 3746 246 3787 recte
259 3737 300 3786 val
313 3687 393 3786 lidido
407 3735 457 3786 dici
473 3744 566 3802 potest.
617 3735 658 3784 Sic
682 3734 765 3785 Plaut.
788 3735 857 3784 Asin.
875 3737 895 3784 t.
914 3736 946 3796 3,
965 3740 988 3792 5.
1021 3734 1134 3814 remigio

115 3810 159 3862 25.
188 3816 214 3853 et
240 3804 344 3871 quidem
368 3821 459 3854 recens
482 3803 584 3872 opinio)
618 3803 739 3872 veloque,
767 3811 889 3869 quantum
924 3801 1016 3865 oteris,
1041 3803 1133 3852 festina

65 3877 150 3936 Quum
173 3871 240 3921 enim
256 3871 432 3920 inveteraverit
448 3870 535 3937 opinio
553 3869 585 3918 de
619 3879 645 3918 et
658 3869 725 3935 luge.
756 3869 861 3938 Proprie
883 3821 957 3920 Silius
973 3871 992 3931 1,
1011 3874 1069 3928 568.
1087 3888 1133 3919 re-

64 3940 134 3990 malo
148 3939 234 4006 aliquo
249 3949 368 4004 urgente,
386 3956 416 3988 ac
428 3936 585 3988 familiaritas
619 3938 669 3986 mis
684 3938 801 4007 velisque
815 3938 938 4005 impellite
953 3939 1065 4005 puppim.
1090 3936 1133 3985 si-

66 4007 192 4074 quaedam
224 4023 285 4058 curn
304 4005 350 4055 illo
378 4006 412 4054 sit
442 4015 584 4065 contracta,
618 4004 712 4055 militer
730 4005 762 4055 de
779 4005 973 4065 0ffi0.111.33‚
992 4009 1047 4062 116.
1069 4005 1134 4052 viris

67 4075 202 4142 aegritudo
216 4073 307 4122 sensim
321 4073 568 4123 evanescit.·Neide.
619 4074 742 4142 equisque
754 4079 795 4134 (ut
811 4073 924 4132 dicitur),
942 4072 963 4120 si
975 4073 1139 4120 honestatem

118 4144 149 4192 in
173 4145 274 4205 tritam)
305 4141 347 4191 Sic
372 4158 426 4190 mim
450 4141 584 4203 Lambiuo‚
620 4141 688 4192 tucri
702 4161 733 4194 ac
750 4141 865 4194 retinere
881 4139 1016 4190 sententia
1028 4146 1089 4195 est,
1102 4137 1154 4183 de·-
