2640 4626
547 180 676 234 trusa
693 181 767 240 aa
1126 173 1218 241 321..
1247 206 1251 219 ·
1311 174 1316 187 “

119 317 157 376 ut
172 299 329 400 'gloriam
355 326 439 400 quae
457 326 594 398 genere,
619 327 688 372 non
703 329 841 374 numero
857 316 1084 376 cernerentur:
1095 334 1097 338 ·
1110 301 1188 375 item

118 405 250 478 beatam
263 400 381 490 vitam,
408 400 535 477 etiamsi
550 430 587 476 er
605 400 714 502 aliqua
730 419 823 501 parte
841 402 1004 478 clauderet
1018 409 1055 492 ³,
1078 419 1188 477 tamen

119 534 160 581 ex
174 505 278 579 multo
295 503 419 577 maiore
433 520 526 604 parte
542 504 692 578 obtinere
709 532 831 579 nomen
846 533 956 579 snum..

222 619 280 687 23.
330 608 420 679 Haec
452 635 541 679 nunc
574 605 745 705 enucleare
770 635 848 683 ‘non
881 608 927 681 ita
955 634 1094 680 neccsse
1120 623 1199 682 esta*

110 699 321 812 'quemquam
336 736 405 781 non
424 708 689 783 constantissime
704 708 771 783 dici
786 709 869 784 mihi
891 709 1051 782 videntur.
1101 710 1188 784 Na'm

121 812 235 912 etqui
259 812 375 884 beatus
397 826 464 898 est,-
496 839 565 883 non
590 809 756 909 intelligo,
781 810 863 912 quid
888 811 1052 911 requirat,
1086 827 1123 882 ut
1144 812 1187 883 sit

120 915 266 990 beatior:
283 913 322 987 ‘si
341 929 390 987 est
405 913 493 986 enim
510 911 601 1013 quod
618 913 720 1000 desit,
745 941 788 986 ne
813 914 930 987 beatus
956 912 1091 1013 quidem
1119 929 1185 987 est:

123 1035 170 1106 et,
196 1016 288 1116 quod
311 1044 349 1088 er
373 1014 497 1088 maiore
521 1031 614 1114 parte
644 1004 909 1114 unamquaiifque
932 1043 1001 1088 rem
1027 1012 1187 1114 appellari
1210 1071 1214 1074 -

106 1118 329 1221 ¹spectarique
350 1116 481 1204 dicunt,
505 1133 557 1203 ,est
580 1116 640 1188 nbi
661 1117 697 1190 id
719 1117 785 1190 isto
808 1118 909 1192 modo
932 1116 1044 1192 valeat.
1083 1145 1186 1215 quum

121 1249 198 1296 vero
215 1219 277 1293 tria
295 1248 415 1319 genera
429 1219 595 1305 malorum¹
609 1247 681 1294 esse
696 1218 823 1294 dicant:
850 1220 907 1319 qui
925 1221 1067 1294 duorum
1088 1246 1187 1316 geue-

121 1353 195 1398 rum
220 1321 315 1396 malis
338 1321 493 1425 omnibus
522 1338 694 1420 urgeatur,
718 1339 755 1396 ut
767 1390 770 1395 .
783 1324 894 1395 omnia
912 1323 1048 1396 adversa
1065 1320 1131 1393 sint
1150 1320 1186 1393 in

121 1427 275 1512 fortuna,
301 1423 456 1497 omnibus
472 1431 668 1524 oppressum
694 1451 814 1524 corpus
836 1441 868 1498 et
881 1424 1066 1498 consectum
1092 1421 1187 1496 dolo-

120 1528 236 1617 ribus;
270 1526 348 1600 hnic
375 1525 594 1627 paullumnc⁶
629 1527 673 1601 ad
701 1527 830 1600 beatam
839 1526 948 1628 'vitam
966 1526 1080 1598 deesse
1097 1525 1187 1597 dice·

119 1659 212 1720 mus,
237 1657 307 1703 non
325 1627 427 1702 modo
451 1629 493 1702 ad
515 1629 761 1703 beatissimam?
826 1630 884 1701 IX.
921 1633 980 1708 24.
1004 1629 1077 1717 Hoc
1104 1625 1187 1700 illud

120 1750 179 1820 est,
205 1731 298 1831 quod
310 1730 560 1831 Theophrastus
579 1731 816 1805 sustinerenon
834 1731 951 1831 potuit.
967 1780 970 1787 ,
984 1731 1068 1803 Nam
1084 1757 1190 1828 quum.

120 1835 305 1920 statuisset,
331 1833 484 1921 verbera,
517 1850 694 1921 tormenta,
728 1834 929 1926 cruciatus‚·
949 1832 1079 1932 patriae.
1098 1859 1188 1904 ever-

119 1938 251 2024 siones',
284 1934 416 2023 exsilia,
449 1935 606 2022 orbitates
629 1965 783 2034 magnam
807 1935 873 2008 vim
894 1935 1016 2008 habere
1041 1933 1084 2006 ad
1102 1931 1187 2012 male

120 2040 306 2136 misereque
323 2037 513 2124 vivendum,
538 2055 672 2112 nonest
690 2065 790 2111 ausus
814 2037 895 2110 elate
913 2053 945 2110 et
962 2033 1069 2134 ample
1084 2033 1190 2133 loqui,

120 2170 224 2242 quum
243 2138 422 2242 humiliter
449 2139 657 2239 demisseque
683 2139 823 2214 sentiret.
862 2136 1085 2239 quambene,
1116 2164 1186 2207 non

120 2242 306 2344 quaeritur:
333 2257 520 2315 constanter
535 2241 670 2341 quidem
687 2258 781 2316 certe.
831 2242 944 2340 ltaque
959 2239 1041 2312 mihi
1057 2237 1185 2338 placere

119 2375 190 2419 non
204 2343 307 2433 solet,
332 2344 565 2448 consequentia
579 2344 839 2463 {eprehendern
865 2371 967 2442 quum
980 2341 1089 2442 prima
1107 2369 1186 2414 cou-

119 2535 211 2650 m&
227 2531 259 2583 V.
284 2529 350 2580 Ado.
383 2532 402 2590 6
424 2528 552 2590 Sic=03¹·
578 2529 661 2583 (teth.
683 2531 743 2584 ttm.
761 2558 794 2572 -
811 2533 855 2583 Or.
879 2528 966 2582 redux.
990 2526 1059 2594 vulg.
1074 2525 1185 2598 paullu-

193 2617 216 2649 e.

169 2717 276 2771 genere,
289 2716 342 2749 non
353 2698 471 2764 numero)
485 2699 587 2749 Genere
599 2709 639 2750 est
670 2717 725 2751 mus
740 2698 817 2751 etitem
828 2708 983 2766 turm-quum
997 2706 1024 2747 et
1038 2694 1122 2747 omnia
1136 2694 1186 2746 ad·
1211 2722 1213 2726 ν

118 2788 159 2830 re,
172 2768 287 2838 propria
302 2767 394 2817 vi‘sua
405 2767 594 2834 (wesentlich),
609 2777 638 2817 ut
670 2784 744 2818 versa
764 2778 824 2817 srrnt
845 2767 872 2816 in
889 2767 1007 2826 fortuna,
1030 2773 1057 2813 et
1072 2761 1186 2814 omnibus

118 2837 151 2887 de
165 2845 224 2902 opt.
246 2852 303 2900 gen.
323 2852 360 2884 or.
380 2838 402 2901 §-
417 2834 442 2891 4.
459 2851 511 2884 non
532 2852 637 2903 genere,
671 2843 966 2914 oppressumc'orpuset
981 2830 1123 2882 confectum
1135 2830 1185 2879 do-

117 2903 169 2955 eed
180 2902 279 2972 gradu.
298 2900 433 2969 CflAEeier.
443 2902 475 2952 ad
486 2902 598 2964 offictt,
611 2907 637 2965 3,
669 2902 772 2970 lonbus,
790 2901 862 2953 nobis
877 2901 999 2968 perillum,
1012 2915 1045 2948 ne
1059 2897 1142 2948 dicam
1153 2896 1187 2948 ad

118 2977 162 3030 10.
179 2988 206 3039 p.
219 2974 262 3027 23.
669 2969 851 3030 beatissimam,
878 2968 923 3035 sed
946 2966 1071 3018 adsolam
1084 2966 1187 3019 beatam

169 3036 320 3108 clauderet)
343 3035 383 3086 stc
415 3035 493 3087 Codd.
519 3035 580 3103 aliq.
604 3063 638 3074 -
669 3035 747 3087 ritum
761 3033 868 3086 deesse?

117 3106 190 3156 vett.
204 3103 269 3154 Edd.
286 3113 312 3153 et
335 3103 413 3153 Codd.
428 3103 543 3172 plerique
561 3103 637 3153 clau·
724 3103 783 3153 Gra.
800 3103 847 3153 tx.
866 3102 908 3165 24.
931 3101 1079 3168 sustinere]
1105 3101 1143 3151 H.»
1161 3116 1186 3151 c.

117 3173 242 3223 dicaret.-
255 3170 323 3250 quod
335 3170 389 3220 sine
405 3170 482 3221 dnbio
498 3171 639 3222 alibrario-
670 3169 750 3234 illud,
773 3170 816 3220 cui
829 3170 989 3221 defendendo
1004 3186 1056 3221 non
1070 3186 1118 3236 par
1131 3178 1186 3219 erat

117 3258 174 3290 rum
187 3237 291 3289 inscitre
305 3238 448 3305 profectum
462 3248 507 3289 est.
517 3242 585 3288 Orat.
595 3244 643 3296 50.
667 3231 871 3305 Theophrastus.

118 3307 244 3376 quidest,
261 3323 306 3356 cur
320 3305 444 3356 claudere
460 3315 504 3356 aut
521 3305 639 3355 insistere
721 3323 798 3374 qaam
805 3305 941 3356 humiliter
951 3304 1114 3373 demisseque
1122 3319 1202 3352 serr--

118 3375 263 3426 orationem
277 3372 375 3423 malint.
394 3373 433 3422 ef.
447 3372 530 3423 Daris.
546 3372 637 3423 adhl.
671 3373 743 3438 tiretl
765 3375 835 3422 Haeo
850 3373 927 3423 verba
939 3371 1013 3439 quasi
1028 3388 1076 3449 pro
1092 3386 1188 3436 epexe-

118 3452 147 3492 ct
162 3440 297 3503 Ruhnken.
312 3440 410 3508 Dictat.
425 3438 452 3493 in
467 3441 570 3492 Terent.
583 3444 638 3491 An·
672 3441 725 3507 geri
736 3439 855 3508 -quadam
874 3439 1048 3490 antecedentrs
1062 3436 1185 3503 protasis:

118 3509 159 3562 dr.
174 3510 219 3560 ΙΙΙ.
236 3511 260 3570 3,
275 3509 318 3570 41,
673 3526 750 3577 quam
776 3507 913 3558 statuisset
946 3515 1006 3556 cett.
1038 3498 1204 3571 accipienda-

170 3579 215 3634 23.
235 3587 275 3625 est
289 3551 345 3639 ubl)
360 3591 464 3635 nonnun
482 3593 514 3625 ua
556 3575 641 3625 locum
673 3585 739 3625 sunt.
758 3574 797 3625 Gi.
814 3573 948 3624 Heindorf.
961 3572 1000 3622 ad«
1012 3572 1045 3621 N.
1059 3571 1092 3620 D.
1107 3572 1126 3618 1.
1146 3574 1186 3630 10,

120 3643 226 3694 babeat.
244 3646 294 3692 Est
312 3641 356 3692 ubi
402 3593 540 3695 aecehodl
548 3639 603 3710 ὅπη
618 3660 639 3691 s.
672 3649 715 3700 25.
733 3642 776 3710 qui
796 3641 912 3709 apposite
932 3647 1063 3707 comparat
1080 3636 1112 3686 de
1129 3637 1186 3687 Fin.
1228 3671 1232 3679 -

119 3711 205 3766 ὅπου.
224 3710 256 3760 V.
273 3710 358 3776 Viger.
372 3660 449 3760 idios.
462 3729 487 3778 p.
503 3714 561 3766 235.
577 3728 614 3777 sq.
672 3713 691 3769 I,
699 3714 723 3767 3.
741 3711 898 3776 Quamquam
909 3706 1053 3786 siplanesic
1063 3713 1187 3754 verterem

169 3778 235 3828 huic
276 3775 418 3843 aullumne)
442 3778 529 3844 Carpit
547 3776 639 3826 incon·
672 3777 821 3838 Platonem,
839 3773 1070 3833 autAnstotelem,
1084 3781 1113 3822 ut
1128 3789 1188 3821 ver-

119 3844 242 3897 stantiem
252 3795 488 3913 deripateticorum,
504 3845 555 3911 qui,
565 3862 640 3910 quum
673 3853 760 3893 terunt
781 3845 861 3893 nostri
879 3853 970 3911 poetae
986 3842 1096 3902 fabulas,
1114 3839 1188 3898 male,

119 3914 197 3984 plura
216 3911 359 3962 'admittent
386 3913 510 3962 bonorum
541 3929 641 3976 genera,
674 3910 759 3972 credo,
774 3927 883 3961 mererer
899 3911 931 3961 de
947 3908 1043 3960 civibus
1065 3908 1143 3967 meis,
1164 3908 1189 3956 si
1254 3965 1256 3968 Ι

118 3991 207 4032 tamen
222 3978 300 4030 vitam
318 3979 418 4030 beatam
433 3978 523 4029 confici
540 3979 652 4041 virtute,
675 3978 712 4028 ad
730 3995 817 4028 eorum
835 3980 1010 4048 cognitionem
1024 3977 1119 4026 divina
1137 3974 1189 4032 illa

118 4057 222 4119 putent.
256 4048 323 4097 Nam
338 4047 360 4097 si
377 4047 429 4097 tria
445 4047 641 4111 generamalo-
671 4047 785 4115 <ingenia
799 4045 983 4115 transferrem.
996 4042 1125 4111 Aristoph.
1138 4043 1190 4092 Ec-

119 4133 185 4179 cum,
203 4113 291 4176 animi,
305 4113 418 4182 corporis
428 4122 454 4163 et
462 4114 580 4163 fortunae
589 4131 642 4172 esse
675 4113 735 4171 cles.
757 4117 816 4172 218.
838 4113 856 4180 ἡ
880 4111 904 4165 δ’
925 4111 1079 4233 'Adqaalaa
1098 4107 1187 4177 atilae,

95 4182 250 4235 ‘dicentum
271 4182 318 4249 qul¹
332 4181 435 4239 tandem
451 4181 536 4232 dicere
550 4199 643 4250 possu-
676 4181 702 4234 el
726 4182 809 4235 τοῦτο
827 4181 950 4250 χρηστῶς
993 4196 1055 4248 χεν,
1080 4175 1132 4232 otiu
1155 4174 1192 4232 dr

968 4194 981 4233 s

937 4253 976 4320 21
