2640 4626
45 3420 48 3429 ’
123 3432 139 3465 a
154 3429 217 3462 voce
231 3410 317 3462 animi
330 3409 464 3460 ducuntur.
482 3409 586 3460 Scilicet
594 3419 639 3459 to-

122 201 165 271 62
368 210 650 265 ruscumuanuu
666 210 945 263 ursrurartouun

125 329 293 432 quendam
310 344 438 429 partem
454 354 526 403 esse
542 329 709 404 animum:
727 328 796 402 eed
811 328 868 402 elii
888 328 922 400 in
942 327 1058 416 corde,
1084 326 1143 400 alii
1160 327 1194 399 iu

124 433 261 508 cerebro
280 432 434 505 dixerunt
449 431 551 505 animi
567 458 638 505 esse
657 431 769 504 eedem
784 447 816 503 et
830 431 947 502 locum.
975 430 1122 502 animum
1139 457 1194 502 au-

123 553 190 608 tom
208 533 263 607 alii
282 533 444 622 animam,
469 550 506 606 ut
527 533 593 607 sere
609 535 714 606 nostri
738 532 904 606 declarant
921 533 1090 605 nomiue⁶.
1114 559 1193 606 nam

125 655 156 712 et
180 665 285 732 agere
301 640 483 723 animam,
510 652 541 709 et
556 638 678 736 esstote
702 636 861 724 dicimus,
888 651 919 708 et
936 638 1137 720 animosos,
1159 650 1194 707 -et

124 742 210 813 dene
227 741 418 827 animatos,
444 755 476 812 et
494 767 542 810 ex
558 742 676 811 antini
687 742 884 810 sententia:
908 737 980 836 ipse
998 752 1105 810 autem
1124 736 1195 808 ani-

124 870 198 916 mus
218 841 263 914 'ab
295 841 405 913 anima
434 841 543 914 dietus
566 857 628 914 est
675 840 801 914 Zenoni
818 838 932 912 Stoico
957 837 1086 912 animus
1106 839 1195 937 ignis

122 944 261 1017 videtur.
554 958 555 966 ’

224 1050 267 1118 Χ.
293 1044 362 1118 Sed
380 1044 460 1117 haec
480 1044 631 1143 quidem,
658 1072 741 1143 quae
756 1043 836 1132 dixi,
863 1070 930 1129 cor,
956 1041 1153 1140 sanguinem
1166 1051 1194 1129 ⁷,

126 1149 316 1236 cerebrum,
343 1147 503 1234 animam,
529 1147 658 1245 iguem,
682 1146 799 1244 volgo:
825 1144 951 1245 reliqua
975 1145 1044 1217 fere
1064 1144 1195 1243 singuli.

127 1257 184 1331 20.
210 1252 258 1324 Ut
278 1249 380 1322 multa
388 1265 467 1322 ‘aute
482 1253 655 1339 veteres,⁸
673 1249 824 1351 proxime
844 1264 952 1320 autem
962 1246 1194 1334 Aristoxenus,

190 1425 208 1481 6
224 1421 255 1471 V.
273 1419 338 1471 adn.
372 1417 448 1478 'ISic
465 1421 528 1470 Dav.
547 1436 561 1469 e
578 1419 648 1469 Man.
666 1416 1106 1487 God.-Ern.omisiteanguincm,
1126 1416 1195 1485 quod

124 1499 151 1541 et
167 1487 194 1539 in
211 1487 291 1538 codd.
312 1497 339 1537 et
356 1485 418 1537 ude.
436 1496 499 1538 vett.
517 1487 596 1536 decet.
630 1487 706 1544 &Sic
723 1487 767 1536 W.
785 1485 818 1536 de
835 1483 901 1536 coni.
914 1513 946 1523 -
963 1487 1021 1535 Ern.
1040 1494 1067 1534 et
1082 1483 1194 1552 priores:

124 1557 228 1636 reliqua
227 1554 299 1674 bite
316 1553 429 1625 cinguli,
446 1566 474 1604 ut
491 1554 568 1604 multi
584 1559 647 1603 ante
663 1565 773 1605 veterae.
791 1556 915 1608 Proxime
926 1561 986 1603 cett.
1004 1554 1100 1620 Inepte.
1111 1551 1195 1604 Bentl.

125 1641 190 1676 com.
251 1623 359 1674 ιιιιιιίιο
379 1634 442 1671 ante
456 1640 482 1671 n.
501 1630 530 1671 ut
546 1621 672 1672 sententia
693 1621 741 1671 eit:
764 1620 927 1672 Harmoniam
943 1619 1053 1671 Aristox.
1073 1620 1197 1689 proxime

123 1684 244 1761 quidem,
254 1691 299 1741 sed
315 1706 368 1740 nou
385 1688 479 1757 primus
495 1705 578 1755 neque
594 1689 662 1739 eolus
678 1688 775 1751 statuit,
793 1705 852 1739 nam
868 1688 949 1738 multo
967 1695 1026 1737 ante
1045 1704 1102 1737 cnm
1123 1697 1196 1738 vete-

123 1777 163 1810 res
186 1758 230 1826 ph.
252 1759 280 1807 in
304 1757 392 1807 eadem
415 1764 488 1806 crant
511 1759 645 1807 sententia.
679 1756 763 1808 Reiek.
786 1773 852 1823 euep.
877 1768 905 1805 ιιι
929 1754 1006 1807 multi
1021 1755 1105 1807 malta
1121 1767 1194 1807 ante.

123 1825 258 1894 Wyttenb.
276 1837 305 1875 at
322 1824 399 1874 multi
415 1835 485 1875 ante.
504 1823 543 1873 Cf.
561 1822 627 1874 Adn.

191 1938 219 1975 ιιι
236 1923 302 1994 sere
324 1924 410 1974 nostri
431 1922 571 1974 declarant
595 1941 645 1974 no-
677 1944 710 1975 ex
723 1924 956 1975 enimi-sententia.
990 1923 1047 1987 Vel,
1064 1935 1091 1974 ut
1104 1923 1196 1975 clarina

125 1995 209 2060 nune)
233 1993 276 2045 Sic
300 1991 381 2043 edidit
396 1991 506 2042 Wolfiue
525 1992 644 2042 econie-
677 2010 803 2061 exponam
821 1993 873 2043 loci
888 1990 1051 2053 seutentiam:
1069 1992 1117 2042 Uti
1132 1994 1196 2044 ani-

125 2072 215 2125 ctura,
230 2078 307 2128 quam
333 2058 433 2110 calculo
451 2076 496 2109 eno
515 2059 640 2127 probave-
677 2079 764 2110 moene
776 2059 821 2176 §ab
837 2058 933 2125 animo)
950 2069 976 2108 ct
992 2059 1121 2109 exanimi
1133 2077 1196 2110 een-

124 2127 345 2180 rnntSchnetziue
360 2136 387 2176 et
404 2126 562 2176 Ocellina-
581 2127 643 2177 Cod.
676 2130 763 2179 tentia
794 2126 894 2176 icimne:
912 2126 949 2176 ita
964 2125 1089 2175 eademvi
1102 2126 1197 2177 dtimur

123 2198 186 2262 fleg.
203 2196 250 2247 Ed.
267 2197 295 2246 P.
312 2194 396 2246 uebh.
416 2203 442 2244 et
456 2193 585 2245 Erneetiue
602 2194 643 2244 le-
676 2195 825 2264 loquutione
841 2201 924 2265 egeie
946 2192 987 2248 vel
1007 2191 1109 2263 efflare
1133 2199 1196 2246 ani-

126 2274 204 2331 gunt:
222 2263 362 2313 declarant
376 2279 484 2311 nomen:
501 2261 641 2313 aliaeEdd.
676 2282 760 2326 mom,
791 2262 859 2312 unde
889 2271 1028 2328 appareat,
1063 2255 1196 2313 llomauoc‘

124 2332 265 2382 declarant
289 2330 430 2380 nominari.
454 2329 569 2380 Daviciue
585 2330 641 2382 ele·
675 2331 775 2398 utrique
784 2330 841 2380 roci
859 2329 965 2379 eandem
985 2327 1122 2379 subiecisse
1145 2331 1197 2379 vim

121 2410 214 2466 gantur
230 2398 352 2449 coniecit:
371 2409 400 2447 ιιι
407 2394 574 2465 ferenoatri.
584 2402 650 2448 De-'
674 2409 700 2449 et
715 2397 862 2459 notionem,
880 2407 906 2447 ct
921 2396 1029 2463 proinde
1039 2398 1160 2447 animum
1170 2409 1197 2447 et

122 2469 209 2531 clarat
220 2484 325 2517 ,nomem
347 2463 417 2515 Idein
432 2464 522 2515 verba:
540 2483 602 2515 nana
615 2477 641 2515 et
674 2467 791 2516 animam
811 2476 931 2533 tanquam
946 2481 1022 2514 unam
1038 2464 1197 2533 eandemque

121 2562 156 2575 -
172 2535 306 2584 sententia
326 2532 423 2583 unciaie
436 2532 524 2583 cinxit.
558 2535 641 2582 Bent-
673 2549 726 2584 rem
742 2532 884 2584 conludieee

120 2601 185 2652 lciue
202 2601 287 2652 locum
303 2601 340 2650 cic
358 2599 564 2650 constituendum
578 2617 641 2651 cen·
724 2594 1059 2669 Zenoni—animueignie
1073 2599 1196 2668 videtur)

121 2679 176 2720 eet:
194 2668 326 2730 animm,
352 2664 455 2736 atsere
470 2669 557 2720 nostri
564 2685 573 2724 ι
591 2667 641 2717 de·
673 2670 693 2719 I
709 2669 752 2719 nie
760 2667 911 2734 intelligitur
926 2658 1036 2733 ιἰνεῦμα
1044 2664 1195 2736 ἔνθερμον.

124 2738 211 2788 clarat
228 2752 320 2786 nomen
335 2735 439 2804 ipsum
459 2752 521 2786 nam
537 2735 642 2785 animae
697 2736 765 2786 tlt.
783 2737 815 2785 D.
835 2737 887 2793 Ill,
914 2736 953 2792 14.
977 2734 1061 2802 ibique
1076 2734 1197 2786 Creuzer.

124 2804 158 2855 ab
184 2805 276 2854 anima
298 2802 385 2853 dictur
408 2814 456 2854 eet.
506 2805 560 2868 Ego
581 2819 642 2853 vero
676 2823 701 2872 p.
724 2803 782 2861 543.
810 2812 836 2852 et
862 2803 1028 2852 Tennemanu
1049 2802 1195 2853 aescae.

123 2871 215 2924 Wolfii
237 2870 379 2922 cententiac
406 2869 516 2931 accedo,
544 2869 581 2919 ita
597 2878 642 2919 ta·
675 2871 779 2922 Philas.
796 2871 828 2920 T.
845 2871 888 2919 IV.
926 2874 991 2928 .59.
1063 2922 1068 2929 ,

122 2956 195 3000 men,
214 2948 242 2987 ut
257 2939 333 2988 verba
347 2950 373 2988 et
387 2936 451 2987 bene
465 2938 597 2987 animatae
613 2946 642 2988 nt
726 2938 785 2989 Cur.
802 2939 837 2986 X.
872 2888 976 3005 rediqua
993 2934 1058 3005 sere
1080 2937 1195 3009 cingula)

62 3017 67 3026 ·
122 3007 248 3073 glossema
261 3023 351 3057 vocum
367 3018 393 3055 ec
407 3006 540 3055 animosae
555 3002 640 3057 elimi-
675 3009 744 3068 Quae
758 3004 881 3056 hacteuus
898 3004 930 3053 de
947 3004 1024 3055 animi
1040 3016 1133 3056 natura
1150 3023 1197 3056 cx-

122 3072 208 3124 nanda
218 3072 363 3124 existimem.
380 3072 491 3123 Verbum
501 3071 567 3122 euim
577 3072 641 3122 ani·
673 3072 769 3141 promsi
800 3071 946 3151 opiniones,
980 3088 1025 3122 eae
1050 3089 1197 3124 communes

99 3187 101 3190 ,
122 3153 210 3192 macne
224 3158 276 3191 uon
289 3138 321 3191 ab
336 3141 434 3202 aninlo,
451 3140 497 3189 sed
508 3140 540 3190 ab
550 3141 642 3190 anima
674 3151 748 3190 eraut
762 3139 870 3207 planum
883 3138 1108 3207 philosophorum
1135 3138 1198 3209 q'uac

122 3207 267 3268 descendit,
285 3225 318 3276 op
339 3223 416 3258 onere
430 3218 514 3257 autem
522 3206 575 3257 h.l.
591 3224 641 3258 vo·
673 3218 758 3259 autem
784 3224 851 3257 nunc
873 3206 900 3256 ia
920 3206 1029 3256 medium
1050 3208 1199 3275 prolaturus

123 3277 199 3330 luieee
212 3276 312 3326 videtur
346 3272 639 3341 ulliueloquutioneevel
673 3293 743 3336 eum,
760 3289 802 3324 eae
822 3273 1009 3342 singulaene.
1029 3292 1085 3325 cum
1105 3275 1197 3327 ceteris

123 3344 200 3398 verba
214 3360 302 3394 avoca
317 3343 424 3393 animae
436 3341 558 3402 ductaiie,
575 3359 640 3409 qnae
672 3341 831 3460 phpquophin
847 3359 900 3392 nou
924 3358 1084 3405 communes,
1104 3341 1198 3410 cinguli

692 3428 707 3460 a
727 3428 740 3460 e
759 3420 810 3460 ant.
975 3449 987 3463 .

122 3482 172 3532 tine
191 3478 242 3530 loci
261 3476 388 3528 sententia
405 3476 455 3526 hoc
478 3487 556 3544 pacto
574 3494 640 3528 con·
724 3489 753 3527 ιιι
778 3477 861 3527 multa
884 3489 947 3528 ante
968 3477 1080 3544 veterae)
1109 3477 1197 3528 Veluti

123 3547 252 3600 etituenda
267 3546 381 3596 videtur:
399 3544 511 3594 Fuerunt
540 3544 640 3596 hiloeo-
673 3545 747 3596 multi
759 3555 857 3595 veteres
872 3544 1019 3613 philosophi
1035 3561 1106 3595 suam
1124 3545 1196 3612 quie-

122 3616 175 3685 phi,
189 3614 233 3682 qui
242 3613 356 3665 dicerent
370 3563 557 3662 animumniiiil
570 3612 641 3663 aliud
674 3630 722 3680 que
747 3612 779 3662 de
812 3612 888 3663 animi
916 3623 1007 3663 natura
1032 3613 1196 3681 protulerunt

124 3699 193 3745 esee,
211 3681 260 3732 niei
277 3681 408 3731 animm:
426 3680 641 3748 caqnceententia
674 3680 829 3749 opinionem.
863 3681 912 3729 Pro
930 3692 959 3730 ιιι
977 3689 1061 3730 autem
1078 3680 1196 3749 equidem

123 3748 267 3802 confirmari
297 3746 398 3798 videtur
432 3747 520 3813 lingua
541 3747 641 3807 latina,
674 3767 730 3799 cam
738 3747 939 3816 Wytteubachic
956 3747 989 3798 ad
999 3747 1100 3798 Platon.
1111 3748 1195 3799 Phae·

123 3835 189 3887 quae
214 3816 306 3868 mmtae
322 3814 401 3865 habet
418 3814 595 3895 loquutionee,
612 3814 640 3865 iu
674 3816 735 3866 don.
750 3834 775 3883 p.
789 3817 847 3874 24&
864 3814 998 3882 legendum
1015 3814 1143 3866 arbitror:
1160 3827 1195 3876 αι,

122 3886 211 3955 quibua
226 3900 319 3934 nomen
337 3883 443 3932 animae
456 3881 523 3932 adem
541 3881 640 3949 signifi·
673 3894 702 3934 ut
719 3883 783 3934 haec
802 3893 876 3933 exeat
893 3882 1035 3934 sententia:
1059 3892 1086 3932 at
1105 3882 1194 3950 ningu-

123 3965 181 4015 cat,
199 3949 269 4020 qaod
281 3950 395 4001 animur.
428 3949 530 4000 Namin
545 3950 640 4018 loquu-
674 3951 712 4001 lae
735 3950 890 4018 cingulorum
910 3950 1011 4018 philoeo
1029 3949 1123 4001 horum
1137 3950 1194 4019 opi·

122 4021 195 4072 tione
216 4036 298 4089 agere
329 4017 371 4068 vel
399 4014 500 4097 efflare
523 4019 641 4068 animam
673 4018 764 4069 niouce
789 4035 985 4071 commemorare
1010 3968 1115 4084 iimgum
1141 4028 1193 4072 cett

122 4106 173 4140 vox
180 4087 286 4138 animae
295 4086 399 4155 eandem
408 4103 457 4136 vam
470 4083 554 4148 habet,
565 4103 640 4153 quam
673 4087 759 4154 itaque
768 4086 925 4153 acquiescam
933 4085 959 4134 in
968 4084 1193 4135 recensendiedn'-

122 4173 173 4207 vox
197 4154 283 4207 animi
307 4154 334 4204 in
349 4152 476 4204 vocabulo
501 4153 533 4203 ab
552 4155 641 4205 animo
675 4153 791 4214 etoxeni,
816 4152 973 4214 Xenocrati,
997 4152 1130 4214 Platonis,
1147 4151 1192 4203 Di·

116 4223 197 4274 dncto
214 4225 365 4285 animatur,
394 4232 420 4274 et
443 4219 470 4272 in
492 4220 641 4291 loquutione
675 4219 808 4286 caearchi,
827 4220 972 4272 Aristotelia
985 4219 1128 4272 sententiis.
