2640 4626
200 230 244 304 et
447 222 1025 293 ruscunsunauumsrnramomnr

201 363 363 450 ridemus,
387 386 449 433 nec
466 357 637 433 audimus:
662 373 700 432 ut
713 357 809 431 sacile
828 355 966 454 intelligi
983 355 1101 456 possit,
1127 352 1276 427 animum

202 482 234 540 et
251 464 362 537 ridere
382 477 413 534 et
436 460 569 549 audire,
594 488 663 532 nou
681 488 735 534 eas
750 459 872 560 partis,
897 486 982 558 quae
999 458 1095 558 quasi
1111 457 1277 530 fenestrae

202 570 309 642 sunt⁸
328 563 450 652 animi,
476 562 599 663 quihus
615 579 726 644 tamen
743 562 864 635 sentire
881 561 1075 660 nihilqueat
1089 587 1198 647 mens,
1211 558 1277 632 uisi

203 669 240 743 id
258 682 332 767 agat
347 683 379 741 et
396 665 490 742 adsit.
542 664 653 761 Quid,
677 664 770 767 quod
787 664 903 738 eadem
917 679 1028 737 mente
1044 689 1098 736 res
1116 660 1278 735 dissimil-

203 771 299 845 limas
321 767 651 869 comprehendimus,
676 784 713 840 ut
735 765 898 853 colorem,
924 768 1095 865 saporem,
1120 763 1278 851 calorem,

203 873 352 959 odorem,
375 870 520 944 sonum?
546 897 630 969 quae
644 897 826 968 numquam
842 869 988 968 quinque
1004 866 1129 940 nuntiis
1144 866 1277 939 animus

106 1067 109 1073 Ι
204 989 435 1074 cognosceret,
466 972 531 1045 uisi
555 971 694 1046 adeum
717 971 829 1044 omnia
851 971 1070 1057 referrentur,
1095 985 1132 1069 ut
1150 968 1274 1042 idem⁹

203 1077 353 1152 omnium
370 1074 470 1148 iudex
487 1072 578 1147 solus
594 1091 687 1148 esset.
737 1074 847 1173 Atque
865 1101 903 1147 ea
919 1072 1068 1173 prolecto
1083 1088 1156 1144 tum
1172 1070 1277 1146 multo

228 1179 341 1252 uriora
357 1193 388 1251 et
403 1177 603 1249 dilucidiora
619 1193 810 1265 cernentur,
837 1204 959 1275 quum,
985 1202 1051 1273 quo
1068 1178 1191 1246 natu'ra
1203 1173 1278 1260 fert,

204 1207 291 1356 liber
299 1280 428 1353 animus
439 1279 632 1380 pervenerit.
656 1284 714 1358 47.
721 1279 806 1351 Nam
815 1306 904 1351 nunc
913 1277 1059 1376 quidem,
1074 1303 1276 1375 quamquam

205 1383 367 1457 foramina
393 1379 469 1470 illa,
495 1409 578 1481 qnae
600 1396 714 1481 patent
738 1380 781 1453 ad
799 1379 945 1454 animum
964 1407 984 1451 a
1001 1405 1159 1478 corpore,
1187 1376 1276 1451 calli-

204 1485 343 1560 dissimo
364 1483 503 1557 artificio
518 1499 634 1555 natura
652 1483 812 1556 fabricata
825 1498 893 1570 est;
919 1497 1029 1554 tamen
1043 1479 1187 1554 terrenis
1197 1508 1276 1554 con-

205 1588 367 1690 cretisque
384 1585 582 1686 corporibus
595 1600 676 1657 >sunt
691 1585 870 1685 intersepta
881 1582 1148 1683 quodammodo:
1174 1609 1275 1682 quum

204 1708 314 1764 autem
329 1687 414 1761 nihil
435 1687 496 1761 erit
513 1704 643 1788 praeter
660 1687 816 1775 animum,
842 1684 930 1759 nulla
946 1713 999 1759 res
1020 1685 1152 1758 obiecta
1172 1685 1275 1785 impe-

107 1824 109 1831 ·
206 1792 291 1879 diet,
316 1818 383 1889 quo
400 1790 511 1862 miuus
528 1789 734 1890 percipiat1,
760 1788 855 1889 quale
874 1788 1021 1888 quidque
1039 1788 1090 1860 sit.
1164 1865 1167 1869 ,

287 1893 397 1992 XXI.
424 1891 585 1988 Quamvis
609 1891 846 1991 copiose‘haec
862 1891 1063 1978 diceremus,
1089 1888 1119 1962 si
1141 1916 1197 1962 res
1216 1915 1275 1989 po-

205 1994 349 2081 stularet,
374 2021 474 2092 quam
490 1985 606 2082 multa,
626 2022 725 2093 quam
738 1994 838 2079 varia,
863 2009 986 2092 quanta
1001 1990 1190 2092 spectacula
1207 1990 1275 2064 ani·

205 2125 279 2170 mus
295 2096 330 2168 in
348 2095 431 2168 locis
451 2095 647 2170 coelestibus
671 2113 756 2171 esset
774 2096 955 2169 habiturus.
1006 2100 1064 2174 48.
1091 2093 1189 2190 Quae
1204 2090 1275 2193 qui·

207 2199 284 2272 dem
299 2196 459 2296 cogitans,
475 2198 566 2273 soleo
585 2227 682 2299 saepe
692 2199 806 2272 mirari
816 2196 1051 2271 nonnullorum
1064 2194 1274 2269 insolentiam

205 2299 494 2402 philosophorum,
510 2301 568 2401 qui
582 2318 716 2375 naturae
725 2302 948 2400 cognitionem
958 2299 1175 2387 admirantur,
1191 2297 1275 2371 eius'-

270 2446 297 2528 8⁴
305 2468 429 2520 Nonnulli
446 2471 526 2523 codd
543 2473 606 2522 sint.
640 2475 658 2530 9
674 2469 716 2523 Sic
729 2471 774 2522 W.
790 2487 846 2521 cum
861 2468 988 2537 plerisque
1004 2467 1068 2518 Edd.
1085 2476 1195 2518 vett-
1214 2470 1274 2525 011.

205 2536 233 2587 P.
251 2548 277 2587 et
291 2537 369 2588 idem.
403 2538 433 2589 E.
451 2539 476 2589 b.
489 2538 544 2590 (lol.
563 2540 614 2590 CV.
639 2537 770 2607 Gebh.‚D.
787 2539 846 2589 Em.
872 2549 899 2587 et
923 2537 957 2587 ir.
991 2535 1068 2587 Male.
1089 2535 1121 2589 V.
1150 2536 1274 2587 Goereuz.

206 2603 239 2655 ad
255 2604 311 2656 Fiu.
328 2607 358 2656 ΙΙ.
373 2608 398 2663 5.
415 2622 441 2672 p.
461 2610 516 2664 139.
552 2611 566 2665 1
584 2606 647 2657 Cod.
664 2605 781 2657 Cantaba.
796 2605 952 2676 perspiciat.

255 2705 311 2756 nisi
327 2705 358 2756 id
373 2707 448 2774 agat)
466 2708 499 2756 H.
519 2723 542 2756 e.
560 2705 608 2756 nisi
625 2705 722 2757 animus
755 2705 898 2772 ubicunque
920 2702 1020 2772 potuit,
1048 2702 1162 2769 graviter
1185 2718 1274 2770 repre·
1312 2686 1314 2712 ¹

205 2771 312 2824 adrem
338 2782 451 2822 attentus
472 2774 514 2823 sit.
549 2773 591 2823 Sic
617 2774 721 2824 Terent.
755 2772 942 2823 henditGicero
958 2783 1034 2838 atque
1049 2771 1159 2821 notavit.
1177 2772 1212 2823 V.
1230 2787 1274 2820 uos
1312 2820 1314 2827 ,

152 2848 174 2892 ’,
208 2838 287 2889 Andr.
300 2840 332 2888 ll.
351 2846 376 2899 5,
392 2841 419 2895 4.
438 2840 486 2889 hoc
500 2858 588 2911 regant,
606 2840 632 2889 h.
651 2858 674 2891 e.
690 2840 723 2891 ad
755 2840 782 2890 in
805 2840 823 2890 l.
839 2839 865 2889 d.
888 2839 921 2888 de
937 2840 988 2890 cic.
1014 2838 1058 2917 ph.
1081 2856 1106 2905 p.
1125 2843 1168 2896 78.
1185 2856 1226 2906 sq.
1244 2866 1274 2877 -

205 2906 255 2956 hoc
271 2905 410 2956 attendam.
436 2907 570 2973 Eleganter
584 2908 650 2958 hanc
665 2909 722 2958 far·
756 2909 873 2958 Ceterum
888 2907 964 2956 facilc
981 2923 1036 2973 qius
1057 2915 1182 2972 quaerat,
1208 2922 1274 2974 qao-
1312 2923 1314 2935 ¹

205 2973 299 3022 mulam
320 2972 463 3024 enucleavit
477 2975 610 3026 Ruhnken.
630 2975 657 3026 in
673 2975 722 3026 Di·
755 2993 814 3026 uam
848 2985 970 3041 tanquam
1002 2973 1103 3023 vinculo
1132 2973 1274 3024 sententiae

206 3050 267 3090 ctat.
285 3039 383 3090 adTer.
395 3041 474 3091 Andr.
484 3044 504 3092 1.
519 3049 544 3105 2,
562 3047 602 3102 15.
636 3043 722 3094 Nimi-
754 3043 933 3094 antecedentes
970 3058 1027 3091 cum
1054 3039 1098 3102 iis',
1139 3057 1207 3108 qnae
1228 3041 1275 3091 iam

206 3124 262 3156 rum
287 3106 368 3168 „haec
384 3108 510 3171 formula,
535 3127 583 3177 qua
601 3112 644 3178 qni
659 3128 720 3178 spe·
753 3120 908 3177 sequuntur,
945 3107 1099 3159 constrictae
1129 3117 1275 3160 teneantur.

206 3183 280 3224 ctaut
296 3175 450 3226 velandiunt
464 3179 652 3229 attentoanimo
667 3196 720 3228 esse
753 3178 876 3228 Nimirum
891 3177 1021 3242 superiore
1030 3174 1207 3242 disputatione
1216 3176 1274 3226 inde

205 3241 338 3303 iubentur,
363 3261 394 3292 cx
413 3253 525 3295 veterum
541 3245 618 3295 sacris
631 3263 720 3296 mana·
753 3264 769 3297 a
783 3263 806 3295 c.
825 3250 873 3306 18,
890 3244 933 3302 42.
958 3242 1057 3292 Tullius
1077 3242 1143 3292 illud
1164 3243 1270 3294 demon·

205 3310 251 3359 vit.
285 3309 350 3359 Nam
368 3311 502 3373 sacerdos,
524 3323 658 3380 antequam
679 3313 722 3363 ri-
753 3323 833 3364 strare
856 3322 962 3361 cananis
978 3319 1032 3372 est,
1054 3326 1085 3359 ex
1103 3320 1229 3362 accurata
1251 3320 1275 3360 et

205 3377 280 3428 etima
288 3376 466 3442 immolaretur,
475 3379 600 3430 clamabat
607 3380 721 3460 hoenge,
754 3378 873 3446 diligenti
888 3388 992 3428 naturae
1007 3376 1156 3444 cognitione
1172 3379 1274 3430 animo-
1312 3390 1314 3447 ζ

204 3461 309 3495 monens
335 3445 470 3513 populum,
495 3457 525 3497 nt
547 3447 607 3497 haic
625 3447 662 3497 rei
677 3466 721 3497 sn·
752 3466 808 3498 ram
828 3446 1045 3496 immortalitatem
1072 3444 1160 3512 colligi
1187 3463 1271 3514 posse.
1312 3462 1314 3485 ÷

204 3520 289 3562 tentus
318 3518 410 3564 esset.“
462 3516 557 3566 Contra
582 3516 655 3565 alias
676 3533 720 3566 res
752 3514 853 3566 Etenim
876 3515 990 3574 animos,
1019 3529 1095 3579 quum
1125 3529 1140 3562 e
1165 3529 1273 3581 corpme

204 3596 287 3649 agere
302 3590 340 3630 est
357 3598 410 3631 non
425 3590 551 3632 attentum
567 3600 629 3632 esse.
752 3576 921 3643 eucesscrint,
939 3580 1044 3631 sublime
1061 3580 1141 3630 latum
1155 3579 1190 3629 iri
1207 3591 1235 3630 et
1248 3580 1272 3628 in

255 3647 313 3696 Gur.
330 3648 406 3697 XXI.
414 3650 458 3707 47.
476 3650 719 3719 Quumuiscopiose)
753 3648 902 3701 caelestibus
924 3647 1069 3713 regionibus
1089 3656 1212 3698 naturam
1237 3645 1272 3696 sni

204 3714 331 3777 Quantula
350 3730 396 3781 pro
422 3716 519 3780 valde,
544 3735 590 3766 seu
604 3719 648 3768 set
663 3736 719 3767 cum
752 3717 858 3767 similem
891 3716 998 3794 adeptos
1026 3713 1179 3765 substitutos
1210 3731 1270 3766 esse.

203 3781 356 3846 superlativo
384 3784 478 3848 passim
506 3785 616 3852 ponitur.
651 3785 720 3835 Irsfra
736 3785 793 3835 'Ad
817 3783 884 3833 hanc
907 3782 1052 3849 opinionem
1075 3792 1183 3832 araturae
1208 3799 1271 3834 con-

204 3849 246 3897 111.
255 3852 345 3909 &Md
361 3849 494 3901 stultitiam
503 3866 620 3900 accusare
628 3868 719 3917 qaam·
751 3850 918 3919 templatioue
940 3867 1016 3917 quum
1041 3858 1131 3915 aperte
1155 3849 1270 3901 addace-

203 3914 241 3963 vis
250 3914 354 3982 copiose
362 3915 431 3966 licet.
459 3918 498 3968 Cf.
507 3918 590 3968 Bremi
599 3918 632 3968 ad
642 3920 717 3969 Corn.
751 3935 819 3969 mur:
839 3918 956 3985 profecto
969 3934 1021 3966 non
1043 3932 1195 3982 passumus,
1213 3917 1270 3987 qaia

203 3982 270 4049 Nep.
295 3984 392 4034 Delam.
411 3985 461 4047 IV,
478 3989 508 4041 3.
531 3985 563 4034 ad
587 3986 638 4035 Cic.
663 3986 717 4036 Fin.
751 3987 869 4037 miremur
895 3984 1075 4064 Epicureorum
1097 3984 1269 4045 insolentiam,

203 4050 243 4112 ll,
260 4053 300 4107 18.
319 4068 345 4116 p.
361 4055 419 4110 182.
446 4061 473 4101 et
494 4050 573 4102 Beier.
593 4053 626 4102 ad
643 4053 717 4104 offic.
751 4054 803 4122 qui,
820 4061 1033 4103 tametsrnuturae
1046 4050 1199 4130 cognitione
1213 4053 1268 4118 glo-

202 4118 223 4166 1.
238 4122 291 4178 25,
307 4122 349 4176 86.
371 4136 396 4185 p.
413 4122 471 4177 197.
750 4122 861 4181 riantur,
881 4119 960 4186 eique
975 4118 1007 4168 ab
1021 4135 1090 4169 omns
1102 4120 1268 4187 superstitio·

250 4186 293 4243 48.
329 4186 533 4256 leilosoplrorum)
549 4187 717 4268 Epicureiiu-
749 4206 784 4240 ne
805 4187 996 4255 praeceptisque
1027 4186 1059 4236 de
1084 4194 1155 4239 statu
1184 4189 1266 4239 sutura

190 4204 328 4318 returned
341 4265 411 4320 sant,
430 4271 539 4325 quoram
551 4256 721 4328 disciplinam,
754 4253 914 4325 opinionibus
927 4252 1047 4304 liberatos
1057 4269 1089 4317 ¹so
1102 4253 1211 4319 dicuat,
1228 4264 1266 4305 ta·
