2640 4626
484 216 612 269 urana
628 216 649 267 ι
664 216 707 275 ts
1070 212 1129 281 131

57 336 220 425 senserit,
246 351 385 436 apparet
415 335 450 409 iu
474 362 515 409 eo
539 332 645 423 libro,
669 334 706 407 in
729 360 797 435 quo
813 336 971 413 moritur:
996 338 1039 414 ‹le
1063 368 1131 443 quo

57 441 126 513 iam
140 454 208 512 tam
221 436 324 511 multa
340 436 494 511 diximus.
520 444 602 517 103.
615 464 718 537 quum
728 436 817 511 enim
831 436 874 513 de
887 438 1133 519 immortalitate

58 542 247 617 animorum
264 539 509 641 disputavisset,
534 552 566 612 et
580 538 646 611 iam
664 538 829 613 moriendi
842 554 974 643 tempus
989 562 1132 645 urgeret,

57 660 195 742 rogatus
220 671 240 716 a
265 642 416 730 Critone,
441 640 723 743 quemadmodum
745 641 880 742 sepeliri
895 642 1008 735 vellet,
1036 648 1132 723 Mul-

58 761 139 820 tam
162 772 250 833 cero,
266 744 396 845 inquit,
422 770 588 844 operam,
614 746 727 817 amici
728 800 740 832 ,
754 748 904 843 frustra
921 754 1131 851 consumpsi

62 851 203 922 Critoni
213 848 308 920 enine
319 861 439 921 nostro
450 873 521 917 non
532 848 709 945 persuasi,
735 874 791 919 me
805 846 888 923 letne
896 849 1131 941 avolaturum,
1183 872 1186 877 ’

57 978 172 1050 neque
191 946 390 1050 quidpuam
406 949 481 1020 mei
495 948 706 1021 relicturum.
731 962 996 1039 verumtamen,
1023 955 1132 1045 Crito,

57 1057 97 1126 si
107 1078 164 1124 me
181 1054 330 1152 assequi
342 1053 522 1153 potueris,
547 1063 613 1122 out
625 1050 744 1123 sicubi
755 1065 887 1125 naetus'
898 1056 988 1142 erim
1012 1068 1055 1128 ut
1067 1056 1137 1133 tffii

60 1155 235 1228 videbitur
244 1160 276 1241 ²,
289 1152 445 1252 sepelito.
469 1150 545 1238 sed,
560 1149 654 1224 me'lri
664 1149 776 1239 erede,
792 1180 895 1227 nemo
904 1182 960 1229 me
970 1173 1131 1246 restrum,

58 1286 174 1358 quum
190 1255 273 1329 heire
289 1282 483 1341 excessero,
507 1267 744 1353 consequetur.

163 1357 334 1431 Praeclare
347 1357 385 1430 id
402 1356 547 1456 quidem,
573 1355 630 1454 qni
647 1372 679 1428 et
695 1354 801 1427 amico
821 1358 1026 1455 permiserit,
1051 1377 1083 1435 ct
1096 1390 1133 1437 se

58 1461 244 1533 ostenderit
267 1460 308 1533 de
331 1459 395 1532 hoc
409 1475 480 1533 toto
497 1486 616 1557 genere
641 1456 725 1530 nihil
743 1456 903 1533 laborare.
955 1466 1037 1541 104,
1061 1462 1133 1536 Du.

58 1564 135 1635 rior
149 1562 328 1659 Diogenes,
353 1578 384 1634 et
399 1561 428 1633 is
445 1560 579 1660 quidem
595 1559 684 1633 idem
705 1559 851 1633 sentiens
863 1566 894 1648 ³,
919 1562 990 1650 sed,
1015 1578 1052 1636 ut
1067 1565 1133 1671 Cy-

58 1665 176 1751 nicus,
203 1663 369 1764 asperius,
394 1662 516 1763 proiici
533 1691 568 1736 se
584 1662 681 1735 iussit
698 1661 913 1736 inhumatum.
937 1679 1009 1738 tum
1024 1666 1133 1755 amici,

64 1767 319 1841 Volucribusne
334 1779 370 1838 et
373 1767 471 1864 seris
479 1769 500 1837 P
546 1766 695 1837 Minime
718 1792 812 1851 cero,
839 1765 963 1866 inquit:
989 1766 1058 1840 sed
1070 1770 1133 1842 ba-

58 1871 186 1942 cillum
199 1882 347 1968 propter
364 1894 431 1953 me,
456 1895 527 1967 quo
550 1867 707 1964 abigam,
729 1869 897 1967 ponitote.
951 1872 1133 1970 Quipote-

57 1974 143 2044 ris?
164 1970 220 2043 illi.
246 1998 318 2041 non
336 1973 430 2041 enim
447 1972 585 2041 senties.
637 1968 736 2062 Quid
746 1972 855 2066 igitm
871 1968 1135 2070 mihiferarurn

59 2074 225 2146 laniatus
248 2072 376 2157 oberit,
410 2069 506 2143 niltil
522 2073 714 2143 sentienti?
761 2070 932 2146 Praeclare
957 2073 1133 2173 Manego-

58 2204 119 2248 ras
132 2205 139 2261 ;
166 2174 223 2273 qui
239 2202 342 2273 quum
359 2172 537 2273 Lampsaci
551 2188 744 2260 moreretur,
760 2173 994 2271 quaerentibus
1008 2177 1134 2265 amicis,

58 2276 201 2351 velletne
218 2275 432 2349 Clazomenas
449 2275 486 2348 in
500 2274 659 2376 patriani,
685 2273 715 2346 si
729 2275 840 2373 quid4
860 2276 1052 2366 accidisset,
1078 2308 1134 2351 au-

129 2481 194 2539 21).
213 2496 227 2530 e
249 2479 315 2597 plur.
343 2476 423 2528 codd.
449 2477 569 2540 evidetur,
595 2476 628 2528 ob
645 2476 710 2527 Plat.
735 2492 759 2526 v.
777 2446 862 2539 Bm..-
880 2475 916 2530 ἄν
938 2492 984 2532 σοι
1006 2477 1091 2544 φίλον
1106 2472 1134 2547 ἦ.

57 2555 96 2601 At
112 2548 178 2599 haee
192 2546 247 2615 ipsa
273 2544 318 2597 lat.
335 2546 412 2597 rerba
429 2547 573 2614 exprimunt
586 2544 659 2595 latin.
684 2544 731 2594 fut.
777 2545 927 2603 38iobene
940 2546 1070 2598 emender.
1087 2548 1134 2600 W.

56 2644 96 2658 -
112 2618 174 2666 Era.
201 2634 224 2665 c.
241 2614 309 2681 vulg.
334 2625 360 2664 et
384 2614 415 2664 id
438 2613 543 2682 quietern
566 2613 692 2664 scamna.
730 2612 817 2664 Plures
834 2612 915 2664 Codd.
933 2615 1002 2665 etis
1024 2615 1136 2684 quidem.

57 2689 79 2743 4
96 2684 140 2735 Sic
157 2682 221 2733 Edu.
238 2691 302 2732 vett.
319 2691 345 2731 et
361 2683 393 2732 D.
415 2680 526 2732 euodu.
543 2709 576 2720 -
610 2682 669 2731 Ern.
687 2697 710 2729 o.
728 2679 802 2731 CVL.
819 2681 846 2731 si
860 2682 927 2750 quid
941 2683 968 2733 ei
980 2700 1035 2733 aec.

57 2815 219 2889 praegressis
241 2814 324 2866 verbis
345 2814 385 2865 vel
408 2814 586 2866 enunciatione
619 2812 679 2882 quid
694 2813 825 2865 fortuitum
837 2815 903 2866 illud
911 2814 1011 2884 quidem
1021 2834 1051 2867 ac
1059 2834 1136 2884 prae-

64 2885 223 2946 continetur,
241 2883 352 2933 additur.
385 2882 473 2933 Veluti
481 2885 585 2933 Homer.
619 2890 659 2931 ter
673 2881 835 2950 opinionem,
858 2883 903 2934 sed
921 2894 1036 2949 optatum
1051 2886 1137 2936 conti·

59 2953 93 3004 11.
120 2970 152 3004 ω.
167 2956 226 3010 735.
261 2948 335 3018 ἥτις
357 2951 469 3017 Ἀχαιῶν
499 2948 585 3018 ῥίψει,
619 2949 665 3015 git.
700 2948 891 3000 oenomelum
911 2950 988 3001 Thes.
1014 2950 1100 3003 Latin.
1116 2968 1136 3003 s.

59 3017 158 3090 χειρὸς
182 3016 266 3080 ἑλών,
298 3015 355 3071 α’πὸ
376 3016 433 3084 ario
451 3035 502 3079 ou,
528 3019 585 3069 to·
619 3033 644 3066 v.
659 3017 806 3067 nanciscor.
831 3017 1137 3070 Grotefendiicommen-

62 3106 106 3155 γρ
116 3087 158 3139 ὸν
175 3085 289 3151 trena
298 3103 313 3137 o
323 3104 356 3146 ν,
376 3036 539 3152 Xmiluevoc,
565 3076 586 3153 ql
620 3095 665 3134 tor
674 3102 697 3132 z.
715 3084 741 3133 d.
750 3085 926 3136 Materialien
937 3087 984 3137 lot.
992 3085 1138 3154 Stylribun-

64 3154 161 3221 δῆπον
180 3151 316 3217 ἀδελφεὸν
340 3151 452 3204 ἔκτανεν
466 3150 559 3203 'Euro
581 3189 587 3204 .
620 3167 673 3222 gen
689 3152 743 3201 vlt.
761 3154 808 3213 14,
825 3156 851 3209 6.
868 3171 895 3220 p.
912 3158 969 3213 13&
1018 3197 1022 3205 ,

61 3220 275 3289 Euripliippol.
297 3223 355 3279 771.
373 3218 522 3270 eunomii.
547 3168 587 3281 ul,
673 3220 729 3276 104.
762 3220 861 3288 proiici
872 3238 901 3270 se
917 3221 997 3271 iussit
1011 3221 1137 3271 inhuma-

64 3287 115 3347 αἶ,
140 3286 258 3356 siluae!
283 3282 306 3339 ol
329 3289 428 3354 βιαίως
456 3282 586 3348 amate,
620 3285 683 3351 turn)
710 3285 761 3335 Alii
783 3287 856 3337 aliter
871 3287 937 3338 hane
957 3305 1010 3338 rem
1025 3296 1138 3338 narrant.

63 3354 171 3426 ἀνοσίῳ
202 3372 232 3408 ee
254 3357 401 3424 συμφορᾷ.
437 3355 486 3414 σᾶς
509 3351 589 3420 χερὸς
620 3354 652 3404 V.
669 3352 743 3419 uiog.
759 3355 844 3404 Laert.
860 3356 903 3405 vt.
922 3357 943 3424 §.
959 3358 1002 3414 79.
1028 3356 1066 3405 uf.
1082 3357 1139 3406 Da-

61 3423 163 3478 aare
175 3438 262 3490 erpa
279 3421 391 3490 peliae!
411 3423 450 3472 uf.
464 3421 589 3471 Matthiae
621 3421 667 3470 vis.
685 3419 758 3471 adh.
776 3420 795 3470 l.

64 3493 115 3543 Gr.
124 3493 241 3542 Gromm.
256 3491 344 3560 §.432
361 3497 385 3548 5.
398 3508 425 3557 p.
433 3492 494 3547 803.
509 3486 588 3538 ed.11.
674 3486 797 3537 bacillum
807 3500 918 3558 propter
932 3505 972 3537 me
981 3488 1039 3554 etc.)
1057 3487 1139 3556 Epist.

61 3559 141 3612 Adde
154 3559 236 3609 Monk
252 3557 284 3607 ad
299 3559 395 3608 Alcest.
411 3574 436 3606 v.
449 3562 474 3615 7.
624 3552 691 3603 dirr.
713 3553 806 3622 philos.
832 3573 858 3622 p.
880 3559 924 3613 80.
948 3554 989 3605 ed.
1018 3554 1139 3606 Commel.

117 3628 149 3678 in
172 3644 202 3676 eo
225 3624 301 3693 libro)
325 3624 427 3676 Platon.
452 3621 590 3673 Phaedone
622 3617 695 3687 Ἐγὼ
709 3622 795 3688 γοῦν,
820 3621 945 3688 Diogenes
967 3622 1054 3673 scribit
1070 3622 1140 3691 Hip-

63 3713 92 3764 p.
107 3698 171 3754 260.
187 3693 243 3759 Bip.
622 3687 709 3756 pioni,
735 3685 840 3755 ἔγνωκα
862 3689 1071 3743 ἄπνπνεύσαντί
1090 3708 1141 3758 μοι

120 3766 180 3820 103.
198 3759 315 3810 Multam
324 3760 395 3818 verol
411 3760 444 3808 H.
454 3776 476 3808 e.
485 3758 590 3808 multam
622 3756 820 3820 παρατεθῆναι
834 3753 868 3811 τὸ
883 3755 1020 3827 βάκτρον,
1044 3757 1091 3810 ἵνα
1105 3755 1140 3810 τὰ

65 3846 138 3891 sane,
146 3829 274 3897 proiecto.
291 3828 323 3878 V.
331 3827 425 3878 Adnot.
434 3827 490 3876 ino.
498 3830 538 3888 11,
545 3830 589 3884 25.
624 3824 764 3876 δοκοῦντα
785 3826 971 3892 λυμαίνεσθαι
994 3826 1050 3890 (aie
1075 3823 1141 3878 eina·

119 3896 229 3965 assequi
240 3896 411 3965 potueris-
427 3906 521 3944 noctus
536 3894 591 3943 eris
622 3890 761 3959 λαύνοιμι.

68 3959 592 4098 nffffitttttlittttfitttgltttt
623 3957 1143 4095 .itf.l“‘?etitl¹i⁸ttl.itt.t.⁰tlt

202 4069 209 4094 ,
809 4066 814 4077 .

70 4110 97 4151 et
113 4097 293 4168 consequendi
307 4095 380 4147 notio
402 4095 463 4147 insit
486 4105 593 4146 antece-
624 4104 671 4145 set.
697 4096 803 4146 Veteres
813 4095 888 4158 enim,
901 4094 1063 4147 humanitatis
1076 4109 1143 4161 quo-

10 4122 33 4283 i
72 4167 158 4219 dentis
175 4165 262 4224 studii,
280 4163 413 4225 desiderii,
431 4162 593 4232 cupiditatia3
624 4161 683 4212 darn
695 4171 723 4212 et
737 4161 878 4229 elegantiae
890 4180 965 4215 sensu
979 4163 1051 4222 moti,
1067 4176 1145 4227 quum

72 4235 124 4288 hoe
140 4244 226 4286 autem
241 4233 274 4284 de
298 4248 330 4283 eo
350 4230 462 4293 dicatur,
487 4230 593 4282 eui‘ali-
625 4229 709 4280 verbis
724 4230 793 4281 male
813 4230 938 4283 ominatae
956 4244 1037 4299 quam
1047 4226 1164 4276 maim

883 4299 948 4371 (³²8
