2640 4626
185 214 228 283 22
300 203 303 209 ’
591 222 852 274 aronaeonnna

185 346 268 421 xime
282 346 393 405 eminet
409 343 637 404 contemnendis
654 343 828 421 doloribus,
856 364 950 403 unam
965 362 1027 401 esee
1044 341 1180 401 omnium
1198 362 1263 400 rem

185 447 432 530 pulcherrimam.
455 468 481 506 c.
499 448 550 517 95.
568 449 635 515 26.
670 445 753 505 Haec
778 438 879 504 autem
899 444 1043 524 patientia
1065 443 1208 502 dolorum
1229 444 1289 501 in.

188 550 270 610 omni
284 569 391 627 genere
407 549 592 626 aequabilem
606 566 638 623 ae
654 548 811 626 praebeat,
840 547 860 606 i.
878 568 902 606 e.
918 567 957 605 ne
973 547 1040 605 aliie
1054 546 1087 604 in
1106 544 1266 604 doloribus

135 714 138 727 ,
186 652 312 727 fortior,
340 651 374 709 in
393 650 459 710 aliis
479 651 579 708 minua
598 649 686 709 sonia
702 650 750 708 sia.
778 700 780 707 .
804 649 878 706 Nam
902 647 984 726 quod
1004 670 1021 706 a
1045 656 1126 706 certa
1146 648 1265 706 ratione

186 753 406 835 proficiscitur,
435 753 470 811 in
489 752 571 813 omni
590 770 696 828 genere
718 750 873 827 aequabile
893 770 955 808 esee
976 749 1078 808 debet:
1106 749 1149 807 ita
1172 747 1265 808 forti·

186 855 279 931 tudo,
309 876 326 913 a
343 863 423 914 certa
437 855 554 913 ratione
571 853 723 932 profecta,
752 853 785 910 in
803 852 885 910 omni
902 871 1009 929 genere
1030 850 1171 909 dolorum
1191 871 1265 909 ean-

188 957 255 1016 dem
276 955 389 1014 babere
411 954 499 1015 debet
519 955 592 1014 vim.
616 975 641 1013 c.
659 955 709 1020 97.
733 954 760 1028 §.
776 953 827 1020 65.

272 1058 326 1115 Ill.
359 1058 528 1117 Concurrere
560 1076 667 1114 rorrus
696 1074 933 1114 msrurarronn.
990 1055 1074 1127 Quae
1096 1072 1192 1129 quum
1222 1053 1266 1111 ita

187 1158 264 1235 sint,
294 1158 465 1217 existimare
482 1158 640 1231 debemus,
672 1155 824 1230 dolorem,
853 1156 968 1215 etiamsi
985 1155 1097 1217 malum
1113 1155 1169 1225 ait,
1192 1164 1264 1211 tan-

186 1261 286 1319 tulum
303 1270 404 1319 tamen
421 1281 496 1335 esse,
524 1269 591 1318 uta
608 1260 722 1317 virtute
742 1259 784 1317 ita
803 1258 966 1331 obruatur,
988 1267 1024 1314 ut
1040 1276 1264 1339 nusquamlap-

186 1372 306 1442 pareat,
328 1361 514 1440 praesertim,
538 1381 631 1438 quum
644 1370 784 1439 paratum
800 1359 839 1417 sit
853 1359 933 1418 illud
949 1379 987 1416 ex
1001 1356 1140 1416 besterna
1155 1356 1264 1435 dispu-

185 1464 299 1524 tatione
318 1463 354 1523 de
370 1463 588 1523 contemnenda
602 1471 700 1521 morte
715 1460 895 1540 perfugium.
918 1481 943 1519 c.
959 1461 1011 1529 27.
1034 1459 1060 1535 §.
1075 1461 1126 1528 66.
1142 1460 1194 1528 67.

250 1947 701 2023 TUSCULANARUM
725 1944 1202 2019 DISPUTATIONUM

601 2118 691 2168 Luam
711 2112 841 2181 Tarni,

411 2197 415 2203 ’
434 2232 487 2286 our
499 2231 559 2278 aar
571 2232 612 2276 mr
625 2231 778 2276 ramanus
791 2231 1010 2285 ancarrunnm,

560 2357 881 2417 CONSPECTUS.

270 2527 294 2586 Ι.
324 2527 512 2586 Pnoonnnnu
536 2537 676 2587 versatur
701 2527 734 2584 in
759 2525 902 2585 laudibus
927 2522 1154 2607 philosophiae:
1189 2543 1266 2601 quae

187 2646 281 2705 quum
295 2628 444 2687 medicina
461 2630 554 2686 animi
572 2629 628 2703 eit,
659 2647 752 2704 eaque
767 2627 799 2685 in
818 2626 966 2707 potestate
983 2638 1085 2685 nostra
1103 2625 1176 2699 sita,
1208 2625 1266 2683 do·

102 2798 107 2807 .
186 2727 311 2785 lendum
325 2749 386 2786 esse
400 2728 475 2786 dicit
492 2730 612 2804 Cicero,
634 2728 800 2787 medicinae
818 2729 953 2808 corporis
969 2729 1099 2786 multum
1117 2736 1146 2785 et
1163 2724 1267 2784 bono-

187 2816 229 2886 ria
248 2827 369 2904 haberi,
399 2840 427 2887 et
449 2831 592 2909 temporis
612 2831 724 2906 tribui,
754 2831 838 2888 illam
856 2841 955 2889 autem
975 2830 1066 2888 animi
1084 2828 1266 2887 medicinam

162 2918 169 2932 ’
187 2931 340 3003 contemni
356 2941 385 2988 et
399 2931 518 3009 negligi.
543 2953 568 2990 c.
586 2936 613 2999 1.
633 2934 657 3010 §.
678 2939 704 2999 1.
749 2933 876 2990 Causaae
892 2933 1067 2990 morborum
1083 2929 1177 2988 animi
1192 2908 1266 2988 brc-

187 3029 268 3087 viter
286 3030 531 3091 dinumerantur:
554 3054 696 3112 perversa
713 3035 881 3093 iuventutis
902 3033 1040 3092 educatio
1057 3042 1086 3091 et
1100 3031 1266 3108 institutio,

186 3129 278 3188 lectio
295 3141 467 3208 poetarum,
490 3134 587 3211 gloria
605 3137 726 3193 etfama
745 3135 917 3215 popularis,
939 3118 1084 3212 pecuniae
1104 3130 1266 3211 cupiditas,

187 3231 381 3310 voluptatum
396 3234 503 3292 libido.
527 3236 552 3312 §.
568 3238 598 3301 2.
622 3258 647 3294 c.
664 3240 693 3303 2.
719 3237 745 3313 §.
761 3239 791 3304 3.
808 3233 837 3302 4.
881 3237 981 3294 Morbi
999 3235 1092 3294 animi
1114 3245 1141 3292 et
1158 3234 1266 3314 perni-

187 3333 328 3391 ciosiores
346 3345 374 3393 et
387 3335 490 3414 plures
508 3346 596 3411 sunt,
620 3357 710 3413 quam
728 3337 872 3416 corporis.
916 3339 1043 3396 lllorum
1059 3337 1153 3414 igitur
1174 3356 1266 3394 cura-

185 3421 342 3513 tio'magis
364 3426 530 3496 necessaria
554 3447 614 3511 est,
638 3458 726 3514 quam
746 3436 865 3497 borum.
918 3439 1021 3497 Animi
1044 3448 1142 3497 autem
1166 3436 1265 3496 medi·

187 3535 254 3594 cina
272 3537 441 3614 quaerenda
459 3549 503 3597 cst
521 3561 536 3596 a
553 3537 755 3619 philosophia.
779 3562 804 3599 c.
820 3543 851 3608 3.

271 3637 309 3694 ΙΙ.
341 3639 458 3697 Tarsa.
505 3639 599 3711 Cadit
621 3645 654 3698 in
676 3645 844 3719 eapientem
865 3642 1037 3720 aegritudo.

391 3859 426 3914 A.
471 3858 646 3917 Rerursrm
667 3880 845 3918 sermenem.
866 3878 1058 3920 raneoslrar.

271 3991 426 4050 Sententia
447 3993 618 4071 proposita,
641 3995 748 4054 cadere
773 3980 995 4074 insapientiae
1021 3996 1264 4077 aegritudinem,

188 4111 206 4148 a
220 4090 363 4152 Cicerone
380 4094 423 4152 ita
439 4094 607 4171 refutatur,
629 4105 666 4155 nt
680 4096 880 4172 demonstret,
909 4118 975 4156 eam
996 4118 1097 4157 aecum
1118 4116 1265 4175 pugnare.

188 4193 265 4252 Nam
281 4195 307 4253 si
320 4195 476 4275 aegritudo
490 4197 524 4256 in
538 4196 702 4278 sapientem
718 4197 808 4274 cadit,
832 4199 951 4278 sepiem
968 4199 1101 4258 insanire
1118 4198 1266 4259 dicendus
