2640 4626
495 198 738 289 amantur.
1081 219 1146 287 255

68 363 180 421 autem
201 347 489 452 Pythagoreorum
513 377 711 448 quamquam
734 345 836 419 nmlt'a
858 344 967 445 colligi
992 365 1145 446 possunt,

67 450 185 551 paucis
214 467 325 523 tamen
347 468 495 538 utemur,
522 452 678 550 quoniam
702 479 770 522 nou
800 449 836 521 id
858 447 967 547 agitur
981 449 1044 522 boc
1063 467 1145 525 tem-

67 581 161 654 pore.
192 581 270 626 nam
297 581 398 652 quum
424 554 627 627 carminibus
654 553 744 626 soliti
767 551 815 624 illi
837 579 910 624 esse
935 550 1088 625 dicantur
1112 570 1144 627 ct

66 672 248 755 praecepta
272 656 434 755 quaedam
457 655 619 730 occultius
644 656 793 742 tradere,
820 671 851 727 et
875 654 995 727 mentis
1023 682 1100 729 suas
1125 684 1145 731 a

64 757 308 857 cogitationum
334 758 517 833 intentione
541 776 638 831 cantu
660 759 850 856 fidibusque
865 757 909 829 ad
925 757 1146 857 tranquillita-

64 877 136 934 tem
171 861 361 935 traducere:
395 861 609 959 gravissimus
638 879 752 934 auctor
776 860 810 931 in
837 859 1036 957 Originibus
1060 861 1144 935 dixit
1239 888 1244 895 ·

67 965 172 1050 Cato,
206 991 334 1036 morem
354 964 446 1063 apud
469 965 612 1059 maiores
641 965 730 1037 bunc
761 963 931 1062 epularum
957 962 1081 1050 fnisse,
1107 979 1144 1036 ut

65 1065 249 1165 deinceps,
275 1066 333 1165 qui
356 1066 573 1153 accubarent,
599 1083 755 1140 canerent
777 1065 820 1137 ad
844 1064 960 1137 tibiam
978 1063 1143 1153 clarorum

66 1169 216 1241 virorum
235 1158 350 1241 laudes
363 1186 461 1268 atque
476 1169 621 1243 virtutes.
648 1198 686 1242 ex
703 1195 770 1268 quo
785 1167 1000 1268 perspicuum
1018 1183 1085 1262 est,
1112 1184 1145 1242 et

64 1286 184 1344 cantus
211 1288 282 1344 tum
304 1269 407 1344 brisse
432 1271 612 1372 rescriptos
637 1299 754 1344 vocum
782 1269 905 1342 sonis⁶
936 1286 969 1342 et
989 1269 1146 1345 carmina.

64 1378 99 1453 4.
134 1373 346 1474 Quamquam
368 1374 411 1447 'id
439 1375 574 1474 quidem
602 1374 700 1446 etiarn
727 1390 783 1446 ΧΠ
808 1369 939 1445 tabulae
965 1371 1144 1461 declarant,

133 1559 283 1618 onata

117 1676 179 1729 Car.
189 1678 221 1728 11.
241 1677 376 1744 occultius)
394 1689 486 1737 utnon
501 1679 587 1746 perci-
619 1697 647 1747 p.
664 1676 725 1737 451.
765 1676 807 1728 Sic
829 1677 905 1727 Hom.
929 1673 976 1725 Od.
999 1677 1025 1737 1,
1042 1680 1069 1735 7.
1092 1672 1142 1731 usi·

64 1755 204 1812 petentur,
222 1746 270 1795 nisi
285 1746 317 1796 ab
335 1747 381 1807 iis,
406 1746 450 1815 qui
465 1747 587 1798 interiore
621 1747 743 1812 τῶνγὰρ
757 1746 922 1812 σφετέρῃσιν
936 1742 1142 1815 ἀτασθαλίῃσιν

64 1828 96 1862 ac
121 1811 250 1878 penitiore
272 1813 446 1881 pythagoreae
468 1813 587 1882 philoso-
620 1812 735 1867 dicato·
766 1829 915 1880 quamquam
939 1812 1063 1861 Homerus
1089 1830 1139 1862 no-

65 1879 143 1947 pbiae
158 1880 307 1946 cognitione
322 1881 413 1932 imbuti
426 1891 524 1941 essent3
542 1899 586 1932 eos
604 1882 687 1932 marina
709 1880 836 1932 abstracta
855 1895 959 1929 nurnero
976 1878 1069 1944 plurali
1092 1880 1141 1930 de-

10 1956 13 1963 *
66 1946 142 2008 dico,
178 1947 221 2016 qui
245 1945 402 2013 ἐσωτερικοὶ
428 1949 490 1999 dicti
514 1959 585 1999 sunt:
619 1948 816 2015 signaresolet
851 1945 1013 1996 V.Nitzsch.
1031 1946 1098 1996 adl.
1115 1948 1140 1999 d.

64 2014 157 2081 quibus
178 2015 292 2082 oppositi
314 2026 373 2066 sunt
389 2016 507 2082 discipuli
522 2015 585 2080 ἔξω·
620 2026 647 2065 et
676 2033 750 2083 quem
778 2013 866 2063 laudat
892 2011 987 2080 Spohn.
1015 2013 1048 2062 de
1075 2010 1138 2066 cxt'r.

65 2081 189 2150 esperod,
206 2083 232 2132 b.
248 2100 289 2145 e.,
306 2083 340 2144 ii,
359 2085 402 2152 qui
419 2083 585 2134 institueren-
619 2083 709 2150 Odyss.
727 2092 808 2149 parte.
827 2099 852 2148 p.
867 2085 925 2139 106.

64 2159 107 2200 tur
128 2161 155 2200 et
176 2162 389 2230 praepararentur
411 2152 443 2201 ad
465 2151 586 2202 discenda
668 2152 698 2200 in
715 2149 884 2220 Originibus)
912 2150 943 2198 V.
962 2146 1093 2199 Adnotata
1112 2149 1139 2201 in

66 2235 96 2267 ae
111 2216 276 2286 percipienda
290 2218 427 2270 secretiora
444 2229 471 2269 et
484 2219 585 2270 occulta
619 2219 638 2268 I.
656 2225 688 2279 2,
705 2222 731 2274 3.

66 2285 217 2354 disciplinae
232 2285 343 2337 decreta.
669 2285 813 2353 rescriptos
835 2300 925 2334 vocum
941 2284 1027 2349 som's)
1054 2286 1138 2335 Erne-

133 2365 234 2403 mentes
263 2355 335 2420 suos)
366 2353 473 2403 Tirones
496 2352 586 2402 obser·
618 2352 680 2402 stius
695 2352 763 2401 Clav.
780 2351 894 2401 Ciceron.
910 2370 929 2400 s.
945 2368 968 2399 v.
991 2352 1138 2403 rescribere

64 2429 143 2482 rent,
176 2422 307 2471 Romanos
336 2421 449 2488 pluribus
472 2421 586 2471 vocabu·
617 2420 800 2488 interpretatur
808 2418 834 2467 h.
842 2418 859 2467 l.
870 2418 919 2468 sic:
937 2430 1061 2467 cantuum
1072 2421 1136 2469 illor-

65 2487 110 2548 lis,
146 2488 236 2555 quibus
264 2507 346 2538 sermo
376 2489 473 2557 patrius
495 2489 585 2539 notio-
619 2507 677 2537 rum
693 2500 778 2536 certos
796 2486 886 2535 modos
909 2503 968 2534 esse
977 2483 1072 2553 sacros
1094 2489 1136 2538 si-

65 2573 123 2605 uem
140 2555 262 2606 abstracti
278 2556 398 2617 subiecit,
414 2567 444 2606 ut
459 2555 585 2605 concretis
617 2558 731 2626 gnisque
744 2570 891 2623 expressos,
908 2553 977 2620 quod
993 2566 1137 2605 nosvoca·

65 2639 125 2672 usos
138 2640 201 2672 esse.
227 2624 257 2671 ln
270 2622 321 2673 hoc
334 2640 439 2673 nurnero
453 2622 585 2675 referenda
617 2641 672 2672 mus
686 2623 867 2690 lromponiren.
901 2623 920 2669 l.
942 2621 972 2670 F.
992 2621 1136 2672 Gronovius

64 2700 124 2740 sunt
137 2690 253 2740 nomina:
272 2708 357 2752 mens,
376 2693 488 2752 animus,
504 2692 585 2759 inge·
618 2691 650 2741 ad
663 2690 719 2741 Liv.
730 2691 784 2750 vlt,
801 2699 827 2746 2.
846 2687 962 2739 tentabat
976 2687 1135 2756 descriptos.

11 2810 13 2815 ,
65 2759 140 2807 nium
156 2757 216 2807 alia.
251 2757 292 2807 Sic
304 2758 329 2807 h.
340 2758 357 2807 l.
373 2757 527 2826 Pythagorei
541 2757 584 2806 di-
619 2757 694 2820 Quod
708 2761 751 2807 Or.
767 2756 793 2806 in
809 2756 876 2806 ndu.
900 2755 1007 2823 probat,
1032 2756 1133 2807 dicens:

65 2835 158 2875 cuntur
174 2838 352 2875 mentesanae
368 2836 443 2876 cantu
461 2825 494 2875 ad
510 2835 584 2874 tran·
618 2827 669 2886 Qui
678 2825 807 2890 vulgatam
817 2826 865 2889 (sc.
875 2825 970 2888 recor.)
985 2822 1135 2886 defendunt,

64 2891 217 2960 quillitatem
232 2892 387 2954 traduxisse,
405 2910 457 2942 non
473 2905 584 2942 mentem
618 2892 744 2960 explicare
762 2891 856 2941 debent
873 2891 988 2940 deuotis
1005 2909 1020 2940 a
1034 2892 1136 2961 musicis

63 2976 140 3009 suam
156 2959 204 3026 (uti
217 2977 278 3010 nos:
295 2961 374 3010 ihren
389 2962 491 3024 Geist):
508 2978 584 3026 supra
616 2979 690 3026 supra
706 2958 817 3025 singulas
838 2959 947 3025 syllabas
968 2959 1066 3024 positis.
1101 2965 1136 3010 At

64 3032 134 3088 c.1,
154 3035 178 3084 l.
203 3037 345 3077 nostrorum
360 3027 488 3077 hominum
503 3029 583 3096 inge-
616 3027 678 3077 nibil
695 3026 856 3077 movendum.
891 3025 1050 3076 Rescribere
1067 3027 1133 3076 enim

64 3097 111 3145 nia
136 3095 208 3160 (non
230 3094 373 3161 ingenium,
405 3095 453 3144 der
478 3096 581 3160 Geist).
616 3105 655 3144 est
671 3104 759 3144 cantus
775 3104 803 3143 et
816 3093 926 3143 carmina
942 3093 1082 3143 scribendo
1098 3095 1132 3160 (b.

63 3166 222 3228 Quamquam
235 3163 359 3212 nonnulla
373 3172 491 3213 concreta
507 3161 583 3211 etism
617 3179 639 3212 e.
653 3159 720 3212 notis
732 3161 850 3228 signisve)
863 3178 989 3211 revocare
1001 3163 1043 3211 vel
1058 3163 1134 3212 redi-

63 3248 108 3296 pro
126 3229 261 3280 abstractis
277 3240 420 3297 ponuntur,
448 3229 484 3279 uti
502 3230 583 3299 inge-
615 3249 681 3300 gere
694 3228 727 3279 ad
740 3238 814 3296 aptos
828 3246 918 3279 vocum
932 3245 1059 3279 sonos-
1082 3231 1133 3281 Pro

63 3300 136 3348 nium
150 3296 298 3359 conanum,
314 3296 341 3345 h.
359 3314 381 3346 e.
399 3298 457 3366 ing.
474 3298 584 3366 generis
616 3299 691 3348 sonis
706 3297 755 3346 fuit
775 3296 817 3363 qui
837 3296 972 3361 legendum
990 3296 1133 3362 suspicare-

62 3365 182 3415 bumani.
227 3365 363 3430 Eleganter
387 3364 413 3413 in
439 3365 505 3414 banc
530 3382 582 3414 rem
615 3375 658 3414 tur
678 3365 764 3414 notis:
791 3364 861 3431 quod
871 3363 1001 3478 probavit
1022 3364 1132 3412 Woltius

61 3433 204 3500 disputarit
221 3434 251 3480 A.
270 3431 422 3482 Grotefend.
439 3432 580 3481 Comment.
615 3432 786 3481 inPraelectt.
820 3433 869 3492 „Se
904 3429 1044 3481 accuratius
1059 3430 1132 3479 vide*

61 3501 85 3550 d.
100 3518 129 3568 p.
137 3505 179 3557 10.
214 3501 295 3566 Saepe
311 3499 386 3549 etium
403 3499 505 3549 nomina
521 3499 582 3548 abs-
615 3509 657 3549 tur
674 3499 777 3564 vulgata
794 3497 946 3563 sipiticpre:
965 3507 1054 3556 notas,
1072 3498 1133 3563 qui-

59 3577 144 3618 tracta
189 3565 264 3617 lurali
300 3583 405 3616 numero
443 3577 580 3634 ponuntur,
614 3567 661 3616 bus
673 3582 751 3616 sonos
769 3574 857 3615 acutos
874 3573 902 3613 et
911 3564 1006 3630 'graves
1020 3563 1133 3614 indicare

60 3651 138 3702 quum
151 3583 263 3701 plitress
282 3633 348 3683 ecies
363 3634 404 3684 vel
418 3633 510 3683 diversi
525 3643 581 3683 sta·
614 3632 685 3684 soliti
719 3632 815 3682 fuerint
852 3630 974 3693 musici,“
1012 3643 1133 3682 monente

58 3712 98 3752 tus
117 3701 228 3752 nominis
252 3700 374 3759 attacti
398 3701 579 3767 significantur,
615 3700 719 3750 Orellio.

19 3776 22 3781 '
58 3780 88 3820 ut
100 3770 218 3836 snpraI,
234 3769 277 3826 48.
295 3780 399 3819 mortes.
411 3771 456 3830 111,
473 3769 498 3826 4.
517 3769 581 3818 reli·
664 3770 689 3825 4.
713 3769 775 3817 XII
792 3765 913 3832 tabulae)
941 3765 973 3815 de
994 3767 1059 3833 liep.
1087 3765 1131 3818 tv.

73 3853 125 3887 nae
147 3852 249 3914 quoque
291 3836 477 3886 erturbationes
495 3836 579 3896 animi,
615 3833 668 3900 (ed.
686 3836 722 3884 M.
740 3853 765 3902 p.
780 3839 839 3893 291.
857 3853 888 3886 ex
904 3834 1036 3900 Augustin.
1055 3835 1083 3884 C.
1100 3835 1134 3889 D.

85 3903 225 3965 rmidrues,
258 3854 391 3964 libidines,
427 3903 580 3953 iracundiae.
614 3903 645 3963 ll,
663 3904 702 3968 9.)
720 3903 790 3964 „xit
800 3903 903 3953 tabulae
925 3918 982 3951 cum
994 3919 1133 3969 perpaucas

55 3972 109 4032 tv,
128 3975 154 4029 6.
171 3980 223 4021 tres
237 3971 404 4021 constantiae.
418 3972 449 4033 V,
467 3974 510 4028 39.
532 3988 580 4020 va-
614 3987 654 4019 res
677 3969 760 4037 capite
783 3971 937 4035 sanxissent,
964 3968 992 4018 in
1009 3970 1048 4019 his
1066 3971 1132 4020 banc

56 4038 196 4088 letndines.
214 4038 287 4088 offic.
303 4040 330 4099 Ι,
347 4045 390 4095 22.
408 4038 579 4089 fortitudines.
614 4054 714 4107 quoqne
735 4037 896 4089 sanciendam
917 4048 1084 4104 putaverunt,
1109 4037 1131 4086 si

58 4105 115 4156 rin.
139 4107 168 4165 I.
194 4110 235 4163 15.
269 4105 436 4156 assiduitates.
463 4107 498 4155 tv
506 4143 513 4165 ,
536 4110 578 4163 27.
613 4105 669 4221 quis
678 4105 871 4166 occentavisset,
888 4105 941 4155 sive
951 4122 1051 4156 cannen
1065 4121 1131 4153 cou-

57 4189 147 4224 omnes
162 4172 293 4224 avaritiae.
327 4173 366 4223 Gi'.
384 4172 505 4224 Ochsner.
522 4174 577 4223 Ecl.
630 4171 732 4233 idisset,
750 4172 820 4239 quod
832 4172 960 4224 infamiam
974 4171 1138 4221 faceretila-'

58 4239 112 4290 Cic.
133 4258 160 4310 p.
174 4245 218 4300 72.
244 4250 271 4291 et
288 4240 371 4291 Bremi
389 4240 421 4290 ad
437 4239 492 4290 Fin.
509 4241 535 4302 1,
552 4245 578 4299 8
612 4238 742 4307 gitiumve·
765 4239 868 4291 attexta*
894 4266 930 4280 ·-
967 4239 1064 4288 Verba
1080 4237 1148 4301 'ipsa
