2640 4626
719 110 723 143 t

537 154 780 268 iterandae.
1096 218 1100 223 ·
1134 196 1198 267 245

118 324 245 398 turales
259 341 367 410 sunt,
394 324 477 424 quid
505 352 590 424 opus
616 341 665 398 est
687 324 936 400 consolatione?
971 345 1089 400 natura
1107 329 1196 405 enim

117 429 194 529 ipsa
213 426 406 500 terminabit
420 427 576 502 modum:
604 428 656 501 sin
679 428 885 528 opinabiles,
911 429 1027 529 opinio
1046 447 1115 503 tota
1132 431 1196 504 tol-

119 531 214 604 latur.
240 530 320 602 satis
341 529 466 603 dictum
482 557 554 602 csse
580 530 739 619 arbitror,
766 531 1006 629 aegritudinem
1029 561 1101 606 esse
1122 535 1195 634 opi,-

119 634 257 707 nioncm
275 631 352 704 mali
375 630 580 732 praesentis,
606 632 641 704 in
662 661 726 732 qua
747 633 907 734 opinione
932 634 1015 707 illud
1037 634 1134 723 insit,
1160 653 1196 710 ut

121 733 363 835 aegritudinem
381 734 550 834 suscipere
567 751 725 835 oporteat.

224 845 281 917 75.
306 837 453 909 Additur
474 837 516 909 ad
537 834 624 910 banc
652 836 880 911 definitionem
904 841 1073 912 aZenone
1096 857 1194 929 recte,

120 957 156 1014 ut
182 938 240 1012 illa
262 939 377 1039 opinio
403 940 587 1039 praesentis
613 939 691 1013 mali
707 939 751 1013 sit
768 968 892 1015 recens.
918 941 983 1015 boc
999 960 1108 1016 autem
1124 971 1196 1034 ver-

120 1043 203 1139 bum
228 1040 278 1115 sic
301 1042 578 1141 interpretantur,
603 1059 638 1113 ut
660 1071 728 1115 uon
750 1058 876 1115 tantum
892 1042 975 1117 illud
991 1049 1210 1127 recensesse

122 1144 278 1232 relinet,
311 1144 403 1244 quod
444 1142 530 1216 aullu
555 1161 630 1219 ante
653 1144 828 1232 acciderit;
862 1145 938 1232 sed,
962 1175 1060 1246 quam
1084 1146 1143 1221 diu
1159 1146 1192 1218 in

121 1247 177 1321 illo
203 1246 340 1346 opinato
369 1172 457 1319 malo
484 1246 534 1318 vis
559 1247 721 1347 quaedam
749 1246 846 1336 insit,
871 1253 937 1319 th
964 1248 1120 1346 vigeatet
1135 1249 1195 1322 ba-

121 1350 197 1439 beat
220 1348 387 1449 quandam
411 1346 629 1436 viriditatem,
653 1365 720 1422 tam
737 1348 1134 1449 diuappelletu1·recens.
1159 1369 1196 1424 ut

121 1450 301 1526 Artemisia
319 1450 385 1541 illa,
409 1444 571 1541 Mausoli,
598 1451 713 1525 Cariae
731 1451 830 1550 regis,
856 1454 956 1539 nior,
983 1480 1066 1552 quae
1081 1453 1194 1526 nobile
1220 1538 1224 1551 ¹

121 1554 205 1631 illud
227 1553 452 1627 Halicarnassi
477 1553 556 1628 fecit
578 1554 784 1655 sepulcrum,
811 1554 971 1654 quamdiu
992 1554 1088 1642 vixit,
1114 1554 1195 1629 vixit

99 1657 155 1730 'in
185 1655 295 1744 luctu;
322 1656 505 1755 eodemque
531 1657 630 1729 etiam
657 1657 805 1750 confecta
830 1657 1008 1730 contabuit.
1031 1657 1110 1730 buic
1126 1674 1195 1730 crat

122 1758 177 1833 illa
192 1757 310 1858 opinio
326 1758 475 1858 quotidie
492 1758 624 1843 recens:
651 1775 820 1859 quactum
838 1759 980 1859 denique
996 1789 1065 1832 non
1081 1758 1195 1860 appel-

121 1861 208 1935 latur
228 1889 363 1953 recens,
389 1889 491 1960 quum
505 1878 663 1934 vetustate
680 1861 813 1943 exaruit,
1173 1922 1178 1933 .

223 1964 315 2037 Haec
337 1962 439 2062 igitur
453 1962 562 2039 officia
578 1981 655 2037 sunt
671 1963 930 2050 consolantium,
955 1962 1069 2037 tollere
1090 1963 1194 2061 aegri-

119 2064 282 2159 tudinem,
294 2064 461 2154 funditus,
487 2083 543 2139 aut
558 2067 691 2153 sedare,
717 2083 773 2138 aut
787 2065 957 2138 detrahere
976 2093 1076 2163 quam
1091 2064 1195 2164 pluri-

121 2188 234 2259 ntum,
260 2186 314 2241 aut
338 2170 564 2270 supprimere,
589 2197 651 2242 nec
670 2169 741 2269 pati
754 2166 1051 2266 manarelongius,
1078 2168 1197 2265 autad

120 2271 187 2346 alia
204 2272 379 2359 traducere
393 2281 422 2344 ⁷.
474 2281 531 2353 76.
558 2272 644 2344 Sunt
663 2271 718 2370 qui
736 2278 839 2343 unum
858 2269 1003 2344 officium
1021 2269 1195 2357 consolan-

189 2493 255 2550 5V.
272 2490 337 2541 Adn.
372 2493 448 2550 (istc
464 2495 538 2543 Bern.
556 2492 658 2544 GVML.
676 2492 770 2542 Da.-
786 2491 846 2542 Ern.
865 2510 887 2542 c.
904 2490 972 2557 vulg.
991 2502 1024 2541 et.
1073 2489 1193 2548 asictt.

119 2563 166 2613 Gr.
191 2560 219 2610 b.
245 2558 339 2626 aliique
363 2559 443 2611 Codd.
468 2561 514 2610 Ed.
538 2569 590 2609 vet.
615 2559 696 2610 Bouh.
713 2561 784 2609 SED.
801 2557 918 2637 Lallrss
939 2557 1035 2675 Vulpo
1054 2557 1092 2609 ad
1112 2557 1196 2608 oliam
1293 2571 1296 2576 ·

118 2628 194 2681 trad·
211 2629 310 2696 Inepte.
327 2629 387 2678 Ern.
404 2644 420 2678 e
434 2628 520 2679 Guelf.
539 2628 576 2678 ud
589 2628 647 2679 alra
660 2639 771 2678 mentem
786 2639 835 2689 tn,
854 2644 885 2677 ex
899 2636 1020 2696 mterpo.

119 2763 185 2798 num
199 2755 277 2812 atque
290 2743 530 2811 adeoaegritudinis
541 2743 643 2795 medio-
677 2762 736 2795 nem
760 2761 819 2794 esse
837 2745 991 2814 praesentis
1012 2743 1078 2794 nauli
1100 2759 1194 2804 recen-

119 2815 242 2866 eritatem
256 2811 357 2862 admitti
372 2813 492 2863 volebant
512 2815 551 2878 (v.
567 2830 647 2881 supra
676 2826 737 2863 tem.
780 2811 826 2862 Cui
851 2811 1017 2880 disputationi
1042 2810 1193 2862 adliciuntur

121 2901 143 2934 c.
172 2885 221 2943 16,
244 2881 319 2945 22),
345 2879 479 2947 dolorique
505 2880 655 2938 cedendum,
676 2879 762 2932 officia
778 2896 879 2942 eornm,
903 2881 946 2958 qui
957 2880 1020 2931 alios
1035 2877 1193 2946 aegritudine

120 2965 180 3000 esse
204 2947 360 2999 iudicabant.
402 2947 441 2998 Ad
464 2947 533 3015 quud
554 2948 644 2998 Cicero
675 2964 776 3016 pressos
791 2946 918 2998 consolata
932 2948 1030 2998 volunt.
1133 2968 1136 2993 s
1175 2988 1178 2996 .

121 3017 161 3068 sic
184 3015 349 3083 respondeto
374 3015 402 3065 si
424 3015 643 3083 perturbationum
726 3021 767 3072 75.
776 3013 933 3065 Additur—
942 3017 983 3081 ut)
1003 3014 1198 3081 Utpostoddi-·

120 3083 315 3136 mediocritates
327 3082 354 3133 in
365 3092 457 3134 nattua
469 3083 533 3151 ipsa,
551 3082 643 3132 nonin
676 3081 838 3149 turpositum
853 3092 905 3145 est,
924 3083 982 3150 quia
996 3078 1111 3145 non‘res,
1128 3099 1193 3161 quqe
1225 3098 1236 3122 τ

123 3150 249 3220 opinions
262 3150 362 3218 positae
376 3160 446 3200 suut:
464 3150 533 3201 nulla
549 3166 643 3200 coriso-b
675 3159 723 3211 est,
738 3147 874 3211 indicatur,
890 3149 935 3199 sed
949 3149 1047 3212 modus,
1061 3167 1111 3218 quo
1120 3167 1194 3216 cogr-
1299 3158 1302 3165 '

121 3219 224 3270 lutioue
240 3234 303 3284 opus
320 3228 373 3277 est,
396 3227 487 3268 natura
505 3217 571 3267 enim
587 3218 643 3286 ipsa
674 3215 802 3269 tandaeit.
820 3217 860 3267 Cf.
875 3235 940 3284 quae
953 3236 1028 3285 supra
1041 3217 1148 3270 diximus
1158 3217 1195 3268 vad

124 3285 408 3354 aegritudinismodum
424 3284 578 3336 terminabit.
610 3288 646 3335 At
677 3289 766 3346 c.3,5-
789 3285 839 3349 Qui
855 3285 1032 3356 veroprobori
1043 3297 1193 3354 potemur.

122 3355 186 3406 illae
200 3352 272 3432 ipsae
285 3353 489 3414 mediocritates,
505 3370 569 3420 qnae
583 3352 645 3403 mihi
718 3354 968 3422 interpretantur-
977 3353 1070 3417 velint)
1078 3353 1118 3401 Sic
1124 3361 1194 3401 reete

123 3441 142 3473 a
155 3419 336 3488 Pe'rtpateticis
346 3421 514 3482 obiiciantur,
531 3437 584 3470 non
596 3438 645 3470 na·
676 3419 792 3470 Davisius
815 3419 897 3469 edidit
911 3437 925 3469 e
940 3421 1008 3484 Reg,
1019 3419 1150 3470 Pithoeau.
1167 3427 1194 3467 et

123 3489 313 3551 carolenum,
335 3489 382 3539 sed
398 3488 538 3556 opinabiles
546 3511 556 3551 ,·
578 3488 605 3537 h.
620 3505 644 3537 e.
677 3487 747 3538 Med.
773 3505 822 3536 neo
843 3487 917 3536 aliter
936 3487 962 3536 b.
979 3485 1026 3537 Ed.
1043 3495 1094 3535 vet.
1110 3484 1192 3535 Bouh.

123 3558 153 3608 in
168 3555 299 3606 homiuum
313 3556 433 3624 opinione
447 3550 559 3624 positae:
584 3571 646 3620 ergo
677 3555 745 3606 Lall.
776 3553 940 3621 intelligendi
954 3562 1013 3606 sunt
1027 3553 1094 3603 enim
1106 3555 1194 3605 Zeno-

121 3624 206 3676 etiam
224 3624 282 3674 tolli
300 3633 414 3691 possunt.
456 3622 646 3702 Aegiitudinem
678 3623 718 3672 nis
743 3621 862 3672 asseclae.
906 3620 1035 3673 Ernestius
1066 3620 1194 3686 vulgatam

125 3702 216 3744 autem
230 3689 295 3740 nihil
308 3690 378 3742 aliud
391 3708 461 3753 esse,
477 3691 527 3741 mai
541 3690 646 3759 opinio-
677 3691 869 3759 interpretatur
884 3716 917 3749 r-
933 3689 998 3740 velit
1011 3697 1131 3756 sequutus
1146 3697 1193 3738 est.

124 3776 186 3812 nem
205 3769 232 3808 et
248 3758 350 3826 quidem
362 3768 494 3810 recentem
511 3758 645 3826 (quodre-
689 3785 692 3788 >
728 3758 858 3827 quamdiu
869 3757 946 3819 vixit,
963 3757 1041 3823 vixit)
1059 3753 1194 3806 deeinlss.

124 3840 169 3880 cte
186 3825 287 3878 addunt
303 3826 395 3893 Stoici)
417 3824 479 3877 mali
497 3825 645 3895 praesentis,
677 3830 726 3888 21,
743 3829 784 3884 68.
810 3825 857 3876 sed
871 3835 963 3876 ,tumen
988 3824 1099 3893 aliquid,
1125 3823 1195 3892 quod

125 3897 218 3963 inqua
226 3893 349 3962 opinione
360 3894 425 3945 illud
433 3893 503 3957 insit,
519 3904 549 3944 ut
560 3892 645 3960 aegri·
677 3893 752 3944 nobis
772 3912 824 3944 non
846 3893 941 3956 liceat,
959 3893 1053 3944 vliceat
1077 3891 1138 3942 illis,
1161 3891 1195 3942 ad

124 3963 244 4015 tudinem
268 3960 396 4030 suscipere
419 3971 518 4013 rectum
539 3961 588 4025 sit,
615 3979 647 4011 ex
680 3961 757 4012 Attica
772 3964 804 4011 ll.
821 3978 861 4028 ep.
876 3965 919 4020 24.
937 3961 1007 4028 quod
1022 3961 1056 4011 ad
1069 3959 1197 4026 tealiqua

125 4031 174 4092 iis,
202 4047 268 4097 quae
281 4048 357 4098 supra
373 4049 389 4080 a
404 4026 478 4081 nobis
493 4027 563 4080 dicta
579 4038 648 4091 sunt,
681 4029 854 4108 admonitione
871 4039 916 4080 aot
933 4029 1110 4095 obiurgatione
1125 4027 1197 4076 ecri-

126 4118 142 4150 a
162 4107 247 4167 paret.
271 4099 341 4147 llaec
354 4098 433 4166 igitur
446 4107 485 4148 eet
498 4097 570 4164 quasi
583 4114 648 4148 con·
678 4115 734 4169 pst,
752 4098 851 4166 scripsi
857 4095 1124 4166 proptcrdiligentiam
1134 4110 1197 4145 cau-

128 4117 219 4217 clbsio'
235 4170 267 4215 ex'
287 4165 355 4215 omui
379 4164 509 4234 superiore
533 4164 651 4233 disputa·
683 4163 761 4216 tionis
771 4183 857 4227 maaet
873 4165 905 4214 cf.
919 4182 984 4232 quae
996 4166 1069 4231 plura
1083 4160 1199 4212 enotavit

127 4235 203 4286 tione
217 4233 309 4285 ducta:
326 4234 532 4306 Aegritudinem
545 4234 651 4306 opinio-
684 4237 810 4289 Goerena.
826 4232 928 4285 adt'in.
944 4234 1035 4297 ῊἹ,
1046 4234 1095 4288 (δί)-
1105 4227 1208 4297 effla
