2640 4626
119 200 180 270 136
232 265 235 271 ,
363 207 643 261 rrecunnnmuu
660 204 941 259 nrsrumrronms

117 325 433 403 nibilsentirevivi²
451 325 632 401 sentiamus
692 332 774 405 109.
800 323 970 422 Quantum
987 338 1098 397 autem
1114 350 1192 397 con-

119 429 288 506 suetudini
312 427 420 503 famae
467 456 484 501 e
511 427 659 500 dandum
677 427 739 514 sit,
764 427 800 500 id
819 442 934 501 curent
949 424 1032 515 vivi,
1058 424 1121 501 sed
1138 425 1193 514 ita,

120 530 272 607 ut'intelli
297 545 370 622 ant,
394 455 479 603 nillil
495 529 560 602 id³
580 529 623 602 ad
636 545 784 602 mortuos
802 528 977 648 pertinere.
1167 546 1169 553 '

174 704 178 713 .
221 559 297 707 sed
313 633 464 734 profecto
478 658 569 705 mors
582 647 653 705 tum
668 631 869 731 aequissimo
887 630 999 704 animo
1014 629 1193 748 oppetitur,
1242 618 1245 647 ¹

122 763 224 837 quum
258 734 329 810 suis
361 761 397 808 se
431 732 587 808 laudibus
618 733 685 807 vita
706 733 862 807 occidens
878 730 1052 825 consolari
1078 747 1194 832 potest
1242 754 1245 827 j

121 865 220 912 nemo
236 863 355 937 parum
373 835 432 909 diu
447 836 537 924 vixit,
562 835 620 936 qui
634 835 763 909 virtutis
778 835 942 936 perfectae
958 832 1109 935 perfecto
1123 833 1195 908 lun-

123 956 195 1016 ctus
224 956 274 1013 est
301 967 446 1012 munere.
471 937 574 1011 multa
600 937 685 1014 mibi
707 937 773 1040 ipsi
790 937 833 1011 ad
848 954 986 1011 mortem
1002 934 1196 1037 tempestiva
1243 948 1245 1021 l

122 1042 272 1116 fuerunt:
299 1046 428 1141 quam4
446 1040 571 1114 utinam
585 1040 770 1141 potuissem
787 1039 897 1114 obire!
922 1037 1007 1112 nihil
1025 1039 1116 1112 enim
1133 1038 1198 1112 iam

124 1172 162 1220 ac
209 1142 372 1217 irebatur:
397 1142 561 1217 cumulata
586 1139 679 1217 erant
704 1141 814 1217 officia
836 1142 937 1216 vitae:
969 1168 1045 1214 cum
1063 1140 1198 1215 fortuna
1243 1130 1245 1151 ¹

124 1171 210 1320 bell
225 1245 402 1320 restabant.
454 1244 584 1343 Quare,
610 1245 639 1318 si
655 1245 729 1345 ipsa
744 1245 829 1318 ratio
844 1244 955 1322 minus
997 1240 1141 1332 eriiciet,
1164 1257 1198 1317 ut

97 1363 101 1369 '
124 1364 263 1422 mortem
278 1347 446 1447 negligere
463 1347 649 1447 possimus:
677 1363 710 1421 at
721 1347 788 1421 vita
805 1363 877 1420 acta
896 1270 1066 1447 perlibiat,
1091 1360 1131 1419 ut
1149 1372 1199 1421 sa-

124 1449 167 1524 tis
194 1477 360 1550 superque
385 1449 506 1523 vixisse
535 1448 714 1522 videamur.
740 1477 939 1550 quamquam
965 1446 1054 1521 enim
1081 1473 1199 1523 sensns

125 1552 245 1636 abierit
256 1561 293 1640 ³,
317 1567 429 1626 tamen
444 1552 542 1625 suis⁶
561 1566 593 1624 et
607 1550 755 1651 propriis
768 1551 869 1625 bonis
885 1567 916 1626 et
930 1547 1057 1638 laudis,
1083 1565 1117 1623 et
1131 1548 1201 1648 glo-

124 1654 212 1743 riae,
238 1653 389 1754 quamvis
420 1681 490 1727 non
520 1652 678 1741 sentiant,
705 1653 827 1726 mortui
857 1680 926 1725 non
955 1667 1075 1725 carent.
1128 1649 1202 1725 Etsi

126 1756 215 1830 enim
237 1753 322 1828 nihil
344 1753 465 1829 babeat
497 1754 532 1827 in
553 1763 619 1828 se⁷
644 1754 768 1853 gloria,
795 1783 853 1827 cur
877 1769 1065 1856 expetatur,
1090 1769 1201 1828 tamen

126 1859 279 1931 virtutem
296 1872 464 1956 tamquam
482 1855 601 1930 umbra
617 1857 772 1957 sequitur.

228 1959 346 2032 XLVI.
373 1965 454 2039 110.
479 1961 623 2046 Verum,
647 1957 869 2032 multitudiuis
895 1955 1057 2030 iudicium
1079 1954 1202 2031 de'bo-

122 2062 200 2161 quis,
226 2060 254 2134 si
279 2060 412 2162 quando
438 2077 508 2149 est,
528 2061 635 2160 magis
659 2060 864 2134 laudandum
882 2075 949 2149 est,
974 2086 1075 2158 quam
1090 2057 1143 2132 illi
1161 2059 1202 2133 ob

129 2191 200 2236 eam
214 2191 284 2237 rem
299 2162 397 2237 beati.
421 2164 498 2237 Non
516 2190 655 2264 possum
674 2180 781 2239 autern
798 2162 919 2251 dicere,
945 2161 1201 2261 quoquomodo

194 2354 213 2408 2
228 2350 288 2401 Em.
302 2366 325 2399 c.
338 2348 461 2399 BCVML.
470 2348 551 2401 Gebh.
560 2349 632 2401 omis.
648 2350 713 2401 vivi.
746 2353 764 2406 3
781 2348 822 2398 Sic
835 2348 865 2398 tt.
881 2347 908 2398 b.
925 2346 1019 2415 aliique
1031 2345 1115 2398 Codd.
1125 2346 1159 2398 D.
1172 2375 1202 2387 -

129 2418 188 2467 Em.
214 2433 236 2467 e.
253 2415 321 2483 vulg.
339 2416 410 2467 omis.
427 2417 465 2467 id.
499 2417 576 2475 4Sic
592 2420 624 2468 D.
639 2416 672 2467 de
687 2434 744 2467 con.
760 2414 845 2482 Vulgo
863 2432 938 2494 puae.
980 2417 1059 2472 50r.
1078 2432 1100 2465 c.
1120 2415 1154 2465 L.
1171 2415 1203 2464 D.

129 2482 223 2535 aberit.
264 2484 340 2542 68ic
360 2485 389 2534 L.
414 2484 533 2534 restituit.
561 2486 620 2534 Ern.
646 2502 668 2534 c.
686 2484 756 2551 vulg.
774 2501 888 2534 suminis.
922 2480 998 2541 'ISic
1014 2482 1061 2532 stt.
1080 2511 1117 2520 —
1135 2480 1204 2533 Alite

129 2551 193 2602 Edd.
218 2560 280 2602 vett.
307 2561 333 2602 et
356 2552 415 2603 Em.
437 2553 467 2600 in
490 2568 519 2602 se
540 2549 645 2604 lrabeat.
671 2554 713 2605 Or.
732 2569 754 2602 e.
780 2553 812 2601 D.
831 2567 845 2602 e
862 2549 943 2605 Codd.
968 2550 1020 2601 etsi
1033 2547 1109 2599 nitit
1128 2546 1204 2600 habet

130 2621 160 2669 in
177 2637 215 2670 se.

131 2736 268 2807 dignum),
285 2735 367 2787 scribe
382 2751 456 2804 quam
472 2735 595 2804 primum,
614 2752 648 2786 ne
681 2736 736 2787 fieri
752 2752 826 2805 posse
848 2735 891 2785 rix
908 2733 1022 2799 videtur,
1047 2731 1205 2801 geometriae

130 2803 281 2870 ignoremus.
297 2831 331 2843 -
364 2803 404 2853 De
425 2821 453 2852 re
477 2802 532 2870 ipse
550 2803 584 2853 ci.
601 2820 649 2853 nos
684 2821 777 2854 mustus
789 2802 917 2852 tuebatur.
966 2818 968 2823 ·

130 2871 190 2922 inl.
208 2871 233 2920 d.
251 2870 284 2919 de
305 2869 385 2919 Cicer.
403 2868 465 2936 phil.
481 2888 507 2937 p.
524 2874 565 2929 86.
733 2889 791 2922 cum
807 2868 924 2939 fortuna
937 2866 1016 2935 bella)
1043 2867 1204 2919 Conflictnn·

180 2938 237 2987 vivi
250 2937 405 3002 sentiamus)
424 2937 521 2987 Vocula
528 2937 586 2988 vivi
593 2953 650 2988 ma·
683 2938 743 2989 dum
753 2936 1086 2993 adbnceratcuml'ortune.
1106 2935 1202 2995 Neide.

130 3005 157 3054 le
174 3021 214 3054 me
231 3003 325 3062 habet;
348 3013 375 3053 et
394 3020 455 3053 sene
479 3004 551 3054 abest
574 3004 620 3055 illa
636 3021 652 3054 a
733 3008 795 3078 ipsa
814 3004 893 3072 ratio)
919 3006 952 3055 H.
968 3021 991 3054 e.
1015 3013 1169 3070 argumente
1192 3019 1206 3053 e

130 3069 338 3149 plerisqnelidd,
355 3070 594 3134 etiamernestieue,
607 3070 652 3121 sed
684 3091 725 3125 me
750 3073 831 3131 allata
853 3071 886 3122 ed
903 3070 1120 3123 contemnendam
1137 3087 1205 3122 mos*-

131 3137 244 3189 restitmt
261 3154 318 3187 eam
342 3137 475 3200 Davisius,
502 3141 650 3189 MSStorum
684 3152 745 3191 tem.
990 3148 995 3167 ‘¹

132 3204 285 3256 auctoritate
305 3204 383 3255 nisus
417 3208 456 3254 An
474 3205 650 3273 coniungenda
733 3209 858 3258 virtutem
871 3217 997 3286 tanquam
1005 3203 1100 3256 umbra
1115 3204 1205 3275 seqni-

132 3281 172 3321 est
188 3289 245 3321 cum
259 3270 333 3322 nihil
338 3272 352 3322 Ρ
375 3273 445 3339 quod
460 3282 529 3323 certe
544 3284 650 3323 senten·
683 3278 741 3341 sur)
771 3275 879 3325 Pulchre
901 3274 1005 3324 dictum.
1039 3272 1084 3323 stc
1110 3275 1207 3323 Senem

132 3339 193 3389 tiam
207 3339 360 3406 exprimeret
373 3339 514 3390 absurdum.
547 3338 651 3409 sequid
684 3346 849 3410 ep.79,11.
884 3341 983 3408 „gloria
996 3339 1087 3391 umbre
1106 3337 1207 3391 munds

131 3406 234 3458 tandem
257 3405 305 3456 sibi
327 3406 383 3459 vult
401 3409 459 3458 vivi
483 3408 650 3461 sentiamus?
684 3409 920 3473 estetimninvitos
934 3406 1129 3460 comitabitur.“
1145 3420 1207 3475 quse

131 3474 239 3524 Perinde
253 3473 324 3542 quasi
344 3474 420 3525 etiam
438 3475 532 3525 mortui
556 3475 650 3526 sentire
684 3486 741 3527 tote
756 3476 865 3545 epistola
879 3494 935 3527 cum
949 3485 1039 3527 nostro
1054 3475 1117 3526 loco
1135 3489 1207 3526 com·

131 3543 262 3608 possimus.
296 3542 420 3609 Equidem
429 3542 514 3604 credo,
526 3541 593 3594 benc
601 3560 651 3592 vo·
685 3554 777 3613 paratu
793 3543 940 3609 dignissima
953 3553 1001 3594 est.

132 3610 214 3658 culam
227 3610 354 3660 invectam
368 3626 423 3659 esse
444 3609 586 3674 alibius-io,
604 3628 652 3660 cu·
737 3612 796 3661 Can.
814 3613 908 3661 XLVI.
927 3615 986 3670 110.
1005 3610 1118 3678 Verum)
1149 3610 1207 3660 (lunt

46 3722 54 3745 ι
132 3676 170 3725 ius
194 3676 282 3726 oculus
309 3675 464 3727 aberraverit
496 3676 529 3728 ed
553 3694 652 3728 versum
685 3678 784 3729 Wolfio
800 3678 908 3728 Orellius
924 3688 984 3745 post
998 3695 1091 3728 verum
1110 3693 1208 3729 comme

132 3752 286 3808 sequentem.
328 3744 419 3810 Neque
435 3760 496 3795 vero
509 3745 652 3799 nosoffen-
685 3745 788 3825 posuit,
806 3754 835 3795 ut
847 3763 894 3814 pro
909 3744 1036 3797 adiectiro
1052 3754 1208 3796 sumeretur:

132 3808 193 3859 dere
210 3820 296 3877 potest
312 3811 498 3877 κακοφωνία.
525 3830 589 3880 quae
603 3812 652 3863 de·
685 3830 711 3862 m
728 3813 833 3862 eandem
842 3813 994 3863 sententiam
1009 3811 1130 3864 discessit
1145 3811 1209 3864 Nei-

132 3877 186 3926 lcto
203 3876 327 3927 vocabulo
350 3877 408 3927 vini
436 3878 542 3933 exsistit.
585 3881 652 3931 Nem
685 3880 750 3929 dius.
784 3882 929 3949 Perperem.
948 3881 1046 3932 Verum
1062 3889 1089 3930 et
1109 3895 1209 3932 verun-

131 3943 206 3994 hnins
226 3942 325 4010 generis
347 3946 463 4012 exempla
495 3964 525 3997 ex
550 3947 652 4015 optimis
685 3961 774 3999 tarnen
804 3947 960 4015 respondent
994 3964 1087 4014 graeco
1117 3948 1211 4000 ualeat

131 4011 271 4092 quibusque
283 4011 448 4079 scriptoribus
461 4014 537 4064 facile
551 4014 652 4066 excite·
687 4016 782 4082 probis:
794 4015 913 4082 jedocb),
932 4025 958 4064 et
972 4024 1115 4082 ponuntur,
1134 4028 1209 4083 quum

131 4097 154 4129 rr
169 4089 277 4147 possunt
293 4078 492 4140 innumerabilia.
686 4082 864 4133 antecedentis
877 4081 1057 4149 corrigereris.
1075 4084 1108 4133 V.
1118 4084 1210 4148 Zumpt

183 4148 242 4206 109.
259 4146 369 4198 virtutis
382 4148 548 4213 -mtmere)
584 4147 652 4198 tntra
684 4153 746 4201 nas.
763 4153 880 4201 Gramm.
899 4151 922 4218 §.
945 4153 987 4208 67.
1005 4152 1082 4200 dnm.
1129 4151 1210 4208 ,Ἠ

133 4215 159 4266 V.
179 4218 231 4279 39,
257 4219 317 4275 113.
335 4224 390 4267 tum
409 4214 479 4284 quod
502 4214 558 4267 sine
571 4215 651 4267 oculis
684 4218 945 4284 sententieexpressa
960 4216 1085 4268 cethaee:
1104 4167 1208 4277 iem.
