2640 4626
479 209 739 269 rametenses.
1103 214 1148 285 33

69 333 351 394 acuaturhonestae
368 333 553 411 voluntates,
573 330 707 393 actiones
718 333 874 411 omnisque
890 347 973 399 recta
987 342 1082 403 ratio:
1101 346 1145 409 ita

68 436 219 496 vitiositas
233 436 356 497 virtutis
367 434 553 495 contrarium
565 442 621 509 est,
642 453 680 493 ex
701 455 792 511 eaque
808 438 1003 500 concitantur
1019 452 1158 522 portura·

67 538 221 596 bationes:
251 558 344 617 quae,
377 536 519 613 quoniam
544 555 662 594 omnem
687 535 780 595 animi
802 541 1000 601 constantiam
1020 546 1147 626 tollunt,
1233 574 1236 579 ·

66 637 222 697 hominem
238 649 269 699 et
284 639 412 697 miseriis
429 638 578 715 affligunt,
600 647 630 694 et
647 636 836 699 deformitate
853 641 1025 720 inquinant.
1049 670 1073 708 c.
1091 652 1145 719 1&

68 740 118 806 16.
140 741 239 819 princ.
284 740 409 819 Sapiens
428 748 528 798 autem
543 740 569 798 is
586 748 640 812 est,
662 738 716 816 qui
734 741 937 804 moderatione
954 755 984 804 et
998 758 1142 811 constan-

65 842 110 900 tia
126 843 246 919 quietus
267 841 367 901 auimo
385 851 439 916 est,
462 840 580 919 sibique
594 839 659 918 ipse
672 841 820 918 placatus,
844 865 1005 924 omnesque
1021 870 1068 911 res
1079 828 1142 913 Ῑιιι-Ι
1203 848 1207 859 “

65 964 170 1002 marrae
185 943 342 1002 inferiores
356 926 392 1001 'se
407 942 530 1016 ducens,
552 942 657 1000 beatus
674 942 776 1018 igitur.
820 947 867 1004 Ex
883 947 920 1009 iis
940 949 1034 1026 igitur
1047 953 1141 1014 intel·

66 1044 185 1120 ligitur,
208 1045 385 1104 sententiam
396 1043 592 1122 prepositum,
615 1048 649 1101 ia
662 1048 827 1122 sapientem
831 1051 1076 1125 perturbationes
1085 1078 1141 1115 ca·
1204 1106 1208 1115 .

66 1147 134 1204 dere
146 1168 258 1225 posse,
280 1166 382 1205 secum
396 1165 540 1225 pugnare.
566 1146 594 1222 §.
615 1149 666 1213 36.
690 1149 788 1229 ⁰·.17·
812 1149 839 1225 §.
860 1152 911 1218 37.
927 1153 979 1218 38.

150 1248 180 1305 b.
204 1249 368 1324 Restitutio
394 1249 676 1326 Peripateticorum.
720 1246 910 1325 Peripatetici
930 1256 1139 1330 perturbatio-

62 1368 120 1406 nes
137 1368 201 1406 non
218 1348 308 1407 modo
323 1347 475 1408 naturales
492 1367 556 1406 esse
571 1346 720 1422 dicebant,
743 1348 900 1409 sedetiam
915 1340 1034 1415 utiliter
1049 1379 1067 1418 a
1081 1344 1139 1420 no*-

62 1460 133 1508 tma
152 1448 246 1525 datas,
267 1449 364 1527 iisque
380 1450 504 1509 modum
521 1447 736 1508 adhibendum.
770 1449 832 1510 Has
850 1455 1013 1516 sententias
1026 1457 1070 1518 ita
1087 1480 1140 1520 re-

62 1551 144 1609 futat
161 1551 275 1626 Cicero,
297 1560 333 1609 ut
347 1550 540 1625 demonstret,
559 1550 637 1610 vitio
653 1549 773 1610 nullmn
785 1551 990 1615 adhibendum
999 1578 1139 1621 essemo¹³

62 1651 154 1725 dum,
176 1672 262 1726 nam,
293 1652 430 1729 quamvis
453 1651 577 1710 modum
592 1663 693 1711 teneas
716 1652 750 1709 in
768 1657 1067 1735 perturbationibus,
1088 1672 1138 1722 ta-

61 1774 132 1812 men
149 1754 259 1812 vitium
278 1764 309 1812 te
335 1754 540 1828 committere,
563 1754 706 1830 quoniam
724 1755 836 1813 rationi
856 1777 919 1816 non
937 1779 1059 1837 pareas:
1081 1784 1137 1824 ne-

61 1875 121 1932 que
137 1855 201 1914 eius
218 1855 301 1955 modi
321 1856 467 1914 terminos
486 1855 631 1914 constitui
645 1875 750 1934 posse:
781 1857 911 1936 denique
929 1863 1137 1938 perturbatio·

28 1966 132 2033 tues,
153 1966 190 2015 ut
210 1966 376 2016 crescentes
400 1958 461 2015 sint
476 1956 679 2036 perniciosae,
708 1957 826 2019 easdem
851 1961 975 2021 vitiosas
999 1984 1061 2024 esse
1078 1986 1136 2025 na·
1242 2012 1244 2017 .

59 2067 186 2117 scentes.
218 2057 245 2133 §.
263 2062 319 2127 39.
342 2056 392 2125 40.
417 2080 441 2118 c.
466 2062 515 2126 18.
567 2057 681 2116 Deinde
703 2059 828 2136 exponit
850 2082 909 2138 qua
926 2066 1136 2141 perturbatio-

59 2180 136 2219 num
157 2161 320 2219 utilitatem
337 2159 503 2220 defendunt
520 2159 677 2218 rationem.
720 2160 833 2219 Dicunt
854 2162 998 2223 nimirum
1011 2187 1059 2225 eas
1074 2189 1137 2228 esse

59 2261 184 2320 ardores
201 2263 370 2321 animorum
387 2271 527 2340 cotesque
536 2261 698 2336 virtutum,
719 2270 755 2321 ut
769 2260 906 2325 homines
921 2264 957 2322 iis
973 2267 1135 2328 vehemen-

57 2363 133 2422 tiori
155 2364 289 2442 impetu,
322 2385 412 2442 quam
431 2363 495 2422 sola
510 2364 587 2423 duce
603 2363 731 2438 virtute,
754 2361 793 2420 ad
811 2366 982 2442 praeclaras
1003 2370 1136 2430 actiones

56 2465 242 2541 incitentur,
265 2462 304 2546 (c.
325 2469 374 2533 19.
397 2467 425 2543 §.
439 2462 490 2534 43.
507 2461 572 2544 44.)
596 2463 762 2523 defendunt
777 2473 876 2524 tamen
893 2487 941 2525 eas
954 2467 1007 2544 ita,
1029 2479 1064 2527 ut
1084 2492 1134 2530 re-

57 2567 204 2626 secandas
228 2588 290 2626 esse
305 2557 473 2642 fateantur,
496 2566 587 2627 evelli
606 2567 726 2645 penitus
744 2565 848 2624 dicant
873 2588 930 2626 nec
952 2589 1057 2646 posse,
1079 2593 1134 2630 nee

56 2688 136 2747 opus
158 2689 239 2744 esse,
262 2678 293 2728 et
311 2668 345 2726 in
364 2669 504 2728 omnibus
529 2670 592 2727 sere
608 2669 699 2728 rebus
720 2668 959 2730 mediocritatem
975 2691 1037 2730 esse
1051 2674 1133 2750 opti-

54 2791 148 2846 mam,
170 2771 350 2831 existiment.
372 2772 400 2848 §.
422 2768 473 2837 46.

143 2873 255 2930 Contra
272 2870 376 2931 haece
391 2873 492 2931 Tullio
508 2872 552 2930 ita
567 2871 735 2947 disseritur,
754 2881 792 2930 ut
809 2873 842 2952 a)
861 2872 994 2951 primum
1008 2874 1132 2953 Peripa-

55 2973 221 3032 teticorum
240 2973 354 3032 rationi
377 2985 515 3053 opponat
533 2973 704 3031 Stoicorum
723 2971 760 3032 de‘
778 2974 1006 3051 perturbatione
1023 2975 1132 3035 defini·

53 3074 187 3133 tionem:
209 3095 286 3152 quae
303 3075 345 3134 ita
362 3085 442 3134 certa
459 3075 528 3149 vel,
549 3083 586 3132 ut
604 3073 776 3133 Academici
792 3074 915 3149 dicunt,
937 3077 1004 3137 veri
1025 3077 1133 3138 similis

53 3177 105 3249 sit,
129 3185 165 3234 ut
178 3177 263 3235 nulla
278 3186 362 3253 egeat
370 3175 625 3236 demonstratione
635 3173 767 3257 (ἀξίωμα,
782 3174 996 3256 postulatum):
1016 3179 1133 3238 ecuius

54 3277 185 3354 singulis
198 3279 280 3337 notis
294 3278 394 3354 sequi,
417 3279 492 3337 salsa
506 3299 568 3338 esse
583 3298 635 3353 aa,
658 3297 733 3355 quae
747 3277 940 3356 Peripatetici
955 3279 992 3337 de
1006 3289 1131 3357 pertur-

52 3378 215 3437 bationum
229 3379 362 3438 utilitate
376 3380 488 3439 dicant.
511 3400 536 3439 c.
552 3382 604 3448 21.
623 3380 655 3456 ·§.
668 3376 719 3446 47.
754 3374 793 3458 β)
817 3380 895 3438 Tum
911 3379 1044 3456 singulas
1058 3400 1139 3458 per--

52 3479 246 3539 turbationes
260 3490 411 3555 recenset,
435 3480 634 3557 ostenditque,
657 3501 745 3557 quam
761 3479 866 3538 inanes
883 3480 946 3538 sint
962 3480 1072 3557 quibus
1083 3501 1132 3540 eos

51 3604 71 3639 a
97 3590 208 3639 natura
224 3582 341 3641 utiliter
366 3583 451 3642 datas
472 3602 533 3641 esse
559 3581 691 3658 probent
709 3580 850 3639 rationes.
893 3578 922 3661 a)
945 3582 1007 3641 Ira.
1031 3581 1057 3656 §.
1079 3579 1130 3650 48.

50 3683 202 3761 Exempla
219 3683 417 3759 bellatorum,
439 3684 657 3761 imperatorum
676 3681 864 3758 aliorumque
880 3680 1055 3756 hominum,
1078 3685 1131 3761 qui

51 3785 120 3844 sine
136 3784 184 3843 ira
201 3785 439 3850 luculentissima
455 3782 642 3844 fortitudinis
658 3785 838 3844 documenta
860 3782 989 3843 edidere.
1032 3785 1130 3861 Ratio,

51 3906 132 3966 quae
145 3886 241 3961 docet,
265 3888 499 3953 contemnendas
514 3904 577 3947 eree
586 3905 636 3959 res
648 3884 806 3961 humanas,
827 3885 1036 3963 negligendam
1044 3907 1129 3945 mor-

50 3998 125 4064 tem,
146 3989 289 4068 patibiles
304 3998 334 4048 et
351 3989 471 4048 dolores
488 3997 519 4047 et
537 3987 656 4048 labores
670 3986 832 4066 putandos,
854 3987 1064 4047 fortitudinem
1082 3988 1129 4046 af-

51 4091 214 4169 sert,‚n0n
236 4091 300 4165 iro,
330 4111 406 4169 quae
425 4090 544 4149 rabiosa
565 4089 709 4149 estrnisi
722 4089 814 4169 forte,
837 4109 913 4166 quae
927 4087 1128 4159 vehementer,

53 4192 182 4272 acriter,
204 4191 337 4254 animose
349 4191 447 4268 fiunt,
467 4191 613 4251 iracunde
631 4189 697 4255 fieri
715 4191 916 4270 suspicatum.
954 4212 985 4249 o.
1004 4193 1064 4254 u‘t.
1078 4191 1140 4251 ut.

911 4293 940 4360 b
