2640 4626
472 215 720 277 usserman
1061 209 1124 279 301

160 336 319 408 XXXIV.
366 334 478 433 Atque
507 334 627 409 borum
651 332 799 433 omnium
826 334 1026 411 libidinosos
1055 365 1128 412 esse

58 466 190 513 amores
205 438 364 512 videmus.
414 435 612 537 Philosophi
636 465 749 510 sumus
778 439 903 528 exorti,
927 447 975 534 (et
995 457 1129 515 auctore

59 541 196 643 quidem
218 556 333 613 nostro
354 538 508 627 Platone,
544 567 640 638 quem
664 568 734 613 non
759 539 881 615 iniuria
902 543 1127 617 Dicaearchus

60 646 218 738 accusat)
244 642 301 743 qui
318 642 420 715 amori
440 642 665 715 auctoritatem
681 640 909 718 tribueremus.
945 653 1002 726 72.
1021 646 1127 720 Stoici

59 775 139 820 vero
169 762 199 819 et
226 745 408 845 sapientem
441 754 624 817 amaturum
658 773 729 818 esse
758 745 889 821 dicunt:
916 764 948 820 et
981 777 1125 822 amorem

60 850 184 950 ipsum,
200 864 352 921 conatum
370 847 530 920 amicitiae
540 846 714 922 faciundae
731 877 770 921 ex
784 847 1041 948 pulchritudinis
1052 879 1127 952 spe-

61 951 112 1026 cie
135 950 302 1025 definiunt.
328 949 430 1050 quisi
449 950 523 1048 quis
539 966 588 1023 est
604 950 640 1023 in
654 978 763 1025 rerum
781 968 898 1024 natura
913 953 985 1026 sine
1005 953 1127 1027 sollici-

61 1054 188 1141 tudine,
207 1054 279 1126 sinc
294 1052 472 1136 desiderio,
490 1052 560 1125 sine
578 1081 664 1141 cura,
691 1053 761 1127 sine
778 1054 943 1154 suspiri03
969 1055 1013 1128 sit
1030 1084 1127 1130 sane:

62 1173 157 1231 vacat
169 1155 256 1228 enim
277 1154 368 1227 omni
386 1153 541 1227 libidine:
567 1155 648 1229 haec
668 1172 775 1229 autem
795 1157 836 1229 dc
861 1156 1000 1231 libidine
1020 1160 1126 1231 oratio

63 1276 121 1333 cst.
160 1259 212 1330 sin
228 1273 335 1329 antem
357 1272 406 1328 cst
423 1255 542 1355 aliquis
568 1285 677 1346 amor,
702 1274 739 1331 ut
761 1275 810 1331 est
837 1276 939 1346 certe,
965 1261 1022 1359 qui
1042 1261 1126 1335 nihil

63 1360 153 1435 absit
169 1377 224 1433 aut
242 1373 309 1432 nori
327 1357 464 1430 multum
482 1359 523 1430 ab
538 1360 676 1447 insania,
702 1359 808 1460 qualis
825 1361 859 1433 in
875 1362 1041 1437 Leucadia
1061 1380 1125 1438 cst:

105 1515 148 1529 —
169 1515 210 1527 -
233 1474 386 1559 Siquidem
405 1480 445 1540 sit
466 1481 622 1559 quisquam
643 1482 732 1560 deus,

107 1566 225 1640 Quoii⁷
247 1586 299 1643 ego
321 1567 378 1624 sim
399 1568 503 1624 curae!

63 1675 123 1745 73.
148 1665 194 1736 At
211 1664 247 1736 id
263 1681 331 1737 erat
348 1662 419 1736 deis
447 1663 600 1736 omuibus
624 1665 825 1755 curandum,
850 1669 1126 1766 quemadmodum

63 1767 120 1839 hic
135 1766 297 1839 frueretur
311 1764 475 1865 voluptate
492 1767 657 1839 amatoria.
744 1780 749 1785 '

107 1921 150 1934 -
167 1919 207 1932 -
229 1887 310 1947 Hei⁸
332 1908 380 1946 me
399 1887 563 1948 infelicem!

63 1985 158 2058 Nihil
180 1987 296 2058 verius.
346 1985 456 2075 Probe
478 2003 507 2060 ct
523 1985 595 2059 ille:

109 2109 246 2167 Sanun’9
269 2129 315 2182 es,
339 2109 391 2184 qui
410 2117 523 2167 temere
543 2109 730 2168 lamentare?

64 2205 125 2381 pic
143 2205 278 2360 ipnsanus
302 2205 431 2317 videtur
449 2207 547 2280 etiam
570 2207 647 2279 suis.
697 2207 742 2280 At
765 2235 846 2307 quas
870 2208 1056 2308 tragoedias
1083 2209 1149 2291 οἱ,

80 2324 151 2381 rcrt.
850 2321 851 2324 ’

136 2550 153 2605 7
169 2545 211 2597 sie
230 2547 272 2596 W.
291 2547 364 2614 prob.
379 2551 421 2596 Or.
441 2547 525 2613 Vulgo
543 2547 592 2597 cui.
645 2550 662 2604 8
678 2545 720 2597 Sic
735 2547 780 2597 W.
796 2576 828 2585 ·-
855 2552 974 2597 streete
995 2550 1038 2598 Or.
1060 2546 1128 2615 vulg.

67 2614 120 2665 lieu
136 2613 244 2664 reduxit.
279 2616 342 2676 „De
360 2614 411 2665 heu
426 2632 480 2678 me,
498 2614 542 2665 tei
556 2613 651 2664 nrilri.“
699 2615 775 2673 9Sic
789 2615 833 2665 W.
849 2632 897 2684 pro
913 2616 983 2682 v'ulg.
1006 2633 1130 2685 sanusne.

68 2758 174 2799 creonte
187 2746 250 2799 nihil
265 2747 362 2808 dicam;
385 2766 445 2800 nam
461 2748 513 2801 eius
526 2759 583 2800 tota
616 2749 697 2816 cipem
710 2748 795 2799 locum
810 2746 933 2800 obtinere.
951 2749 1017 2800 Hinc
1032 2767 1132 2818 quoque

68 2816 153 2885 poesis
169 2825 207 2865 est
221 2815 352 2865 amatoria.
615 2818 710 2866 sactum
727 2826 780 2878 est,
798 2827 827 2866 ut
842 2817 940 2867 divinus
954 2817 1028 2869 Plato
1041 2834 1132 2887 purum

119 2884 179 2937 Cau.
204 2884 332 2933 XXXIV.
356 2883 480 2951 Platone)
509 2883 583 2934 Plato
616 2902 646 2934 ac
668 2878 784 2951 ¹sanctum
811 2902 945 2951 puerorum
972 2901 1082 2937 amorem
1105 2885 1132 2934 in

67 2950 195 3001 duslicem
209 2951 320 3017 ponebat
338 2967 462 3013 amorem,
478 2950 583 3001 alterum
617 2951 715 3017 scriptis
737 2950 789 3001 suis
812 2950 916 3002 mirifice
940 2952 1131 3030 amplexaretur.

67 3037 84 3069 v
112 3036 207 3084 gesem,
223 3035 296 3084 quem
313 3016 367 3085 ipse
382 3018 519 3081 rciioiebat,
543 3019 583 3068 al·
616 3018 696 3068 Stoici
718 3036 827 3068 amorem
852 3018 889 3069 ita
912 3019 1082 3084 deliniebant,
1104 3029 1133 3069 ut

67 3097 154 3149 terum
165 3084 278 3136 sanctum
293 3102 426 3151 acpurum,
442 3087 510 3153 quin
523 3086 584 3155 pul-
617 3103 687 3136 amor
702 3094 768 3135 essct
785 3084 895 3136 studium
918 3086 1058 3137 amicitiae:
1083 3086 1134 3137 hoc

68 3154 187 3204 clarorum
196 3169 329 3219 corporum
346 3152 454 3202 virilium
468 3163 584 3204 contem·
617 3163 702 3202 autern
715 3152 824 3203 studium
841 3153 900 3203 on'n'
914 3171 945 3203 ex
965 3154 1135 3222 pulchritudi-

67 3220 184 3290 platione
194 3221 324 3287 profectus
333 3219 365 3269 ad
372 3221 584 3287 pulchritudinem
617 3220 656 3270 nis
665 3220 756 3288 specie.
775 3224 843 3271 Zeno
853 3220 927 3284 enim,
938 3232 1042 3273 anctore
1050 3222 1134 3272 Athe-

67 3287 147 3339 animi
157 3287 300 3338 adscendet.
333 3289 439 3354 Egregie
459 3306 489 3338 ac
510 3290 585 3356 plane
617 3305 682 3339 naeo
705 3288 777 3349 XIII,
810 3307 835 3355 p.
862 3294 929 3351 561„
958 3290 1061 3340 dicebat
1086 3290 1136 3343 τὸν

68 3356 156 3406 divine
176 3355 218 3406 hic
243 3355 275 3404 de
294 3371 380 3405 amore
396 3356 467 3406 locus
482 3366 585 3423 pertra-
610 3353 891 3423 Ἐρωταθεὸνεῖναι,
902 3355 1136 3421 φιλίαςκαῑέλεν·

69 3433 155 3474 ctatus
169 3434 207 3473 est
220 3441 236 3473 a
245 3423 352 3473 Platone
366 3423 393 3473 io
405 3441 481 3474 aureo
495 3423 584 3473 illoli-
617 3423 725 3489 θερίας,
741 3421 780 3475 ἔτι
795 3420 824 3475 δὲ
837 3423 883 3475 nul
898 3423 1031 3488 ὁμονοίας
1045 3441 1134 3490 παρα·
1151 3462 1155 3468 .

67 3490 156 3552 bello,
187 3491 230 3558 qni
254 3490 410 3557 symposium
432 3490 598 3561 inscribitur.x
616 3489 803 3554 oeconomis,
820 3487 904 3543 nilion
919 3487 945 3543 δ’
962 3488 1085 3551 οὐδενός.

67 3563 150 3626 Saepe
165 3576 224 3608 vero
246 3557 309 3608 haec
324 3558 438 3608 Platonis
460 3559 583 3618 doctrina,
674 3609 679 3618 ,
823 3608 827 3619 ,
1051 3606 1082 3618 ,,

68 3643 188 3694 perverse
203 3626 351 3687 intellecta,
373 3626 401 3675 in
413 3626 506 3676 malam
523 3645 585 3694 par-
667 3626 697 3658 ιη
709 3607 853 3674 Leucad‘al
865 3607 975 3687 TUIP'ln,
994 3624 1082 3657 ⁰⁰¹¹¹¹⁰¹
1096 3606 1138 3686 fa-

67 3704 123 3745 »ιω
138 3693 242 3743 detorta
258 3703 304 3744 est.
620 3675 695 3737 bula,
720 3694 794 3743 quam
822 3694 853 3725 ex
875 3674 988 3725 Alendus
1008 3674 1138 3724 Leucadia

120 3766 162 3819 ῃ,
187 3763 334 3829 mpiemem
359 3773 506 3811 mmmm
531 3778 588 3810 esse
621 3743 712 3805 vertit,
732 3744 871 3794 utimonet
887 3742 1002 3793 Davisius
1019 3743 1052 3792 ad
1068 3742 1094 3792 h.
1109 3744 1136 3803 l.,

69 3829 175 3894 dicunt)
205 3832 237 3881 V.
262 3829 586 3896 Diog.Leert.VIL129‚
621 3810 1137 3877 adpartesvocatoeasaubonoadnthe-
1194 3878 1195 3883 1

67 3896 222 3948 Stoicienim
232 3896 356 3958 (licebant,
372 3897 510 3964 sapientem
518 3913 590 3946 ama·
621 3895 719 3928 uacum·
734 3880 778 3940 mr
796 3884 835 3938 15·

68 3974 154 4015 turum
178 3981 232 4015 esse
257 3963 387 4016 erectioris
411 3964 505 4015 indolis
523 3963 588 4013 ado-

68 4034 210 4092 lescentes,
233 4033 276 4100 qui
298 4031 352 4099 apti
364 4042 391 4083 et
404 4031 490 4084 idonei
505 4041 589 4081 essent
672 3996 819 4064 Siquidem)
833 4000 882 4047 Hrc
898 4004 1065 4067 ctsequentes
1078 4011 1137 4045 rer-

67 4100 103 4150 ad
119 4099 308 4168 percipiendam
328 4098 456 4150 virtutem.
480 4098 588 4151 Omnino
622 4080 663 4113 sus
676 4075 734 4114 sont
750 4065 882 4149 trochaici.

67 4167 206 4218 tenendum
222 4177 276 4227 est,
298 4165 324 4217 in
339 4184 487 4233 graecorum
501 4166 589 4233 philo·
670 4168 712 4223 73.
728 4166 885 4236 tragoedias
902 4163 998 4234 efficit)
1011 4165 1043 4216 V.
1055 4165 1138 4216 Erne-

67 4235 207 4303 sopborum
220 4233 359 4302 disciplinis
366 4234 502 4287 auctuum
516 4233 588 4302 prin·
621 4233 663 4286 sti.
684 4222 754 4285 clas.
772 4253 792 4285 s.
810 4251 834 4285 v.
856 4234 1019 4304 tragoediae.
