<?xml version="1.0" encoding="UTF-8"?>
<!DOCTYPE html PUBLIC "-//W3C//DTD XHTML 1.0 Transitional//EN"
    "http://www.w3.org/TR/xhtml1/DTD/xhtml1-transitional.dtd">
<html xmlns="http://www.w3.org/1999/xhtml" xml:lang="en" lang="en">
 <head>
  <title>
</title>
<meta http-equiv="Content-Type" content="text/html;charset=utf-8" />
  <meta name='ocr-system' content='tesseract 3.04.00' />
  <meta name='ocr-capabilities' content='ocr_page ocr_carea ocr_par ocr_line ocrx_word'/>
</head>
<body>
  <div class='ocr_page' id='page_1' title='image "./mtulliiciceroni18cicegoog_0070.png"; bbox 0 0 2640 4626; ppageno 0'>
   <div class='ocr_carea' id='block_1_1' title="bbox 487 202 1135 285">
    <p class='ocr_par' dir='ltr' id='par_1_1' title="bbox 487 202 1135 285">
     <span class='ocr_line' id='line_1_1' title="bbox 487 202 1135 285; baseline -0.003 -30"><span class='ocrx_word' id='word_1_1' title='bbox 487 202 617 255; x_wconf 82' lang='lat' dir='ltr'><strong>nrnnn</strong></span> <span class='ocrx_word' id='word_1_2' title='bbox 634 203 700 285; x_wconf 63' lang='lat' dir='ltr'><strong>aa.</strong></span> <span class='ocrx_word' id='word_1_3' title='bbox 1089 207 1135 276; x_wconf 75' lang='lat'><strong>49</strong></span> 
     </span>
    </p>
   </div>
   <div class='ocr_carea' id='block_1_2' title="bbox 55 318 1205 1451">
    <p class='ocr_par' dir='ltr' id='par_1_2' title="bbox 55 318 1205 1451">
     <span class='ocr_line' id='line_1_2' title="bbox 56 318 1133 430; baseline 0.011 -36"><span class='ocrx_word' id='word_1_4' title='bbox 56 320 114 398; x_wconf 91' lang='lat' dir='ltr'><strong>ille</strong></span> <span class='ocrx_word' id='word_1_5' title='bbox 128 320 164 395; x_wconf 92' lang='lat' dir='ltr'><strong>in</strong></span> <span class='ocrx_word' id='word_1_6' title='bbox 180 321 363 410; x_wconf 82' lang='lat' dir='ltr'><strong>Aetoliam,</strong></span> <span class='ocrx_word' id='word_1_7' title='bbox 389 337 425 395; x_wconf 88' lang='lat' dir='ltr'><strong>ut</strong></span> <span class='ocrx_word' id='word_1_8' title='bbox 439 321 579 410; x_wconf 86' lang='lat' dir='ltr'><strong>seimus,</strong></span> <span class='ocrx_word' id='word_1_9' title='bbox 602 318 758 394; x_wconf 89' lang='lat' dir='ltr'><strong>Ennium.</strong></span> <span class='ocrx_word' id='word_1_10' title='bbox 808 320 888 421; x_wconf 85' lang='lat' dir='ltr'><strong>Quo</strong></span> <span class='ocrx_word' id='word_1_11' title='bbox 903 325 1014 403; x_wconf 88' lang='lat' dir='ltr'><strong>miuus</strong></span> <span class='ocrx_word' id='word_1_12' title='bbox 1031 328 1133 430; x_wconf 76' lang='lat' dir='ltr'><strong>igitur</strong></span> 
     </span>
     <span class='ocr_line' id='line_1_3' title="bbox 56 418 1132 526; baseline 0.01 -29"><span class='ocrx_word' id='word_1_13' title='bbox 56 424 200 497; x_wconf 87' lang='lat' dir='ltr'><strong>honoris</strong></span> <span class='ocrx_word' id='word_1_14' title='bbox 215 441 285 498; x_wconf 89' lang='lat' dir='ltr'><strong>erat</strong></span> <span class='ocrx_word' id='word_1_15' title='bbox 296 424 417 525; x_wconf 88' lang='lat' dir='ltr'><strong>poetis,</strong></span> <span class='ocrx_word' id='word_1_16' title='bbox 440 453 481 497; x_wconf 85' lang='lat' dir='ltr'><strong>oo</strong></span> <span class='ocrx_word' id='word_1_17' title='bbox 496 423 627 496; x_wconf 91' lang='lat' dir='ltr'><strong>minora</strong></span> <span class='ocrx_word' id='word_1_18' title='bbox 639 418 750 495; x_wconf 83' lang='lat' dir='ltr'><strong>studia</strong></span> <span class='ocrx_word' id='word_1_19' title='bbox 764 421 913 501; x_wconf 83' lang='lat' dir='ltr'><strong>suerunt:</strong></span> <span class='ocrx_word' id='word_1_20' title='bbox 938 457 999 504; x_wconf 87' lang='lat' dir='ltr'><strong>nec</strong></span> <span class='ocrx_word' id='word_1_21' title='bbox 1012 422 1132 526; x_wconf 86' lang='lat' dir='ltr'><strong>tamen,</strong></span> 
     </span>
     <span class='ocr_line' id='line_1_4' title="bbox 57 522 1205 626; baseline 0.01 -27"><span class='ocrx_word' id='word_1_22' title='bbox 57 527 87 599; x_wconf 91' lang='lat' dir='ltr'><strong>si</strong></span> <span class='ocrx_word' id='word_1_23' title='bbox 103 526 163 626; x_wconf 89' lang='lat' dir='ltr'><strong>qni</strong></span> <span class='ocrx_word' id='word_1_24' title='bbox 178 525 309 625; x_wconf 83' lang='lat' dir='ltr'><strong>magnis</strong></span> <span class='ocrx_word' id='word_1_25' title='bbox 324 525 468 624; x_wconf 83' lang='lat' dir='ltr'><strong>ingeniis</strong></span> <span class='ocrx_word' id='word_1_26' title='bbox 484 525 520 598; x_wconf 91' lang='lat' dir='ltr'><strong>in</strong></span> <span class='ocrx_word' id='word_1_27' title='bbox 535 553 575 598; x_wconf 87' lang='lat' dir='ltr'><strong>eo</strong></span> <span class='ocrx_word' id='word_1_28' title='bbox 592 551 712 623; x_wconf 79' lang='lat' dir='ltr'><strong>genere</strong></span> <span class='ocrx_word' id='word_1_29' title='bbox 730 524 940 617; x_wconf 87' lang='lat' dir='ltr'><strong>exstiterunt,</strong></span> <span class='ocrx_word' id='word_1_30' title='bbox 965 561 1033 606; x_wconf 88' lang='lat' dir='ltr'><strong>non</strong></span> <span class='ocrx_word' id='word_1_31' title='bbox 1050 537 1131 612; x_wconf 90' lang='lat' dir='ltr'><strong>satis</strong></span> <span class='ocrx_word' id='word_1_32' title='bbox 1198 522 1205 529; x_wconf 89' lang='lat'><strong>.</strong></span> 
     </span>
     <span class='ocr_line' id='line_1_5' title="bbox 57 627 1131 729; baseline 0.009 -27"><span class='ocrx_word' id='word_1_33' title='bbox 57 629 264 702; x_wconf 89' lang='lat' dir='ltr'><strong>Graecorum</strong></span> <span class='ocrx_word' id='word_1_34' title='bbox 276 627 402 726; x_wconf 82' lang='lat' dir='ltr'><strong>gloriae</strong></span> <span class='ocrx_word' id='word_1_35' title='bbox 417 628 669 729; x_wconf 86' lang='lat' dir='ltr'><strong>responderunt</strong></span> <span class='ocrx_word' id='word_1_36' title='bbox 702 632 734 705; x_wconf 76' lang='lat' dir='ltr'><strong>ll.</strong></span> <span class='ocrx_word' id='word_1_37' title='bbox 759 656 800 700; x_wconf 92' lang='lat' dir='ltr'><strong>an</strong></span> <span class='ocrx_word' id='word_1_38' title='bbox 816 658 998 723; x_wconf 82' lang='lat' dir='ltr'><strong>censemus,</strong></span> <span class='ocrx_word' id='word_1_39' title='bbox 1023 637 1053 708; x_wconf 90' lang='lat' dir='ltr'><strong>si</strong></span> <span class='ocrx_word' id='word_1_40' title='bbox 1067 638 1131 712; x_wconf 83' lang='lat' dir='ltr'><strong>Fa-</strong></span> 
     </span>
     <span class='ocr_line' id='line_1_6' title="bbox 55 727 1131 837; baseline 0.008 -34"><span class='ocrx_word' id='word_1_41' title='bbox 55 731 127 820; x_wconf 93' lang='lat' dir='ltr'><strong>bio,</strong></span> <span class='ocrx_word' id='word_1_42' title='bbox 144 730 354 807; x_wconf 88' lang='lat' dir='ltr'><strong>nobilissimo</strong></span> <span class='ocrx_word' id='word_1_43' title='bbox 371 730 510 818; x_wconf 90' lang='lat' dir='ltr'><strong>homini,</strong></span> <span class='ocrx_word' id='word_1_44' title='bbox 526 727 617 819; x_wconf 89' lang='lat' dir='ltr'><strong>laudi</strong></span> <span class='ocrx_word' id='word_1_45' title='bbox 627 728 740 803; x_wconf 89' lang='lat' dir='ltr'><strong>datum</strong></span> <span class='ocrx_word' id='word_1_46' title='bbox 752 748 846 820; x_wconf 89' lang='lat' dir='ltr'><strong>esset,</strong></span> <span class='ocrx_word' id='word_1_47' title='bbox 861 734 952 832; x_wconf 91' lang='lat' dir='ltr'><strong>quod</strong></span> <span class='ocrx_word' id='word_1_48' title='bbox 969 737 1131 837; x_wconf 82' lang='lat' dir='ltr'>pingeret,</span> 
     </span>
     <span class='ocr_line' id='line_1_7' title="bbox 56 831 1132 935; baseline 0.008 -29"><span class='ocrx_word' id='word_1_49' title='bbox 56 862 128 906; x_wconf 89' lang='lat' dir='ltr'><strong>non</strong></span> <span class='ocrx_word' id='word_1_50' title='bbox 145 833 267 906; x_wconf 90' lang='lat' dir='ltr'><strong>multos</strong></span> <span class='ocrx_word' id='word_1_51' title='bbox 285 833 384 906; x_wconf 90' lang='lat' dir='ltr'><strong>etiam</strong></span> <span class='ocrx_word' id='word_1_52' title='bbox 402 831 493 933; x_wconf 89' lang='lat' dir='ltr'><strong>apud</strong></span> <span class='ocrx_word' id='word_1_53' title='bbox 510 859 573 904; x_wconf 89' lang='lat' dir='ltr'><strong>nos</strong></span> <span class='ocrx_word' id='word_1_54' title='bbox 593 831 723 903; x_wconf 87' lang='lat' dir='ltr'><strong>futuros</strong></span> <span class='ocrx_word' id='word_1_55' title='bbox 739 831 927 935; x_wconf 85' lang='lat' dir='ltr'><strong>Polycletos</strong></span> <span class='ocrx_word' id='word_1_56' title='bbox 944 854 975 910; x_wconf 90' lang='lat' dir='ltr'><strong>et</strong></span> <span class='ocrx_word' id='word_1_57' title='bbox 989 840 1132 916; x_wconf 87' lang='lat' dir='ltr'><strong>Parrba-</strong></span> 
     </span>
     <span class='ocr_line' id='line_1_8' title="bbox 56 932 1126 1034; baseline 0.007 -26"><span class='ocrx_word' id='word_1_58' title='bbox 56 936 127 1008; x_wconf 87' lang='lat' dir='ltr'><strong>sios</strong></span> <span class='ocrx_word' id='word_1_59' title='bbox 155 934 283 1009; x_wconf 84' lang='lat' dir='ltr'><strong>fuisse?</strong></span> <span class='ocrx_word' id='word_1_60' title='bbox 329 937 446 1008; x_wconf 88' lang='lat' dir='ltr'><strong>Honos</strong></span> <span class='ocrx_word' id='word_1_61' title='bbox 467 932 525 1007; x_wconf 89' lang='lat' dir='ltr'><strong>alit</strong></span> <span class='ocrx_word' id='word_1_62' title='bbox 544 933 641 1021; x_wconf 80' lang='lat' dir='ltr'><strong>artis,</strong></span> <span class='ocrx_word' id='word_1_63' title='bbox 675 962 854 1034; x_wconf 88' lang='lat' dir='ltr'><strong>omnesque</strong></span> <span class='ocrx_word' id='word_1_64' title='bbox 879 937 1126 1016; x_wconf 83' lang='lat' dir='ltr'><strong>incendimur⁴</strong></span> 
     </span>
     <span class='ocr_line' id='line_1_9' title="bbox 58 1035 1130 1144; baseline -0.002 -34"><span class='ocrx_word' id='word_1_65' title='bbox 58 1039 101 1110; x_wconf 90' lang='lat' dir='ltr'><strong>ad</strong></span> <span class='ocrx_word' id='word_1_66' title='bbox 120 1036 231 1109; x_wconf 89' lang='lat' dir='ltr'><strong>studia</strong></span> <span class='ocrx_word' id='word_1_67' title='bbox 246 1035 369 1134; x_wconf 83' lang='lat' dir='ltr'><strong>gloria;</strong></span> <span class='ocrx_word' id='word_1_68' title='bbox 395 1037 567 1135; x_wconf 88' lang='lat' dir='ltr'><strong>iacentque</strong></span> <span class='ocrx_word' id='word_1_69' title='bbox 588 1064 627 1109; x_wconf 89' lang='lat' dir='ltr'><strong>ea</strong></span> <span class='ocrx_word' id='word_1_70' title='bbox 645 1063 793 1135; x_wconf 84' lang='lat' dir='ltr'><strong>semper,</strong></span> <span class='ocrx_word' id='word_1_71' title='bbox 819 1067 901 1138; x_wconf 88' lang='lat' dir='ltr'><strong>quae</strong></span> <span class='ocrx_word' id='word_1_72' title='bbox 922 1044 1012 1140; x_wconf 88' lang='lat' dir='ltr'><strong>apud</strong></span> <span class='ocrx_word' id='word_1_73' title='bbox 1029 1073 1130 1144; x_wconf 78' lang='lat' dir='ltr'><strong>quos.</strong></span> 
     </span>
     <span class='ocr_line' id='line_1_10' title="bbox 57 1136 1129 1242; baseline 0.009 -29"><span class='ocrx_word' id='word_1_74' title='bbox 57 1169 123 1240; x_wconf 67' lang='lat' dir='ltr'><strong>(lue</strong></span> <span class='ocrx_word' id='word_1_75' title='bbox 148 1139 389 1242; x_wconf 71' lang='lat' dir='ltr'><strong>improbantem.</strong></span> <span class='ocrx_word' id='word_1_76' title='bbox 445 1139 617 1211; x_wconf 88' lang='lat' dir='ltr'><strong>Summam</strong></span> <span class='ocrx_word' id='word_1_77' title='bbox 643 1138 864 1215; x_wconf 89' lang='lat' dir='ltr'><strong>eruditionem</strong></span> <span class='ocrx_word' id='word_1_78' title='bbox 885 1136 1006 1217; x_wconf 90' lang='lat' dir='ltr'><strong>Graeci</strong></span> <span class='ocrx_word' id='word_1_79' title='bbox 1032 1147 1129 1222; x_wconf 86' lang='lat' dir='ltr'><strong>sitam</strong></span> 
     </span>
     <span class='ocr_line' id='line_1_11' title="bbox 57 1240 1129 1350; baseline -0.002 -36"><span class='ocrx_word' id='word_1_80' title='bbox 57 1241 238 1314; x_wconf 75' lang='lat' dir='ltr'><strong>censebant</strong></span> <span class='ocrx_word' id='word_1_81' title='bbox 252 1241 286 1313; x_wconf 89' lang='lat' dir='ltr'><strong>in</strong></span> <span class='ocrx_word' id='word_1_82' title='bbox 301 1269 476 1314; x_wconf 87' lang='lat' dir='ltr'><strong>nervorum</strong></span> <span class='ocrx_word' id='word_1_83' title='bbox 490 1267 673 1338; x_wconf 91' lang='lat' dir='ltr'><strong>vocumque</strong></span> <span class='ocrx_word' id='word_1_84' title='bbox 692 1240 852 1314; x_wconf 87' lang='lat' dir='ltr'><strong>cantibus.</strong></span> <span class='ocrx_word' id='word_1_85' title='bbox 885 1244 986 1341; x_wconf 84' lang='lat' dir='ltr'><strong>igitur</strong></span> <span class='ocrx_word' id='word_1_86' title='bbox 1001 1265 1032 1320; x_wconf 90' lang='lat' dir='ltr'><strong>et</strong></span> <span class='ocrx_word' id='word_1_87' title='bbox 1040 1250 1129 1350; x_wconf 85' lang='lat' dir='ltr'><strong>Epa.</strong></span> 
     </span>
     <span class='ocr_line' id='line_1_12' title="bbox 56 1342 1129 1451; baseline -0.003 -34"><span class='ocrx_word' id='word_1_88' title='bbox 56 1344 246 1432; x_wconf 90' lang='lat' dir='ltr'><strong>minondas,</strong></span> <span class='ocrx_word' id='word_1_89' title='bbox 270 1344 437 1445; x_wconf 89' lang='lat' dir='ltr'><strong>princeps,</strong></span> <span class='ocrx_word' id='word_1_90' title='bbox 456 1342 684 1430; x_wconf 84' lang='lat' dir='ltr'><strong>meoiudicio,</strong></span> <span class='ocrx_word' id='word_1_91' title='bbox 706 1342 875 1433; x_wconf 86' lang='lat' dir='ltr'><strong>Graeciae,</strong></span> <span class='ocrx_word' id='word_1_92' title='bbox 894 1346 1017 1421; x_wconf 88' lang='lat' dir='ltr'><strong>fidibus</strong></span> <span class='ocrx_word' id='word_1_93' title='bbox 1034 1378 1129 1451; x_wconf 76' lang='lat' dir='ltr'><strong>prae.</strong></span> 
     </span>
    </p>
   </div>
   <div class='ocr_carea' id='block_1_3' title="bbox 56 1488 1129 1732">
    <p class='ocr_par' dir='ltr' id='par_1_3' title="bbox 56 1488 1129 1732">
     <span class='ocr_line' id='line_1_13' title="bbox 123 1488 1129 1603; baseline 0.009 -24"><span class='ocrx_word' id='word_1_94' title='bbox 123 1531 142 1589; x_wconf 71' lang='grc'>4</span> <span class='ocrx_word' id='word_1_95' title='bbox 163 1529 205 1580; x_wconf 85' lang='lat' dir='ltr'><strong>Sic</strong></span> <span class='ocrx_word' id='word_1_96' title='bbox 220 1528 301 1581; x_wconf 88' lang='lat' dir='ltr'><strong>Codd.</strong></span> <span class='ocrx_word' id='word_1_97' title='bbox 317 1529 396 1597; x_wconf 83' lang='lat' dir='ltr'><strong>aliqui</strong></span> <span class='ocrx_word' id='word_1_98' title='bbox 411 1539 438 1580; x_wconf 89' lang='lat' dir='ltr'><strong>et</strong></span> <span class='ocrx_word' id='word_1_99' title='bbox 453 1488 498 1580; x_wconf 88' lang='lat' dir='ltr'><strong>Ed.</strong></span> <span class='ocrx_word' id='word_1_100' title='bbox 514 1529 582 1581; x_wconf 87' lang='lat' dir='ltr'><strong>Lall.</strong></span> <span class='ocrx_word' id='word_1_101' title='bbox 600 1556 634 1567; x_wconf 90' lang='lat'>-</span> <span class='ocrx_word' id='word_1_102' title='bbox 664 1528 747 1578; x_wconf 90' lang='lat' dir='ltr'><strong>-Orelli</strong></span> <span class='ocrx_word' id='word_1_103' title='bbox 763 1529 830 1596; x_wconf 85' lang='lat' dir='ltr'><strong>vulg.</strong></span> <span class='ocrx_word' id='word_1_104' title='bbox 851 1531 1042 1598; x_wconf 80' lang='lat' dir='ltr'><strong>incenduntur,</strong></span> <span class='ocrx_word' id='word_1_105' title='bbox 1060 1538 1129 1603; x_wconf 90' lang='lat' dir='ltr'><strong>quod</strong></span> 
     </span>
     <span class='ocr_line' id='line_1_14' title="bbox 58 1596 1129 1665; baseline 0.007 -17"><span class='ocrx_word' id='word_1_106' title='bbox 58 1597 405 1664; x_wconf 85' lang='lat' dir='ltr'><strong>etiamCod.Reg.l1abet,</strong></span> <span class='ocrx_word' id='word_1_107' title='bbox 429 1607 499 1647; x_wconf 83' lang='lat' dir='ltr'><strong>recta</strong></span> <span class='ocrx_word' id='word_1_108' title='bbox 515 1596 635 1659; x_wconf 89' lang='lat' dir='ltr'><strong>retinnit,</strong></span> <span class='ocrx_word' id='word_1_109' title='bbox 660 1596 720 1646; x_wconf 90' lang='lat' dir='ltr'><strong>coll.</strong></span> <span class='ocrx_word' id='word_1_110' title='bbox 735 1597 876 1663; x_wconf 82' lang='lat' dir='ltr'><strong>Augustino</strong></span> <span class='ocrx_word' id='word_1_111' title='bbox 892 1601 920 1650; x_wconf 88' lang='lat' dir='ltr'><strong>C.</strong></span> <span class='ocrx_word' id='word_1_112' title='bbox 938 1602 969 1652; x_wconf 90' lang='lat' dir='ltr'><strong>D.</strong></span> <span class='ocrx_word' id='word_1_113' title='bbox 987 1603 1025 1665; x_wconf 89' lang='lat' dir='ltr'><strong>V,</strong></span> <span class='ocrx_word' id='word_1_114' title='bbox 1045 1608 1084 1661; x_wconf 83' lang='lat'><strong>13.</strong></span> <span class='ocrx_word' id='word_1_115' title='bbox 1102 1616 1129 1656; x_wconf 89' lang='lat' dir='ltr'><strong>et</strong></span> 
     </span>
     <span class='ocr_line' id='line_1_15' title="bbox 56 1665 1113 1732; baseline -0.006 -15"><span class='ocrx_word' id='word_1_116' title='bbox 56 1666 134 1717; x_wconf 86' lang='lat' dir='ltr'><strong>Tnac.</strong></span> <span class='ocrx_word' id='word_1_117' title='bbox 150 1665 194 1716; x_wconf 89' lang='lat' dir='ltr'><strong>IV.</strong></span> <span class='ocrx_word' id='word_1_118' title='bbox 210 1668 242 1729; x_wconf 83' lang='lat'><strong>6,</strong></span> <span class='ocrx_word' id='word_1_119' title='bbox 261 1671 302 1725; x_wconf 77' lang='grc'><strong>12.</strong></span> <span class='ocrx_word' id='word_1_120' title='bbox 320 1677 418 1716; x_wconf 78' lang='lat' dir='ltr'><strong>natura</strong></span> <span class='ocrx_word' id='word_1_121' title='bbox 436 1666 506 1715; x_wconf 81' lang='lat' dir='ltr'><strong>enim</strong></span> <span class='ocrx_word' id='word_1_122' title='bbox 522 1682 610 1717; x_wconf 80' lang='lat' dir='ltr'><strong>ontnes</strong></span> <span class='ocrx_word' id='word_1_123' title='bbox 626 1676 776 1732; x_wconf 75' lang='lat' dir='ltr'><strong>sequuntur.</strong></span> <span class='ocrx_word' id='word_1_124' title='bbox 1110 1676 1113 1683; x_wconf 89' lang='grc'><strong>“</strong></span> 
     </span>
    </p>
   </div>
   <div class='ocr_carea' id='block_1_4' title="bbox 52 1775 1206 4277">
    <p class='ocr_par' dir='ltr' id='par_1_4' title="bbox 52 1775 1206 4277">
     <span class='ocr_line' id='line_1_16' title="bbox 55 1775 1126 1855; baseline 0.003 -23"><span class='ocrx_word' id='word_1_125' title='bbox 55 1781 204 1850; x_wconf 79' lang='lat' dir='ltr'><strong>saepissime</strong></span> <span class='ocrx_word' id='word_1_126' title='bbox 224 1782 275 1832; x_wconf 88' lang='lat' dir='ltr'><strong>vim</strong></span> <span class='ocrx_word' id='word_1_127' title='bbox 291 1781 385 1832; x_wconf 90' lang='lat' dir='ltr'><strong>habere</strong></span> <span class='ocrx_word' id='word_1_128' title='bbox 402 1783 501 1833; x_wconf 86' lang='lat' dir='ltr'><strong>videtur</strong></span> <span class='ocrx_word' id='word_1_129' title='bbox 515 1799 579 1849; x_wconf 89' lang='lat' dir='ltr'><strong>par-</strong></span> <span class='ocrx_word' id='word_1_130' title='bbox 610 1797 669 1833; x_wconf 88' lang='lat' dir='ltr'><strong>men</strong></span> <span class='ocrx_word' id='word_1_131' title='bbox 709 1775 780 1830; x_wconf 61' lang='lat' dir='ltr'><strong>lures&#39;</strong></span> <span class='ocrx_word' id='word_1_132' title='bbox 796 1783 950 1850; x_wconf 85' lang='lat' dir='ltr'><strong>Interpretes</strong></span> <span class='ocrx_word' id='word_1_133' title='bbox 977 1785 1010 1853; x_wconf 87' lang='lat' dir='ltr'><strong>(v.</strong></span> <span class='ocrx_word' id='word_1_134' title='bbox 1027 1787 1059 1840; x_wconf 86' lang='lat' dir='ltr'><strong>V.</strong></span> <span class='ocrx_word' id='word_1_135' title='bbox 1075 1786 1126 1855; x_wconf 67' lang='lat' dir='ltr'><strong>Ia),</strong></span> 
     </span>
     <span class='ocr_line' id='line_1_17' title="bbox 56 1799 1127 1919; baseline 0.007 -20"><span class='ocrx_word' id='word_1_136' title='bbox 56 1850 151 1900; x_wconf 88' lang='lat' dir='ltr'><strong>ticulae</strong></span> <span class='ocrx_word' id='word_1_137' title='bbox 174 1850 252 1899; x_wconf 85' lang='lat' dir='ltr'><strong>enim.</strong></span> <span class='ocrx_word' id='word_1_138' title='bbox 286 1849 443 1901; x_wconf 71' lang='lat' dir='ltr'><strong>att-videtur</strong></span> <span class='ocrx_word' id='word_1_139' title='bbox 469 1859 576 1900; x_wconf 87' lang='lat' dir='ltr'><strong>tantum.</strong></span> <span class='ocrx_word' id='word_1_140' title='bbox 610 1849 669 1915; x_wconf 91' lang='lat' dir='ltr'><strong>quia</strong></span> <span class='ocrx_word' id='word_1_141' title='bbox 690 1799 836 1915; x_wconf 61' lang='lat' dir='ltr'><strong>iolycletus</strong></span> <span class='ocrx_word' id='word_1_142' title='bbox 863 1869 915 1901; x_wconf 89' lang='lat' dir='ltr'><strong>non</strong></span> <span class='ocrx_word' id='word_1_143' title='bbox 936 1853 1050 1919; x_wconf 86' lang='lat' dir='ltr'><strong>pictura,</strong></span> <span class='ocrx_word' id='word_1_144' title='bbox 1081 1858 1127 1907; x_wconf 87' lang='lat' dir='ltr'><strong>sed</strong></span> 
     </span>
     <span class='ocr_line' id='line_1_18' title="bbox 55 1914 1128 1985; baseline 0.006 -17"><span class='ocrx_word' id='word_1_145' title='bbox 55 1921 153 1969; x_wconf 64' lang='lat' dir='ltr'><strong>Autem</strong></span> <span class='ocrx_word' id='word_1_146' title='bbox 167 1916 305 1985; x_wconf 74' lang='lat' dir='ltr'><strong>respondet</strong></span> <span class='ocrx_word' id='word_1_147' title='bbox 320 1916 396 1984; x_wconf 87' lang='lat' dir='ltr'><strong>plane</strong></span> <span class='ocrx_word' id='word_1_148' title='bbox 412 1932 505 1983; x_wconf 61' lang='lat' dir='ltr'><strong>maen</strong></span> <span class='ocrx_word' id='word_1_149' title='bbox 529 1914 577 1983; x_wconf 70' lang='lat' dir='ltr'><strong>di,</strong></span> <span class='ocrx_word' id='word_1_150' title='bbox 610 1924 667 1966; x_wconf 83' lang='lat' dir='ltr'><strong>arte</strong></span> <span class='ocrx_word' id='word_1_151' title='bbox 684 1916 806 1966; x_wconf 82' lang='lat' dir='ltr'><strong>statuaria</strong></span> <span class='ocrx_word' id='word_1_152' title='bbox 823 1916 977 1970; x_wconf 85' lang='lat' dir='ltr'><strong>inclaruerit.</strong></span> <span class='ocrx_word' id='word_1_153' title='bbox 1012 1922 1128 1975; x_wconf 81' lang='lat' dir='ltr'><strong>Davisius</strong></span> 
     </span>
     <span class='ocr_line' id='line_1_19' title="bbox 55 1982 1127 2058; baseline 0.004 -23"><span class='ocrx_word' id='word_1_154' title='bbox 55 1985 127 2052; x_wconf 89' lang='lat' dir='ltr'><strong>quod</strong></span> <span class='ocrx_word' id='word_1_155' title='bbox 144 1984 247 2047; x_wconf 62' lang='lat' dir='ltr'><strong>erebroxx</strong></span> <span class='ocrx_word' id='word_1_156' title='bbox 257 2001 305 2051; x_wconf 90' lang='lat' dir='ltr'><strong>pro</strong></span> <span class='ocrx_word' id='word_1_157' title='bbox 319 1984 388 2051; x_wconf 76' lang='grc' dir='ltr'><strong>γὰρ</strong></span> <span class='ocrx_word' id='word_1_158' title='bbox 409 1984 521 2051; x_wconf 89' lang='lat' dir='ltr'><strong>positum</strong></span> <span class='ocrx_word' id='word_1_159' title='bbox 535 1985 577 2034; x_wconf 88' lang='lat' dir='ltr'><strong>vi-</strong></span> <span class='ocrx_word' id='word_1_160' title='bbox 610 1982 712 2051; x_wconf 89' lang='lat' dir='ltr'><strong>quidem</strong></span> <span class='ocrx_word' id='word_1_161' title='bbox 720 1982 812 2051; x_wconf 89' lang='lat' dir='ltr'><strong>aliique</strong></span> <span class='ocrx_word' id='word_1_162' title='bbox 819 1983 933 2036; x_wconf 89' lang='lat' dir='ltr'><strong>homines</strong></span> <span class='ocrx_word' id='word_1_163' title='bbox 949 1988 1028 2050; x_wconf 88' lang='lat' dir='ltr'><strong>docti,</strong></span> <span class='ocrx_word' id='word_1_164' title='bbox 1045 1991 1127 2058; x_wconf 89' lang='lat' dir='ltr'><strong>Poly-</strong></span> 
     </span>
     <span class='ocr_line' id='line_1_20' title="bbox 55 2049 1127 2118; baseline 0.005 -16"><span class='ocrx_word' id='word_1_165' title='bbox 55 2053 139 2102; x_wconf 87' lang='lat' dir='ltr'><strong>detur.</strong></span> <span class='ocrx_word' id='word_1_166' title='bbox 165 2051 273 2117; x_wconf 80' lang='lat' dir='ltr'><strong>Egregie</strong></span> <span class='ocrx_word' id='word_1_167' title='bbox 286 2069 340 2101; x_wconf 90' lang='lat' dir='ltr'><strong>rem</strong></span> <span class='ocrx_word' id='word_1_168' title='bbox 353 2052 494 2105; x_wconf 84' lang='lat' dir='ltr'><strong>enucleavit</strong></span> <span class='ocrx_word' id='word_1_169' title='bbox 508 2053 578 2101; x_wconf 88' lang='lat' dir='ltr'><strong>Her·</strong></span> <span class='ocrx_word' id='word_1_170' title='bbox 610 2049 704 2099; x_wconf 87' lang='lat' dir='ltr'><strong>oletum</strong></span> <span class='ocrx_word' id='word_1_171' title='bbox 727 2050 753 2101; x_wconf 87' lang='lat' dir='ltr'><strong>in</strong></span> <span class='ocrx_word' id='word_1_172' title='bbox 775 2061 881 2118; x_wconf 84' lang='lat' dir='ltr'><strong>utraque</strong></span> <span class='ocrx_word' id='word_1_173' title='bbox 896 2064 951 2103; x_wconf 88' lang='lat' dir='ltr'><strong>arte</strong></span> <span class='ocrx_word' id='word_1_174' title='bbox 974 2057 1127 2107; x_wconf 83' lang='lat' dir='ltr'><strong>excellenter</strong></span> 
     </span>
     <span class='ocr_line' id='line_1_21' title="bbox 55 2118 1183 2187; baseline 0.004 -17"><span class='ocrx_word' id='word_1_175' title='bbox 55 2136 135 2170; x_wconf 89' lang='lat' dir='ltr'><strong>mann</strong></span> <span class='ocrx_word' id='word_1_176' title='bbox 149 2118 183 2169; x_wconf 87' lang='lat' dir='ltr'><strong>ad</strong></span> <span class='ocrx_word' id='word_1_177' title='bbox 199 2118 385 2184; x_wconf 72' lang='lat' dir='ltr'><strong>Viger.343.b.</strong></span> <span class='ocrx_word' id='word_1_178' title='bbox 393 2137 419 2187; x_wconf 88' lang='lat' dir='ltr'><strong>p.</strong></span> <span class='ocrx_word' id='word_1_179' title='bbox 429 2122 487 2177; x_wconf 66' lang='lat'><strong>815.</strong></span> <span class='ocrx_word' id='word_1_180' title='bbox 505 2119 576 2180; x_wconf 91' lang='lat' dir='ltr'><strong>„Ubi</strong></span> <span class='ocrx_word' id='word_1_181' title='bbox 610 2127 735 2167; x_wconf 82' lang='lat' dir='ltr'><strong>versatum</strong></span> <span class='ocrx_word' id='word_1_182' title='bbox 756 2118 847 2179; x_wconf 86' lang='lat' dir='ltr'><strong>fuisse,</strong></span> <span class='ocrx_word' id='word_1_183' title='bbox 875 2121 1035 2186; x_wconf 86' lang='lat' dir='ltr'><strong>existimant,</strong></span> <span class='ocrx_word' id='word_1_184' title='bbox 1059 2132 1127 2177; x_wconf 80' lang='lat' dir='ltr'><strong>testo</strong></span> <span class='ocrx_word' id='word_1_185' title='bbox 1180 2130 1183 2135; x_wconf 80' lang='grc'><strong><em>’</em></strong></span> 
     </span>
     <span class='ocr_line' id='line_1_22' title="bbox 55 2182 1126 2254; baseline -0.003 -17"><span class='ocrx_word' id='word_1_186' title='bbox 55 2186 119 2254; x_wconf 90' lang='lat' dir='ltr'><strong>qnid</strong></span> <span class='ocrx_word' id='word_1_187' title='bbox 136 2185 164 2236; x_wconf 92' lang='lat' dir='ltr'><strong>in</strong></span> <span class='ocrx_word' id='word_1_188' title='bbox 177 2182 309 2236; x_wconf 85' lang='lat' dir='ltr'><strong>reddenda</strong></span> <span class='ocrx_word' id='word_1_189' title='bbox 323 2186 423 2237; x_wconf 86' lang='lat' dir='ltr'><strong>ratione</strong></span> <span class='ocrx_word' id='word_1_190' title='bbox 445 2187 481 2237; x_wconf 85' lang='lat' dir='ltr'><strong>sic</strong></span> <span class='ocrx_word' id='word_1_191' title='bbox 497 2185 577 2237; x_wconf 85' lang='lat' dir='ltr'><strong>affer·</strong></span> <span class='ocrx_word' id='word_1_192' title='bbox 609 2185 697 2234; x_wconf 85' lang='lat' dir='ltr'><strong>Tzetz.</strong></span> <span class='ocrx_word' id='word_1_193' title='bbox 725 2183 789 2235; x_wconf 90' lang='lat' dir='ltr'><strong>Chil.</strong></span> <span class='ocrx_word' id='word_1_194' title='bbox 814 2188 890 2249; x_wconf 84' lang='lat' dir='ltr'><strong>VIII,</strong></span> <span class='ocrx_word' id='word_1_195' title='bbox 912 2194 972 2246; x_wconf 77' lang='lat'><strong>320.</strong></span> <span class='ocrx_word' id='word_1_196' title='bbox 990 2191 1126 2242; x_wconf 75' lang='lat' dir='ltr'><strong>etAelian,</strong></span> 
     </span>
     <span class='ocr_line' id='line_1_23' title="bbox 52 2251 1127 2321; baseline 0.004 -17"><span class='ocrx_word' id='word_1_197' title='bbox 52 2265 108 2317; x_wconf 86' lang='lat' dir='ltr'><strong>tur,</strong></span> <span class='ocrx_word' id='word_1_198' title='bbox 126 2261 156 2303; x_wconf 85' lang='lat' dir='ltr'><strong>ut</strong></span> <span class='ocrx_word' id='word_1_199' title='bbox 178 2252 206 2303; x_wconf 92' lang='lat' dir='ltr'><strong>id</strong></span> <span class='ocrx_word' id='word_1_200' title='bbox 218 2263 318 2321; x_wconf 89' lang='lat' dir='ltr'><strong>partem</strong></span> <span class='ocrx_word' id='word_1_201' title='bbox 334 2253 445 2320; x_wconf 86' lang='lat' dir='ltr'><strong>aliquam</strong></span> <span class='ocrx_word' id='word_1_202' title='bbox 465 2254 518 2316; x_wconf 90' lang='lat' dir='ltr'><strong>rei,</strong></span> <span class='ocrx_word' id='word_1_203' title='bbox 543 2253 576 2304; x_wconf 91' lang='lat' dir='ltr'><strong>de</strong></span> <span class='ocrx_word' id='word_1_204' title='bbox 609 2251 641 2302; x_wconf 87' lang='lat' dir='ltr'><strong>V.</strong></span> <span class='ocrx_word' id='word_1_205' title='bbox 657 2252 689 2300; x_wconf 87' lang='lat' dir='ltr'><strong>H.</strong></span> <span class='ocrx_word' id='word_1_206' title='bbox 705 2252 818 2314; x_wconf 57' lang='lat' dir='ltr'><strong>xlae</strong></span> <span class='ocrx_word' id='word_1_207' title='bbox 852 2255 907 2320; x_wconf 86' lang='lat' dir='ltr'><strong>Ego</strong></span> <span class='ocrx_word' id='word_1_208' title='bbox 921 2273 982 2306; x_wconf 88' lang='lat' dir='ltr'><strong>vero</strong></span> <span class='ocrx_word' id='word_1_209' title='bbox 997 2276 1053 2311; x_wconf 90' lang='lat' dir='ltr'><strong>cum</strong></span> <span class='ocrx_word' id='word_1_210' title='bbox 1061 2259 1127 2308; x_wconf 86' lang='lat' dir='ltr'><strong>Nei-</strong></span> 
     </span>
     <span class='ocr_line' id='line_1_24' title="bbox 55 2317 1127 2399; baseline 0.003 -26"><span class='ocrx_word' id='word_1_211' title='bbox 55 2339 107 2388; x_wconf 85' lang='lat' dir='ltr'><strong>qua</strong></span> <span class='ocrx_word' id='word_1_212' title='bbox 120 2337 203 2371; x_wconf 74' lang='lat' dir='ltr'><strong>sumo</strong></span> <span class='ocrx_word' id='word_1_213' title='bbox 219 2331 272 2384; x_wconf 86' lang='lat' dir='ltr'><strong>est,</strong></span> <span class='ocrx_word' id='word_1_214' title='bbox 290 2320 436 2382; x_wconf 86' lang='lat' dir='ltr'><strong>constituat,</strong></span> <span class='ocrx_word' id='word_1_215' title='bbox 453 2320 529 2399; x_wconf 86' lang='lat' dir='ltr'><strong>plane</strong></span> <span class='ocrx_word' id='word_1_216' title='bbox 547 2331 577 2372; x_wconf 88' lang='lat' dir='ltr'><strong>ut</strong></span> <span class='ocrx_word' id='word_1_217' title='bbox 610 2317 654 2369; x_wconf 90' lang='lat' dir='ltr'><strong>dio</strong></span> <span class='ocrx_word' id='word_1_218' title='bbox 668 2330 748 2386; x_wconf 89' lang='lat' dir='ltr'><strong>puto,</strong></span> <span class='ocrx_word' id='word_1_219' title='bbox 772 2319 886 2371; x_wconf 89' lang='lat' dir='ltr'><strong>Tullium</strong></span> <span class='ocrx_word' id='word_1_220' title='bbox 907 2340 961 2373; x_wconf 91' lang='lat' dir='ltr'><strong>non</strong></span> <span class='ocrx_word' id='word_1_221' title='bbox 986 2324 1068 2375; x_wconf 87' lang='lat' dir='ltr'><strong>solum</strong></span> <span class='ocrx_word' id='word_1_222' title='bbox 1083 2326 1127 2393; x_wconf 91' lang='lat' dir='ltr'><strong>pi-</strong></span> 
     </span>
     <span class='ocr_line' id='line_1_25' title="bbox 54 2385 1127 2458; baseline 0.004 -19"><span class='ocrx_word' id='word_1_223' title='bbox 54 2388 84 2439; x_wconf 89' lang='lat' dir='ltr'><strong>in</strong></span> <span class='ocrx_word' id='word_1_224' title='bbox 115 2385 203 2455; x_wconf 79' lang='lat' dir='ltr'><strong>quavis</strong></span> <span class='ocrx_word' id='word_1_225' title='bbox 227 2388 387 2450; x_wconf 83' lang='lat' dir='ltr'><strong>narratione,</strong></span> <span class='ocrx_word' id='word_1_226' title='bbox 417 2387 462 2438; x_wconf 87' lang='lat' dir='ltr'><strong>ubr</strong></span> <span class='ocrx_word' id='word_1_227' title='bbox 483 2405 578 2438; x_wconf 89' lang='lat' dir='ltr'><strong>novum</strong></span> <span class='ocrx_word' id='word_1_228' title='bbox 610 2394 713 2448; x_wconf 87' lang='lat' dir='ltr'><strong>otnram,</strong></span> <span class='ocrx_word' id='word_1_229' title='bbox 731 2385 775 2435; x_wconf 88' lang='lat' dir='ltr'><strong>sed</strong></span> <span class='ocrx_word' id='word_1_230' title='bbox 792 2404 878 2437; x_wconf 89' lang='lat' dir='ltr'><strong>omnes</strong></span> <span class='ocrx_word' id='word_1_231' title='bbox 895 2391 995 2454; x_wconf 89' lang='lat' dir='ltr'><strong>quaein</strong></span> <span class='ocrx_word' id='word_1_232' title='bbox 1004 2392 1127 2458; x_wconf 82' lang='lat' dir='ltr'><strong>fingendis</strong></span> 
     </span>
     <span class='ocr_line' id='line_1_26' title="bbox 72 2451 1101 2523; baseline 0.001 -16"><span class='ocrx_word' id='word_1_233' title='bbox 72 2453 267 2507; x_wconf 86' lang='lat' dir='ltr'><strong>raecedentibus</strong></span> <span class='ocrx_word' id='word_1_234' title='bbox 281 2455 455 2523; x_wconf 85' lang='lat' dir='ltr'><strong>praedicatum</strong></span> <span class='ocrx_word' id='word_1_235' title='bbox 469 2455 577 2520; x_wconf 84' lang='lat' dir='ltr'><strong>accedit,</strong></span> <span class='ocrx_word' id='word_1_236' title='bbox 610 2451 696 2518; x_wconf 82' lang='lat' dir='ltr'><strong>figuris</strong></span> <span class='ocrx_word' id='word_1_237' title='bbox 709 2463 841 2504; x_wconf 86' lang='lat' dir='ltr'><strong>versantur</strong></span> <span class='ocrx_word' id='word_1_238' title='bbox 856 2464 923 2505; x_wconf 84' lang='lat' dir='ltr'><strong>artes</strong></span> <span class='ocrx_word' id='word_1_239' title='bbox 938 2456 1101 2510; x_wconf 84' lang='lat' dir='ltr'><strong>intellexisse.</strong></span> 
     </span>
     <span class='ocr_line' id='line_1_27' title="bbox 53 2474 1126 2591; baseline 0.001 -16"><span class='ocrx_word' id='word_1_240' title='bbox 53 2474 316 2578; x_wconf 69' lang='lat' dir='ltr'><strong>dietwtemlocum</strong></span> <span class='ocrx_word' id='word_1_241' title='bbox 323 2523 426 2586; x_wconf 88' lang='lat' dir='ltr'><strong>habent,</strong></span> <span class='ocrx_word' id='word_1_242' title='bbox 442 2523 577 2591; x_wconf 89' lang='lat' dir='ltr'><strong>quippeob</strong></span> <span class='ocrx_word' id='word_1_243' title='bbox 660 2521 810 2589; x_wconf 81' lang='lat' dir='ltr'><strong>iacentque)</strong></span> <span class='ocrx_word' id='word_1_244' title='bbox 827 2524 921 2573; x_wconf 78' lang='lat' dir='ltr'><strong>Iacere</strong></span> <span class='ocrx_word' id='word_1_245' title='bbox 935 2541 982 2590; x_wconf 90' lang='lat' dir='ltr'><strong>pro</strong></span> <span class='ocrx_word' id='word_1_246' title='bbox 1002 2525 1039 2574; x_wconf 88' lang='lat' dir='ltr'><strong>rie</strong></span> <span class='ocrx_word' id='word_1_247' title='bbox 1058 2526 1126 2576; x_wconf 88' lang='lat' dir='ltr'><strong>dioi-</strong></span> 
     </span>
     <span class='ocr_line' id='line_1_28' title="bbox 53 2543 1128 2668; baseline 0.004 -28"><span class='ocrx_word' id='word_1_248' title='bbox 53 2589 184 2658; x_wconf 83' lang='lat' dir='ltr'><strong>idipsnm,</strong></span> <span class='ocrx_word' id='word_1_249' title='bbox 201 2591 376 2656; x_wconf 90' lang='lat' dir='ltr'><strong>quodnovum</strong></span> <span class='ocrx_word' id='word_1_250' title='bbox 391 2590 452 2668; x_wconf 74' lang='lat' dir='ltr'><strong>qnid</strong></span> <span class='ocrx_word' id='word_1_251' title='bbox 466 2591 576 2654; x_wconf 87' lang='lat' dir='ltr'><strong>accedit,</strong></span> <span class='ocrx_word' id='word_1_252' title='bbox 610 2597 660 2638; x_wconf 84' lang='lat' dir='ltr'><strong>tur¹</strong></span> <span class='ocrx_word' id='word_1_253' title='bbox 674 2587 705 2637; x_wconf 89' lang='lat' dir='ltr'><strong>de</strong></span> <span class='ocrx_word' id='word_1_254' title='bbox 728 2589 801 2639; x_wconf 85' lang='lat' dir='ltr'><strong>rebus</strong></span> <span class='ocrx_word' id='word_1_255' title='bbox 823 2589 867 2639; x_wconf 86' lang='lat' dir='ltr'><strong>vel</strong></span> <span class='ocrx_word' id='word_1_256' title='bbox 890 2543 1033 2642; x_wconf 78' lang='lat' dir='ltr'><strong>hominibus</strong></span> <span class='ocrx_word' id='word_1_257' title='bbox 1057 2593 1128 2644; x_wconf 89' lang='lat' dir='ltr'><strong>humi</strong></span> 
     </span>
     <span class='ocr_line' id='line_1_29' title="bbox 54 2655 1127 2726; baseline 0.002 -17"><span class='ocrx_word' id='word_1_258' title='bbox 54 2657 245 2726; x_wconf 86' lang='lat' dir='ltr'><strong>oppositionem</strong></span> <span class='ocrx_word' id='word_1_259' title='bbox 260 2657 386 2724; x_wconf 87' lang='lat' dir='ltr'><strong>quandam</strong></span> <span class='ocrx_word' id='word_1_260' title='bbox 393 2657 448 2708; x_wconf 75' lang='lat' dir='ltr'><strong>ueri</strong></span> <span class='ocrx_word' id='word_1_261' title='bbox 456 2658 576 2711; x_wconf 90' lang='lat' dir='ltr'><strong>indican-</strong></span> <span class='ocrx_word' id='word_1_262' title='bbox 607 2655 748 2722; x_wconf 83' lang='lat' dir='ltr'><strong>prostratis,</strong></span> <span class='ocrx_word' id='word_1_263' title='bbox 766 2656 991 2720; x_wconf 84' lang='lat' dir='ltr'><strong>omnibnsviribus,</strong></span> <span class='ocrx_word' id='word_1_264' title='bbox 1009 2661 1127 2711; x_wconf 80' lang='lat' dir='ltr'><strong>omnivi-</strong></span> 
     </span>
     <span class='ocr_line' id='line_1_30' title="bbox 53 2722 1128 2794; baseline 0.005 -20"><span class='ocrx_word' id='word_1_265' title='bbox 53 2727 123 2791; x_wconf 63' lang='lat' dir='ltr'><strong>tea‘f</strong></span> <span class='ocrx_word' id='word_1_266' title='bbox 158 2723 198 2778; x_wconf 74' lang='lat' dir='ltr'><strong>Cf.</strong></span> <span class='ocrx_word' id='word_1_267' title='bbox 214 2724 360 2778; x_wconf 82' lang='lat' dir='ltr'><strong>Passovium</strong></span> <span class='ocrx_word' id='word_1_268' title='bbox 374 2725 401 2779; x_wconf 89' lang='lat' dir='ltr'><strong>in</strong></span> <span class='ocrx_word' id='word_1_269' title='bbox 411 2726 500 2778; x_wconf 86' lang='lat' dir='ltr'><strong>Graec.</strong></span> <span class='ocrx_word' id='word_1_270' title='bbox 511 2727 573 2777; x_wconf 83' lang='lat' dir='ltr'><strong>Lex.</strong></span> <span class='ocrx_word' id='word_1_271' title='bbox 608 2739 670 2788; x_wconf 81' lang='lat' dir='ltr'><strong>gore</strong></span> <span class='ocrx_word' id='word_1_272' title='bbox 685 2722 825 2774; x_wconf 89' lang='lat' dir='ltr'><strong>destitutis:</strong></span> <span class='ocrx_word' id='word_1_273' title='bbox 841 2733 895 2774; x_wconf 88' lang='lat' dir='ltr'><strong>tmn</strong></span> <span class='ocrx_word' id='word_1_274' title='bbox 908 2743 951 2775; x_wconf 87' lang='lat' dir='ltr'><strong>sae</strong></span> <span class='ocrx_word' id='word_1_275' title='bbox 970 2727 1128 2794; x_wconf 86' lang='lat' dir='ltr'><strong>eeleganter</strong></span> 
     </span>
     <span class='ocr_line' id='line_1_31' title="bbox 54 2744 1126 2854; baseline 0.004 -12"><span class='ocrx_word' id='word_1_276' title='bbox 54 2811 76 2843; x_wconf 84' lang='lat' dir='ltr'><strong>s.</strong></span> <span class='ocrx_word' id='word_1_277' title='bbox 94 2808 119 2842; x_wconf 81' lang='lat' dir='ltr'><strong>v.</strong></span> <span class='ocrx_word' id='word_1_278' title='bbox 135 2789 182 2844; x_wconf 70' lang='grc' dir='ltr'><strong>δέ.</strong></span> <span class='ocrx_word' id='word_1_279' title='bbox 215 2791 303 2844; x_wconf 85' lang='lat' dir='ltr'><strong>Veluti</strong></span> <span class='ocrx_word' id='word_1_280' title='bbox 316 2791 343 2843; x_wconf 77' lang='lat' dir='ltr'><strong>lu.</strong></span> <span class='ocrx_word' id='word_1_281' title='bbox 358 2793 376 2842; x_wconf 93' lang='lat' dir='ltr'><strong>l.</strong></span> <span class='ocrx_word' id='word_1_282' title='bbox 392 2792 414 2843; x_wconf 82' lang='lat' dir='ltr'><strong>si</strong></span> <span class='ocrx_word' id='word_1_283' title='bbox 430 2792 519 2844; x_wconf 83' lang='lat' dir='ltr'><strong>Cicero</strong></span> <span class='ocrx_word' id='word_1_284' title='bbox 532 2794 575 2843; x_wconf 88' lang='lat' dir='ltr'><strong>di·</strong></span> <span class='ocrx_word' id='word_1_285' title='bbox 607 2791 759 2841; x_wconf 83' lang='lat' dir='ltr'><strong>transfertur</strong></span> <span class='ocrx_word' id='word_1_286' title='bbox 770 2792 803 2841; x_wconf 89' lang='lat' dir='ltr'><strong>ad</strong></span> <span class='ocrx_word' id='word_1_287' title='bbox 815 2808 855 2841; x_wconf 88' lang='lat' dir='ltr'><strong>res</strong></span> <span class='ocrx_word' id='word_1_288' title='bbox 862 2830 871 2854; x_wconf 85' lang='lat'>‚</span> <span class='ocrx_word' id='word_1_289' title='bbox 887 2809 903 2842; x_wconf 91' lang='lat' dir='ltr'><strong>a</strong></span> <span class='ocrx_word' id='word_1_290' title='bbox 918 2744 992 2842; x_wconf 80' lang='lat' dir='ltr'><strong>nobis</strong></span> <span class='ocrx_word' id='word_1_291' title='bbox 1008 2804 1126 2846; x_wconf 88' lang='lat' dir='ltr'><strong>contem-</strong></span> 
     </span>
     <span class='ocr_line' id='line_1_32' title="bbox 53 2857 1126 2926; baseline 0.004 -18"><span class='ocrx_word' id='word_1_292' title='bbox 53 2859 261 2912; x_wconf 76' lang='lat' dir='ltr'><strong>xissetdtcxerut</strong></span> <span class='ocrx_word' id='word_1_293' title='bbox 268 2860 402 2922; x_wconf 78' lang='lat' dir='ltr'><strong>animatu,</strong></span> <span class='ocrx_word' id='word_1_294' title='bbox 419 2859 575 2912; x_wconf 87' lang='lat' dir='ltr'><strong>haeoenun-</strong></span> <span class='ocrx_word' id='word_1_295' title='bbox 608 2865 648 2906; x_wconf 90' lang='lat' dir='ltr'><strong>tas</strong></span> <span class='ocrx_word' id='word_1_296' title='bbox 659 2857 735 2924; x_wconf 89' lang='lat' dir='ltr'><strong>plane</strong></span> <span class='ocrx_word' id='word_1_297' title='bbox 753 2869 828 2926; x_wconf 86' lang='lat' dir='ltr'><strong>atque.</strong></span> <span class='ocrx_word' id='word_1_298' title='bbox 843 2860 980 2925; x_wconf 82' lang='lat' dir='ltr'><strong>neglectas.</strong></span> <span class='ocrx_word' id='word_1_299' title='bbox 1011 2864 1050 2912; x_wconf 89' lang='lat' dir='ltr'><strong>Ita</strong></span> <span class='ocrx_word' id='word_1_300' title='bbox 1067 2880 1126 2912; x_wconf 87' lang='lat' dir='ltr'><strong>mox</strong></span> 
     </span>
     <span class='ocr_line' id='line_1_33' title="bbox 54 2925 1127 2994; baseline 0 -16"><span class='ocrx_word' id='word_1_301' title='bbox 54 2925 136 2978; x_wconf 87' lang='lat' dir='ltr'><strong>ciatio</strong></span> <span class='ocrx_word' id='word_1_302' title='bbox 159 2926 254 2980; x_wconf 88' lang='lat' dir='ltr'><strong>nullam</strong></span> <span class='ocrx_word' id='word_1_303' title='bbox 277 2927 352 2979; x_wconf 90' lang='lat' dir='ltr'><strong>aliam</strong></span> <span class='ocrx_word' id='word_1_304' title='bbox 381 2927 431 2976; x_wconf 87' lang='lat' dir='ltr'><strong>vim</strong></span> <span class='ocrx_word' id='word_1_305' title='bbox 459 2926 574 2989; x_wconf 88' lang='lat' dir='ltr'><strong>haberet,</strong></span> <span class='ocrx_word' id='word_1_306' title='bbox 609 2941 630 2973; x_wconf 86' lang='lat' dir='ltr'><strong>c·</strong></span> <span class='ocrx_word' id='word_1_307' title='bbox 649 2929 674 2984; x_wconf 84' lang='lat'><strong>3,</strong></span> <span class='ocrx_word' id='word_1_308' title='bbox 692 2933 715 2982; x_wconf 80' lang='lat'><strong>5.</strong></span> <span class='ocrx_word' id='word_1_309' title='bbox 729 2925 903 2994; x_wconf 76' lang='lat' dir='ltr'><strong>philosophia</strong></span> <span class='ocrx_word' id='word_1_310' title='bbox 925 2929 1017 2978; x_wconf 84' lang='lat' dir='ltr'><strong>iacuit.</strong></span> <span class='ocrx_word' id='word_1_311' title='bbox 1056 2931 1127 2980; x_wconf 85' lang='lat' dir='ltr'><strong>Ean-</strong></span> 
     </span>
     <span class='ocr_line' id='line_1_34' title="bbox 53 2990 1127 3064; baseline 0.006 -20"><span class='ocrx_word' id='word_1_312' title='bbox 53 3010 134 3064; x_wconf 88' lang='lat' dir='ltr'><strong>quam</strong></span> <span class='ocrx_word' id='word_1_313' title='bbox 144 3002 175 3044; x_wconf 88' lang='lat' dir='ltr'><strong>ut</strong></span> <span class='ocrx_word' id='word_1_314' title='bbox 188 3011 360 3063; x_wconf 76' lang='lat' dir='ltr'><strong>praegressam</strong></span> <span class='ocrx_word' id='word_1_315' title='bbox 368 2995 519 3047; x_wconf 84' lang='lat' dir='ltr'><strong>sententiam</strong></span> <span class='ocrx_word' id='word_1_316' title='bbox 528 3012 575 3045; x_wconf 84' lang='lat' dir='ltr'><strong>ex·</strong></span> <span class='ocrx_word' id='word_1_317' title='bbox 608 2990 666 3040; x_wconf 85' lang='lat' dir='ltr'><strong>dem</strong></span> <span class='ocrx_word' id='word_1_318' title='bbox 675 2991 725 3042; x_wconf 80' lang='lat' dir='ltr'><strong>vim</strong></span> <span class='ocrx_word' id='word_1_319' title='bbox 737 2993 815 3044; x_wconf 84' lang='lat' dir='ltr'><strong>habet</strong></span> <span class='ocrx_word' id='word_1_320' title='bbox 826 3011 943 3059; x_wconf 86' lang='lat' dir='ltr'><strong>graecum</strong></span> <span class='ocrx_word' id='word_1_321' title='bbox 955 2995 1059 3047; x_wconf 90' lang='lat' dir='ltr'><strong>verbum</strong></span> <span class='ocrx_word' id='word_1_322' title='bbox 1073 2999 1127 3050; x_wconf 76' lang='lat' dir='ltr'><strong>uei·</strong></span> 
     </span>
     <span class='ocr_line' id='line_1_35' title="bbox 54 3058 1126 3132; baseline 0.002 -20"><span class='ocrx_word' id='word_1_323' title='bbox 54 3062 182 3132; x_wconf 71' lang='lat' dir='ltr'><strong>plicarett</strong></span> <span class='ocrx_word' id='word_1_324' title='bbox 199 3079 276 3130; x_wconf 87' lang='lat' dir='ltr'><strong>quum</strong></span> <span class='ocrx_word' id='word_1_325' title='bbox 291 3080 352 3112; x_wconf 86' lang='lat' dir='ltr'><strong>vero</strong></span> <span class='ocrx_word' id='word_1_326' title='bbox 361 3061 465 3129; x_wconf 91' lang='lat' dir='ltr'><strong>ponitur</strong></span> <span class='ocrx_word' id='word_1_327' title='bbox 479 3075 575 3124; x_wconf 74' lang='lat' dir='ltr'><strong>weem,</strong></span> <span class='ocrx_word' id='word_1_328' title='bbox 608 3059 692 3111; x_wconf 72' lang='lat' dir='ltr'><strong>oeae:</strong></span> <span class='ocrx_word' id='word_1_329' title='bbox 716 3058 748 3109; x_wconf 90' lang='lat' dir='ltr'><strong>de</strong></span> <span class='ocrx_word' id='word_1_330' title='bbox 768 3078 818 3128; x_wconf 88' lang='lat' dir='ltr'><strong>quo</strong></span> <span class='ocrx_word' id='word_1_331' title='bbox 835 3078 858 3111; x_wconf 86' lang='lat' dir='ltr'><strong>v.</strong></span> <span class='ocrx_word' id='word_1_332' title='bbox 874 3063 983 3112; x_wconf 86' lang='lat' dir='ltr'><strong>Passow.</strong></span> <span class='ocrx_word' id='word_1_333' title='bbox 1000 3064 1045 3114; x_wconf 89' lang='lat' dir='ltr'><strong>Gr.</strong></span> <span class='ocrx_word' id='word_1_334' title='bbox 1062 3065 1126 3114; x_wconf 82' lang='lat' dir='ltr'><strong>Lex.</strong></span> 
     </span>
     <span class='ocr_line' id='line_1_36' title="bbox 54 3126 1127 3197; baseline 0.006 -22"><span class='ocrx_word' id='word_1_335' title='bbox 54 3127 203 3180; x_wconf 77' lang='lat' dir='ltr'><strong>enunciatio</strong></span> <span class='ocrx_word' id='word_1_336' title='bbox 225 3146 278 3179; x_wconf 86' lang='lat' dir='ltr'><strong>non</strong></span> <span class='ocrx_word' id='word_1_337' title='bbox 298 3129 379 3181; x_wconf 78' lang='lat' dir='ltr'><strong>solum</strong></span> <span class='ocrx_word' id='word_1_338' title='bbox 398 3129 575 3180; x_wconf 64' lang='lat' dir='ltr'><strong>illustrationis</strong></span> <span class='ocrx_word' id='word_1_339' title='bbox 608 3143 627 3175; x_wconf 90' lang='lat' dir='ltr'><strong>s.</strong></span> <span class='ocrx_word' id='word_1_340' title='bbox 645 3141 669 3175; x_wconf 89' lang='lat' dir='ltr'><strong>v.</strong></span> <span class='ocrx_word' id='word_1_341' title='bbox 696 3126 853 3179; x_wconf 82' lang='lat' dir='ltr'><strong>ECiccrone</strong></span> <span class='ocrx_word' id='word_1_342' title='bbox 868 3128 982 3196; x_wconf 85' lang='lat' dir='ltr'><strong>exempla</strong></span> <span class='ocrx_word' id='word_1_343' title='bbox 990 3147 1127 3197; x_wconf 78' lang='lat' dir='ltr'><strong>congesse-</strong></span> 
     </span>
     <span class='ocr_line' id='line_1_37' title="bbox 55 3194 1123 3264; baseline 0 -16"><span class='ocrx_word' id='word_1_344' title='bbox 55 3214 146 3250; x_wconf 79' lang='lat' dir='ltr'><strong>caussa</strong></span> <span class='ocrx_word' id='word_1_345' title='bbox 159 3196 278 3264; x_wconf 85' lang='lat' dir='ltr'><strong>apposita</strong></span> <span class='ocrx_word' id='word_1_346' title='bbox 298 3207 354 3259; x_wconf 88' lang='lat' dir='ltr'><strong>est,</strong></span> <span class='ocrx_word' id='word_1_347' title='bbox 369 3196 415 3248; x_wconf 88' lang='lat' dir='ltr'><strong>sed</strong></span> <span class='ocrx_word' id='word_1_348' title='bbox 431 3214 521 3250; x_wconf 82' lang='lat' dir='ltr'><strong>novam</strong></span> <span class='ocrx_word' id='word_1_349' title='bbox 537 3195 574 3249; x_wconf 75' lang='lat' dir='ltr'><strong>si-</strong></span> <span class='ocrx_word' id='word_1_350' title='bbox 607 3202 668 3242; x_wconf 85' lang='lat' dir='ltr'><strong>runt</strong></span> <span class='ocrx_word' id='word_1_351' title='bbox 674 3194 773 3245; x_wconf 85' lang='lat' dir='ltr'><strong>Ernesti</strong></span> <span class='ocrx_word' id='word_1_352' title='bbox 787 3194 965 3247; x_wconf 80' lang='lat' dir='ltr'><strong>etSchuetzius</strong></span> <span class='ocrx_word' id='word_1_353' title='bbox 973 3197 1061 3248; x_wconf 91' lang='lat' dir='ltr'><strong>inInd.</strong></span> <span class='ocrx_word' id='word_1_354' title='bbox 1070 3198 1123 3248; x_wconf 85' lang='lat' dir='ltr'><strong>Cic.</strong></span> 
     </span>
     <span class='ocr_line' id='line_1_38' title="bbox 54 3260 1126 3331; baseline 0.001 -17"><span class='ocrx_word' id='word_1_355' title='bbox 54 3263 109 3314; x_wconf 93' lang='lat' dir='ltr'><strong>mul</strong></span> <span class='ocrx_word' id='word_1_356' title='bbox 138 3263 348 3331; x_wconf 85' lang='lat' dir='ltr'><strong>praecedentibus</strong></span> <span class='ocrx_word' id='word_1_357' title='bbox 370 3262 485 3329; x_wconf 85' lang='lat' dir='ltr'><strong>adiungit</strong></span> <span class='ocrx_word' id='word_1_358' title='bbox 513 3281 574 3315; x_wconf 90' lang='lat' dir='ltr'><strong>sen·</strong></span> <span class='ocrx_word' id='word_1_359' title='bbox 607 3260 692 3311; x_wconf 75' lang='lat' dir='ltr'><strong>latin.</strong></span> <span class='ocrx_word' id='word_1_360' title='bbox 707 3278 727 3312; x_wconf 81' lang='lat' dir='ltr'><strong>s.</strong></span> <span class='ocrx_word' id='word_1_361' title='bbox 739 3278 763 3312; x_wconf 89' lang='lat' dir='ltr'><strong>v.</strong></span> <span class='ocrx_word' id='word_1_362' title='bbox 778 3264 863 3312; x_wconf 85' lang='lat' dir='ltr'><strong>-De</strong></span> <span class='ocrx_word' id='word_1_363' title='bbox 876 3263 994 3314; x_wconf 88' lang='lat' dir='ltr'><strong>enclitica</strong></span> <span class='ocrx_word' id='word_1_364' title='bbox 1010 3265 1126 3331; x_wconf 87' lang='lat' dir='ltr'><strong>particu-</strong></span> 
     </span>
     <span class='ocr_line' id='line_1_39' title="bbox 55 3326 1124 3399; baseline -0.001 -17"><span class='ocrx_word' id='word_1_365' title='bbox 55 3330 182 3393; x_wconf 87' lang='lat' dir='ltr'><strong>tentiam,</strong></span> <span class='ocrx_word' id='word_1_366' title='bbox 223 3348 288 3399; x_wconf 86' lang='lat' dir='ltr'><strong>quae</strong></span> <span class='ocrx_word' id='word_1_367' title='bbox 324 3347 378 3381; x_wconf 88' lang='lat' dir='ltr'><strong>non</strong></span> <span class='ocrx_word' id='word_1_368' title='bbox 413 3330 574 3387; x_wconf 84' lang='lat' dir='ltr'><strong>antecedenti</strong></span> <span class='ocrx_word' id='word_1_369' title='bbox 607 3326 633 3377; x_wconf 84' lang='lat' dir='ltr'><strong>la</strong></span> <span class='ocrx_word' id='word_1_370' title='bbox 659 3346 708 3396; x_wconf 80' lang='lat' dir='ltr'><strong>que</strong></span> <span class='ocrx_word' id='word_1_371' title='bbox 728 3329 881 3380; x_wconf 86' lang='lat' dir='ltr'><strong>monendum</strong></span> <span class='ocrx_word' id='word_1_372' title='bbox 902 3341 956 3392; x_wconf 89' lang='lat' dir='ltr'><strong>est,</strong></span> <span class='ocrx_word' id='word_1_373' title='bbox 982 3347 1037 3382; x_wconf 90' lang='lat' dir='ltr'><strong>eam</strong></span> <span class='ocrx_word' id='word_1_374' title='bbox 1058 3331 1083 3381; x_wconf 92' lang='lat' dir='ltr'><strong>h.</strong></span> <span class='ocrx_word' id='word_1_375' title='bbox 1107 3331 1124 3381; x_wconf 89' lang='lat' dir='ltr'><strong>l.</strong></span> 
     </span>
     <span class='ocr_line' id='line_1_40' title="bbox 54 3393 1126 3468; baseline 0.005 -24"><span class='ocrx_word' id='word_1_376' title='bbox 54 3397 231 3449; x_wconf 78' lang='lat' dir='ltr'><strong>enunciationi</strong></span> <span class='ocrx_word' id='word_1_377' title='bbox 251 3398 365 3449; x_wconf 79' lang='lat' dir='ltr'><strong>subiecta</strong></span> <span class='ocrx_word' id='word_1_378' title='bbox 388 3409 439 3461; x_wconf 84' lang='lat' dir='ltr'><strong>est,</strong></span> <span class='ocrx_word' id='word_1_379' title='bbox 457 3398 503 3448; x_wconf 79' lang='lat' dir='ltr'><strong>sed</strong></span> <span class='ocrx_word' id='word_1_380' title='bbox 517 3399 575 3468; x_wconf 79' lang='lat' dir='ltr'><strong>pri-</strong></span> <span class='ocrx_word' id='word_1_381' title='bbox 600 3393 701 3445; x_wconf 77' lang='lat' dir='ltr'><strong>babere</strong></span> <span class='ocrx_word' id='word_1_382' title='bbox 712 3395 763 3447; x_wconf 88' lang='lat' dir='ltr'><strong>vim</strong></span> <span class='ocrx_word' id='word_1_383' title='bbox 777 3397 952 3448; x_wconf 80' lang='lat' dir='ltr'><strong>disirmctivam</strong></span> <span class='ocrx_word' id='word_1_384' title='bbox 966 3397 1055 3446; x_wconf 85' lang='lat' dir='ltr'><strong>rariori</strong></span> <span class='ocrx_word' id='word_1_385' title='bbox 1071 3416 1126 3461; x_wconf 88' lang='lat' dir='ltr'><strong>usu,</strong></span> 
     </span>
     <span class='ocr_line' id='line_1_41' title="bbox 54 3462 1127 3536; baseline 0 -20"><span class='ocrx_word' id='word_1_386' title='bbox 54 3466 151 3517; x_wconf 81' lang='lat' dir='ltr'><strong>mariae</strong></span> <span class='ocrx_word' id='word_1_387' title='bbox 158 3465 341 3517; x_wconf 85' lang='lat' dir='ltr'><strong>enunciationia</strong></span> <span class='ocrx_word' id='word_1_388' title='bbox 349 3465 399 3516; x_wconf 88' lang='lat' dir='ltr'><strong>vim</strong></span> <span class='ocrx_word' id='word_1_389' title='bbox 408 3476 485 3536; x_wconf 88' lang='lat' dir='ltr'><strong>atque</strong></span> <span class='ocrx_word' id='word_1_390' title='bbox 493 3465 575 3532; x_wconf 82' lang='lat' dir='ltr'><strong>drgm</strong></span> <span class='ocrx_word' id='word_1_391' title='bbox 609 3462 680 3512; x_wconf 74' lang='lat' dir='ltr'><strong>nrdla</strong></span> <span class='ocrx_word' id='word_1_392' title='bbox 692 3464 860 3514; x_wconf 88' lang='lat' dir='ltr'><strong>antecedente</strong></span> <span class='ocrx_word' id='word_1_393' title='bbox 879 3464 1030 3530; x_wconf 82' lang='lat' dir='ltr'><strong>negatione,</strong></span> <span class='ocrx_word' id='word_1_394' title='bbox 1047 3474 1076 3514; x_wconf 92' lang='lat' dir='ltr'><strong>ut</strong></span> <span class='ocrx_word' id='word_1_395' title='bbox 1093 3465 1127 3517; x_wconf 85' lang='lat' dir='ltr'><strong>de</strong></span> 
     </span>
     <span class='ocr_line' id='line_1_42' title="bbox 54 3531 1127 3596; baseline -0.001 -12"><span class='ocrx_word' id='word_1_396' title='bbox 54 3544 138 3584; x_wconf 90' lang='lat' dir='ltr'><strong>tatem</strong></span> <span class='ocrx_word' id='word_1_397' title='bbox 167 3532 254 3584; x_wconf 86' lang='lat' dir='ltr'><strong>habet.</strong></span> <span class='ocrx_word' id='word_1_398' title='bbox 306 3535 362 3584; x_wconf 87' lang='lat' dir='ltr'><strong>Hac</strong></span> <span class='ocrx_word' id='word_1_399' title='bbox 384 3533 484 3583; x_wconf 89' lang='lat' dir='ltr'><strong>ratione</strong></span> <span class='ocrx_word' id='word_1_400' title='bbox 518 3550 571 3582; x_wconf 88' lang='lat' dir='ltr'><strong>om·</strong></span> <span class='ocrx_word' id='word_1_401' title='bbox 609 3531 688 3595; x_wconf 79' lang='lat' dir='ltr'><strong>Legg.</strong></span> <span class='ocrx_word' id='word_1_402' title='bbox 719 3532 770 3593; x_wconf 94' lang='lat' dir='ltr'><strong>III,</strong></span> <span class='ocrx_word' id='word_1_403' title='bbox 795 3536 834 3589; x_wconf 82' lang='lat'><strong>17.</strong></span> <span class='ocrx_word' id='word_1_404' title='bbox 850 3549 888 3596; x_wconf 90' lang='lat' dir='ltr'><strong>pr.</strong></span> <span class='ocrx_word' id='word_1_405' title='bbox 922 3531 987 3580; x_wconf 85' lang='lat' dir='ltr'><strong>Mihi</strong></span> <span class='ocrx_word' id='word_1_406' title='bbox 1000 3549 1060 3581; x_wconf 89' lang='lat' dir='ltr'><strong>vero</strong></span> <span class='ocrx_word' id='word_1_407' title='bbox 1080 3534 1127 3584; x_wconf 87' lang='lat' dir='ltr'><strong>ni-</strong></span> 
     </span>
     <span class='ocr_line' id='line_1_43' title="bbox 54 3595 1128 3668; baseline -0.001 -16"><span class='ocrx_word' id='word_1_408' title='bbox 54 3619 101 3652; x_wconf 85' lang='lat' dir='ltr'><strong>ues</strong></span> <span class='ocrx_word' id='word_1_409' title='bbox 118 3600 260 3668; x_wconf 88' lang='lat' dir='ltr'><strong>accipiendi</strong></span> <span class='ocrx_word' id='word_1_410' title='bbox 272 3600 332 3663; x_wconf 90' lang='lat' dir='ltr'><strong>loci,</strong></span> <span class='ocrx_word' id='word_1_411' title='bbox 348 3601 376 3651; x_wconf 88' lang='lat' dir='ltr'><strong>in</strong></span> <span class='ocrx_word' id='word_1_412' title='bbox 391 3599 480 3667; x_wconf 85' lang='lat' dir='ltr'><strong>quibus</strong></span> <span class='ocrx_word' id='word_1_413' title='bbox 489 3612 578 3653; x_wconf 80' lang='lat' dir='ltr'><strong>eutem</strong></span> <span class='ocrx_word' id='word_1_414' title='bbox 610 3595 653 3646; x_wconf 86' lang='lat' dir='ltr'><strong>lu&#39;l</strong></span> <span class='ocrx_word' id='word_1_415' title='bbox 658 3614 765 3664; x_wconf 88' lang='lat' dir='ltr'><strong>unquam</strong></span> <span class='ocrx_word' id='word_1_416' title='bbox 773 3597 896 3665; x_wconf 85' lang='lat' dir='ltr'><strong>populare</strong></span> <span class='ocrx_word' id='word_1_417' title='bbox 902 3598 998 3665; x_wconf 85' lang='lat' dir='ltr'><strong>placuit</strong></span> <span class='ocrx_word' id='word_1_418' title='bbox 1007 3618 1012 3648; x_wconf 74' lang='grc' dir='ltr'><strong><em>ε</em></strong></span> <span class='ocrx_word' id='word_1_419' title='bbox 1022 3615 1128 3667; x_wconf 82' lang='lat' dir='ltr'><strong>eamque</strong></span> 
     </span>
     <span class='ocr_line' id='line_1_44' title="bbox 73 3664 1127 3736; baseline -0.003 -17"><span class='ocrx_word' id='word_1_420' title='bbox 73 3686 104 3719; x_wconf 91' lang='lat' dir='ltr'><strong>ro</strong></span> <span class='ocrx_word' id='word_1_421' title='bbox 128 3669 199 3718; x_wconf 86' lang='lat' dir='ltr'><strong>enim</strong></span> <span class='ocrx_word' id='word_1_422' title='bbox 213 3667 322 3736; x_wconf 89' lang='lat' dir='ltr'><strong>positum</strong></span> <span class='ocrx_word' id='word_1_423' title='bbox 339 3668 370 3718; x_wconf 90' lang='lat' dir='ltr'><strong>ab</strong></span> <span class='ocrx_word' id='word_1_424' title='bbox 394 3667 577 3734; x_wconf 85' lang='lat' dir='ltr'><strong>interpretibus</strong></span> <span class='ocrx_word' id='word_1_425' title='bbox 610 3664 730 3730; x_wconf 89' lang='lat' dir='ltr'><strong>optimam</strong></span> <span class='ocrx_word' id='word_1_426' title='bbox 754 3664 933 3732; x_wconf 84' lang='lat' dir='ltr'><strong>rempublicam</strong></span> <span class='ocrx_word' id='word_1_427' title='bbox 952 3683 1006 3715; x_wconf 88' lang='lat' dir='ltr'><strong>esse</strong></span> <span class='ocrx_word' id='word_1_428' title='bbox 1021 3665 1078 3716; x_wconf 90' lang='lat' dir='ltr'><strong>dico</strong></span> <span class='ocrx_word' id='word_1_429' title='bbox 1093 3695 1127 3707; x_wconf 92' lang='lat'><em>-</em></span> 
     </span>
     <span class='ocr_line' id='line_1_45' title="bbox 54 3688 1126 3800; baseline -0.002 -14"><span class='ocrx_word' id='word_1_430' title='bbox 54 3688 203 3787; x_wconf 73' lang='lat' dir='ltr'><strong>dicitur.-</strong></span> <span class='ocrx_word' id='word_1_431' title='bbox 221 3736 260 3786; x_wconf 78' lang='lat' dir='ltr'><strong>(if.</strong></span> <span class='ocrx_word' id='word_1_432' title='bbox 270 3752 330 3786; x_wconf 84' lang='lat' dir='ltr'><strong>mox</strong></span> <span class='ocrx_word' id='word_1_433' title='bbox 345 3740 400 3796; x_wconf 73' lang='lat' dir='ltr'><strong>oa,</strong></span> <span class='ocrx_word' id='word_1_434' title='bbox 418 3739 443 3792; x_wconf 90' lang='grc'><strong>6.</strong></span> <span class='ocrx_word' id='word_1_435' title='bbox 459 3735 533 3786; x_wconf 75' lang='lat' dir='ltr'><strong>mulo</strong></span> <span class='ocrx_word' id='word_1_436' title='bbox 541 3734 576 3784; x_wconf 89' lang='lat' dir='ltr'><strong>li-</strong></span> <span class='ocrx_word' id='word_1_437' title='bbox 610 3731 748 3796; x_wconf 82' lang='lat' dir='ltr'><strong>quaesitio</strong></span> <span class='ocrx_word' id='word_1_438' title='bbox 760 3740 889 3800; x_wconf 86' lang='lat' dir='ltr'><strong>potestate</strong></span> <span class='ocrx_word' id='word_1_439' title='bbox 898 3732 1064 3800; x_wconf 86' lang='lat' dir='ltr'><strong>optimorum:</strong></span> <span class='ocrx_word' id='word_1_440' title='bbox 1082 3734 1126 3784; x_wconf 91' lang='lat' dir='ltr'><strong>ubi</strong></span> 
     </span>
     <span class='ocr_line' id='line_1_46' title="bbox 54 3799 1127 3882; baseline -0.003 -27"><span class='ocrx_word' id='word_1_441' title='bbox 54 3803 226 3857; x_wconf 64' lang='lat' dir='ltr'><strong>addicuntur</strong></span> <span class='ocrx_word' id='word_1_442' title='bbox 235 3802 526 3882; x_wconf 84' lang='lat' dir='ltr'><strong>scriptiinconsideratc,</strong></span> <span class='ocrx_word' id='word_1_443' title='bbox 544 3802 576 3852; x_wconf 90' lang='lat' dir='ltr'><strong>ab</strong></span> <span class='ocrx_word' id='word_1_444' title='bbox 609 3815 633 3847; x_wconf 85' lang='lat' dir='ltr'><strong>v.</strong></span> <span class='ocrx_word' id='word_1_445' title='bbox 652 3799 777 3849; x_wconf 84' lang='lat' dir='ltr'><strong>Goerenz.</strong></span> <span class='ocrx_word' id='word_1_446' title='bbox 793 3818 819 3867; x_wconf 87' lang='lat' dir='ltr'><strong>p·</strong></span> <span class='ocrx_word' id='word_1_447' title='bbox 836 3803 896 3858; x_wconf 79' lang='lat'><strong>268·</strong></span> <span class='ocrx_word' id='word_1_448' title='bbox 931 3803 971 3851; x_wconf 91' lang='lat' dir='ltr'><strong>Ita</strong></span> <span class='ocrx_word' id='word_1_449' title='bbox 986 3817 1062 3868; x_wconf 85' lang='lat' dir='ltr'><strong>saepe</strong></span> <span class='ocrx_word' id='word_1_450' title='bbox 1077 3819 1127 3852; x_wconf 81' lang='lat' dir='ltr'><strong>ne·</strong></span> 
     </span>
     <span class='ocr_line' id='line_1_47' title="bbox 55 3867 1126 3939; baseline -0.004 -17"><span class='ocrx_word' id='word_1_451' title='bbox 55 3869 161 3939; x_wconf 85' lang='lat' dir='ltr'><strong>optimis</strong></span> <span class='ocrx_word' id='word_1_452' title='bbox 185 3868 237 3920; x_wconf 85' lang='lat' dir='ltr'><strong>illis</strong></span> <span class='ocrx_word' id='word_1_453' title='bbox 252 3871 353 3939; x_wconf 88' lang='lat' dir='ltr'><strong>qmdem</strong></span> <span class='ocrx_word' id='word_1_454' title='bbox 367 3869 441 3933; x_wconf 83' lang='lat' dir='ltr'><strong>viris,</strong></span> <span class='ocrx_word' id='word_1_455' title='bbox 458 3871 504 3920; x_wconf 91' lang='lat' dir='ltr'><strong>sed</strong></span> <span class='ocrx_word' id='word_1_456' title='bbox 523 3887 577 3920; x_wconf 89' lang='lat' dir='ltr'><strong>non</strong></span> <span class='ocrx_word' id='word_1_457' title='bbox 610 3884 660 3935; x_wconf 85' lang='lat' dir='ltr'><strong>que</strong></span> <span class='ocrx_word' id='word_1_458' title='bbox 675 3867 779 3934; x_wconf 74' lang='lat' dir='ltr'><strong>ponitau</strong></span> <span class='ocrx_word' id='word_1_459' title='bbox 795 3884 843 3933; x_wconf 88' lang='lat' dir='ltr'><strong>pro</strong></span> <span class='ocrx_word' id='word_1_460' title='bbox 862 3883 911 3917; x_wconf 88' lang='lat' dir='ltr'><strong>nec</strong></span> <span class='ocrx_word' id='word_1_461' title='bbox 927 3885 998 3928; x_wconf 81' lang='lat' dir='ltr'><strong>vero,</strong></span> <span class='ocrx_word' id='word_1_462' title='bbox 1016 3886 1064 3918; x_wconf 85' lang='lat' dir='ltr'><strong>nec</strong></span> <span class='ocrx_word' id='word_1_463' title='bbox 1080 3880 1126 3919; x_wconf 84' lang='lat' dir='ltr'><strong>ta-</strong></span> 
     </span>
     <span class='ocr_line' id='line_1_48' title="bbox 55 3933 1127 4006; baseline -0.002 -17"><span class='ocrx_word' id='word_1_464' title='bbox 55 3937 120 3989; x_wconf 82' lang='lat' dir='ltr'><strong>satis</strong></span> <span class='ocrx_word' id='word_1_465' title='bbox 134 3937 254 3998; x_wconf 79' lang='lat' dir='ltr'><strong>eruditis5</strong></span> <span class='ocrx_word' id='word_1_466' title='bbox 270 3936 326 3989; x_wconf 89' lang='lat' dir='ltr'><strong>fieri</strong></span> <span class='ocrx_word' id='word_1_467' title='bbox 340 3948 424 3990; x_wconf 86' lang='lat' dir='ltr'><strong>autem</strong></span> <span class='ocrx_word' id='word_1_468' title='bbox 436 3947 531 4006; x_wconf 84' lang='lat' dir='ltr'><strong>potest,</strong></span> <span class='ocrx_word' id='word_1_469' title='bbox 547 3946 578 3986; x_wconf 90' lang='lat' dir='ltr'><strong>ut</strong></span> <span class='ocrx_word' id='word_1_470' title='bbox 610 3952 677 3984; x_wconf 85' lang='lat' dir='ltr'><strong>men.</strong></span> <span class='ocrx_word' id='word_1_471' title='bbox 694 3936 725 3985; x_wconf 87' lang='lat' dir='ltr'><strong>V.</strong></span> <span class='ocrx_word' id='word_1_472' title='bbox 732 3933 816 3983; x_wconf 90' lang='lat' dir='ltr'><strong>Bremi</strong></span> <span class='ocrx_word' id='word_1_473' title='bbox 829 3933 861 3984; x_wconf 88' lang='lat' dir='ltr'><strong>ad</strong></span> <span class='ocrx_word' id='word_1_474' title='bbox 878 3935 953 3987; x_wconf 85' lang='lat' dir='ltr'><strong>Corn.</strong></span> <span class='ocrx_word' id='word_1_475' title='bbox 960 3937 1026 4004; x_wconf 85' lang='lat' dir='ltr'><strong>Nep.</strong></span> <span class='ocrx_word' id='word_1_476' title='bbox 1032 3936 1127 4003; x_wconf 75' lang='lat' dir='ltr'><strong>Agesil.</strong></span> 
     </span>
     <span class='ocr_line' id='line_1_49' title="bbox 54 4003 1206 4085; baseline 0.005 -28"><span class='ocrx_word' id='word_1_477' title='bbox 54 4015 129 4057; x_wconf 83' lang='lat' dir='ltr'><strong>recte</strong></span> <span class='ocrx_word' id='word_1_478' title='bbox 162 4003 313 4070; x_wconf 84' lang='lat' dir='ltr'><strong>nissentiat,</strong></span> <span class='ocrx_word' id='word_1_479' title='bbox 332 4015 359 4056; x_wconf 87' lang='lat' dir='ltr'><strong>et</strong></span> <span class='ocrx_word' id='word_1_480' title='bbox 372 4006 414 4067; x_wconf 89' lang='lat' dir='ltr'><strong>id,</strong></span> <span class='ocrx_word' id='word_1_481' title='bbox 433 4004 501 4085; x_wconf 80' lang='lat' dir='ltr'><strong>quod</strong></span> <span class='ocrx_word' id='word_1_482' title='bbox 516 4022 577 4056; x_wconf 89' lang='lat' dir='ltr'><strong>sen·</strong></span> <span class='ocrx_word' id='word_1_483' title='bbox 609 4004 630 4066; x_wconf 93' lang='lat' dir='ltr'><strong>I,</strong></span> <span class='ocrx_word' id='word_1_484' title='bbox 646 4003 673 4061; x_wconf 72' lang='lat'><em>4</em></span> <span class='ocrx_word' id='word_1_485' title='bbox 690 4020 715 4069; x_wconf 90' lang='lat' dir='ltr'><strong>p·</strong></span> <span class='ocrx_word' id='word_1_486' title='bbox 733 4003 794 4060; x_wconf 79' lang='lat'><strong>243·</strong></span> <span class='ocrx_word' id='word_1_487' title='bbox 1202 4010 1206 4021; x_wconf 91' lang='lat'>&#39;</span> 
     </span>
     <span class='ocr_line' id='line_1_50' title="bbox 57 4070 1127 4142; baseline -0.002 -20"><span class='ocrx_word' id='word_1_488' title='bbox 57 4072 98 4138; x_wconf 87' lang='lat' dir='ltr'><strong>tit,</strong></span> <span class='ocrx_word' id='word_1_489' title='bbox 115 4090 152 4141; x_wconf 90' lang='lat' dir='ltr'><strong>po</strong></span> <span class='ocrx_word' id='word_1_490' title='bbox 165 4072 200 4122; x_wconf 86' lang='lat' dir='ltr'><strong>&#39;te</strong></span> <span class='ocrx_word' id='word_1_491' title='bbox 216 4073 369 4141; x_wconf 81' lang='lat' dir='ltr'><strong>cloquinon</strong></span> <span class='ocrx_word' id='word_1_492' title='bbox 380 4083 514 4142; x_wconf 73' lang='lat' dir='ltr'><strong>possit-</strong></span> <span class='ocrx_word' id='word_1_493' title='bbox 538 4074 577 4123; x_wconf 91' lang='lat' dir='ltr'><strong>De</strong></span> <span class='ocrx_word' id='word_1_494' title='bbox 661 4083 688 4119; x_wconf 79' lang='lat' dir='ltr'><strong>et</strong></span> <span class='ocrx_word' id='word_1_495' title='bbox 701 4070 915 4138; x_wconf 79' lang='lat' dir='ltr'><strong>Epaminondas)</strong></span> <span class='ocrx_word' id='word_1_496' title='bbox 933 4070 1033 4123; x_wconf 80' lang='lat' dir='ltr'><strong>Vocula</strong></span> <span class='ocrx_word' id='word_1_497' title='bbox 1041 4082 1127 4123; x_wconf 75' lang='lat' dir='ltr'><strong>canon</strong></span> 
     </span>
     <span class='ocr_line' id='line_1_51' title="bbox 57 4137 1126 4206; baseline -0.007 -15"><span class='ocrx_word' id='word_1_498' title='bbox 57 4140 107 4192; x_wconf 85' lang='lat' dir='ltr'><strong>rei</strong></span> <span class='ocrx_word' id='word_1_499' title='bbox 140 4139 205 4193; x_wconf 75' lang='lat' dir='ltr'><strong>aci.</strong></span> <span class='ocrx_word' id='word_1_500' title='bbox 222 4143 292 4190; x_wconf 83' lang='lat' dir='ltr'><strong>Brut.</strong></span> <span class='ocrx_word' id='word_1_501' title='bbox 307 4147 384 4199; x_wconf 70' lang='lat' dir='ltr'><strong>c020.</strong></span> <span class='ocrx_word' id='word_1_502' title='bbox 534 4179 538 4186; x_wconf 89' lang='lat'><strong>.</strong></span> <span class='ocrx_word' id='word_1_503' title='bbox 611 4138 736 4206; x_wconf 88' lang='lat' dir='ltr'><strong>significat</strong></span> <span class='ocrx_word' id='word_1_504' title='bbox 758 4139 838 4187; x_wconf 83' lang='lat' dir='ltr'><strong>etiam</strong></span> <span class='ocrx_word' id='word_1_505' title='bbox 863 4137 972 4204; x_wconf 89' lang='lat' dir='ltr'><strong>(dequo</strong></span> <span class='ocrx_word' id='word_1_506' title='bbox 998 4155 1044 4187; x_wconf 92' lang='lat' dir='ltr'><strong>usu</strong></span> <span class='ocrx_word' id='word_1_507' title='bbox 1059 4138 1126 4186; x_wconf 84' lang='lat' dir='ltr'><strong>infra</strong></span> 
     </span>
     <span class='ocr_line' id='line_1_52' title="bbox 106 4159 1127 4277; baseline -0.008 -15"><span class='ocrx_word' id='word_1_508' title='bbox 106 4159 319 4277; x_wconf 59' lang='lat' dir='ltr'><strong>iifolycleoos)</strong></span> <span class='ocrx_word' id='word_1_509' title='bbox 336 4206 511 4262; x_wconf 82' lang='lat' dir='ltr'><strong>Offendithoc</strong></span> <span class='ocrx_word' id='word_1_510' title='bbox 526 4224 577 4259; x_wconf 92' lang='lat' dir='ltr'><strong>no·</strong></span> <span class='ocrx_word' id='word_1_511' title='bbox 611 4204 746 4271; x_wconf 71' lang='lat' dir='ltr'><strong>dicemus];</strong></span> <span class='ocrx_word' id='word_1_512' title='bbox 778 4204 823 4254; x_wconf 88' lang='lat' dir='ltr'><strong>sed</strong></span> <span class='ocrx_word' id='word_1_513' title='bbox 847 4204 984 4271; x_wconf 86' lang='lat' dir='ltr'><strong>respondet</strong></span> <span class='ocrx_word' id='word_1_514' title='bbox 1012 4204 1127 4271; x_wconf 80' lang='lat' dir='ltr'><strong>sequenti</strong></span> 
     </span>
    </p>
   </div>
   <div class='ocr_carea' id='block_1_5' title="bbox 0 0 1324 4626">
    <p class='ocr_par' dir='ltr' id='par_1_5' title="bbox 0 0 1324 4626">
     <span class='ocr_line' id='line_1_53' title="bbox 0 0 1324 4626; baseline 0 0"><span class='ocrx_word' id='word_1_515' title='bbox 0 0 1324 4626; x_wconf 95' lang='lat' dir='ltr'><strong> </strong></span> 
     </span>
    </p>
   </div>
  </div>
 </body>
</html>
