2640 4626
472 226 734 278 rnounconsns.
1098 218 1141 286 99

64 350 182 410 tatione
199 348 238 407 ad
251 357 350 427 partes
359 356 482 424 ,vocam
504 350 701 429 aegritudine
715 349 837 428 quidem
855 351 1019 430 sapientem
1033 370 1142 412 vacere

63 452 163 526 dicat3
187 472 221 510 ea
242 459 341 510 autem
358 450 494 524 sublata,
516 449 601 528 sequi
624 450 730 527 etiam,
752 471 791 511 ne
811 462 924 511 metum
946 450 1067 528 quidem
1087 475 1140 513 ce·

63 553 137 613 dere
151 572 239 632 posse
254 551 287 609 in
301 551 482 631 sapientem5
504 571 574 610 nam
588 560 702 611 metum
717 572 780 612 esee
798 573 900 614 aarum
914 572 1017 613 rerum
1030 554 1140 614 absen-

61 656 159 730 tium,
182 673 311 733 quarum
325 654 530 732 praesentium
544 653 583 713 sit
596 653 769 731 aegritudo:
791 655 943 733 reliquum
958 655 1052 733 igitur
1067 677 1140 731 esse,

62 767 100 817 ut
116 756 356 831 demonstretur,
378 775 417 814 ne
433 755 508 815 duas
524 756 646 832 quidem
664 775 741 834 quae
756 765 871 816 restent
887 757 1140 836 perturbationes,

63 857 211 919 laetitiam
226 857 400 936 gestientem
417 866 447 915 et
462 854 619 916 libidinem
635 857 669 916 in
686 857 851 937 sapientem
868 857 983 918 cadere.
1006 879 1032 918 c.
1049 855 1080 927 4.

151 975 208 1036 llis
225 986 325 1035 autem
340 975 469 1050 relictis,
490 982 588 1034 totum
605 974 643 1034 de
656 972 936 1054 perturbationibus
953 976 1056 1036 locum
1075 977 1140 1037 dis-

62 1079 223 1159 putatione
236 1098 290 1136 sua
307 1076 467 1156 complecti
481 1076 665 1154 ingreditur,
689 1086 779 1155 atque
792 1079 835 1137 ite
849 1079 986 1157 quidem,
1008 1088 1044 1138 ut
1056 1079 1139 1138 Stoi-

65 1200 173 1241 corum
188 1180 352 1254 rationem,
375 1178 444 1257 qui,
468 1198 561 1256 quum
575 1178 612 1237 de
628 1179 721 1238 animi
735 1181 1014 1257 perturbationibus
1030 1181 1139 1260 dispu-

62 1292 149 1358 tent,
172 1302 310 1360 magnam
327 1280 495 1361 partemin
515 1280 553 1339 iis
569 1279 736 1360 partiendis
755 1288 785 1340 et
803 1280 980 1341 definiendis
999 1283 1139 1362 occupati

63 1385 144 1459 sint,
173 1383 354 1443 medicinam
379 1391 479 1442 autem
501 1382 765 1461 perturbationum
782 1382 890 1441 leviter
907 1392 1025 1444 tantum
1042 1385 1138 1444 attin-

62 1494 147 1565 gant,
168 1505 239 1544 cum
251 1484 519 1564 Peripateticorum
534 1485 661 1559 ratione,
684 1484 746 1562 qui,
768 1484 921 1563 partiendi
934 1494 964 1545 et
976 1484 1140 1546 definiendi

63 1588 160 1667 spinis
179 1586 413 1667 praetermissis,
444 1584 483 1644 ad
506 1585 671 1664 placandos
686 1584 895 1664 sanandosque
911 1586 1026 1646 animos
1041 1587 1139 1647 multa

65 1689 211 1764 afferant,
233 1686 473 1765 coniungendam
488 1687 611 1748 iudicet
654 1688 730 1747 Tota
748 1687 843 1766 igitur
862 1686 954 1748 buius
974 1687 1048 1748 libri
1072 1688 1137 1749 dis·

64 1791 185 1871 putatio
206 1790 358 1869 tripertita
379 1797 432 1848 eet

147 1927 183 1985 A.
206 1928 330 1985 >Prima
351 1946 429 2005 pare
453 1892 532 1984 sistit
553 1915 717 1985 diuisionee
739 1933 770 1983 et
790 1923 979 1986 definitiones
1003 1929 1137 1986 omnium

63 2027 333 2107 perturbationum
344 2025 456 2084 'enimiz
474 2026 627 2104 inquibus
640 2046 741 2108 presse
755 2027 893 2104 sequitur
902 2027 1073 2087 Stoicorum
1081 2049 1137 2088 ve-

63 2129 162 2208 stigia
185 2149 211 2188 c.
228 2127 300 2195 6-
314 2124 363 2195 14.

148 2264 184 2323 Β.
207 2262 320 2323 Altm
331 2285 409 2343 pare
424 2261 521 2337 docet,
539 2260 781 2341 perturbationes
798 2262 831 2320 in
847 2263 1012 2342 sapientem
1030 2263 1137 2324 cadere

63 2385 128 2425 non
147 2386 243 2445 posse.
287 2365 324 2424 ln
343 2385 403 2443 quo
426 2364 496 2423 loco
521 2363 639 2422 Tullius
658 2362 777 2441 longius
797 2364 986 2442 exspatiatur
998 2365 1031 2424 in
1043 2365 1136 2425 refel-

62 2466 156 2527 lenda
174 2467 443 2545 Peripateticorum
460 2466 497 2524 de
513 2465 776 2544 perturbationum
790 2474 820 2525 et
836 2465 1012 2525 necestitate
1027 2475 1058 2526 et
1070 2467 1136 2525 uti·

62 2569 151 2629 litate
167 2569 324 2629 sententie.
347 2590 372 2629 c.
389 2570 429 2636 15
441 2599 480 2614 -
492 2569 544 2636 26.

150 2705 182 2762 C.
213 2706 313 2763 Tertia
333 2725 412 2784 pars
434 2702 581 2782 proponit
595 2701 745 2780 remedia,
768 2720 843 2782 quae
858 2701 1136 2782 perbubationibus

64 2804 236 2866 adhibenda
253 2806 323 2865 sint
346 2826 372 2865 c.
388 2807 430 2875 27
443 2805 546 2871 -38.

437 3024 473 3091 Α.
515 3023 639 3085 PRIMA
660 3023 758 3085 PARS

581 3163 621 3203 DE

199 3259 367 3313 umelortlt
384 3258 429 3311 ET
445 3254 662 3310 brummont
678 3256 1001 3311 mwnulrromnt

149 3420 176 3458 a.
198 3401 350 3480 Definitio
371 3397 612 3479 perturbationis
618 3422 646 3467 ,·
662 3399 785 3476 eiusque
801 3400 944 3477 partium
959 3396 1134 3476 descrspte'c.

63 3501 261 3560 Perturbatio
271 3498 388 3582 (attae,
407 3495 653 3578 Leidensem),
676 3512 752 3575 quae
763 3497 862 3556 oritur
876 3517 892 3555 e
905 3496 1019 3556 iudicio
1029 3507 1059 3557 et
1067 3499 1137 3578 opi-

61 3600 156 3662 nione
171 3597 281 3684 (faba),
303 3611 435 3679 quaeest
448 3598 599 3659 imbecilla
616 3598 746 3658 mensio
766 3596 808 3680 (v.
825 3599 853 3676 §.
873 3596 945 3680 15.)‚
966 3608 1011 3660 eet
1026 3621 1137 3661 aversa

62 3722 85 3760 (ι
105 3715 189 3762 recta
211 3709 348 3771 ratione,
378 3714 484 3761 curura
505 3711 669 3770 murum,
691 3702 791 3773 animi
809 3705 967 3761 commotio
988 3699 1021 3784 (ἡ
1036 3703 1137 3776 dierat

61 3803 113 3861 est
125 3805 205 3874 auoit
222 3805 310 3874 φύσιν
326 3807 419 3876 ψυχῆς
434 3810 550 3877 κίνησις,
569 3801 652 3879 lliog.
668 3802 765 3862 Lasrt
776 3784 844 3878 l'll,
859 3798 933 3882 63..)
962 3802 1044 3864 Huic
1058 3826 1135 3866 con·

60 3898 158 3959 traria
165 3909 210 3960 est
216 3902 392 3958 constantia
410 3899 574 3983 (semesa,
591 3902 1005 3985 innereGleiclmedeeigkee't,
1022 3908 1135 3987 geord·

60 4012 128 4060 nete
154 3999 446 4082 Seelmbewegung).
488 4002 678 4065 Perturbatio
694 4013 794 4065 autem
814 4025 871 4085 pro
886 4025 989 4064 rerum
1004 4027 1064 4085 qua
1079 4029 1135 4068 ex-

61 4101 178 4162 citatur.
190 4101 310 4162 diverse
325 4112 436 4165 nanus
456 4106 671 4187 euteppetitus
690 4114 744 4182 est,
765 4114 818 4166 eut
833 4107 997 4167 aversatio:
1018 4129 1135 4168 resau-

59 4210 132 4285 tem,
154 4204 267 4284 qmbus
282 4213 335 4266 esst
348 4205 499 4287 appetitus
514 4207 569 4269 eu't
581 4206 733 4270 aversatio
747 4216 911 4287 monetur,
929 4221 989 4270 aut
998 4227 1154 4290 praesen-
