2640 4626
486 212 613 265 nisan
630 214 650 263 1.
669 216 711 273 ts
930 238 937 245 ·
1094 213 1138 281 ει

62 339 150 420 ae‘re,
175 359 275 431 quem
292 357 392 433 saepe
406 329 474 405 iam
494 328 638 432 appello,
662 358 804 433 eumque
817 354 1023 439 perrumpat,
1045 340 1142 443 quod

61 434 149 508 nihil
165 450 217 507 est
233 433 344 506 animo
362 430 528 523 velocius3
552 431 643 507 nulla
664 450 716 509 est
729 434 897 529 celeritas,
921 468 1007 541 qnae
1029 434 1138 543 possit

62 564 140 617 rum
166 536 269 610 animi
291 535 455 609 celeritate
477 535 685 609 contendere.
711 537 816 639 quisi
835 544 1138 640 permanetineor-
1189 576 1200 595 ·

61 656 200 740 ruptus,
225 638 344 737 suique
368 638 505 711 similis:
530 664 667 725 neeesse
682 654 733 713 est
753 640 799 715 ita
816 641 959 735 feratur,
983 662 1021 720 ut
1036 674 1141 748 pene.

61 758 128 815 tret
148 756 181 815 et
201 740 328 815 dividat
348 768 452 815 omne·
464 739 594 815 coelum
614 740 697 829 hoc,
722 742 760 815 in
777 753 845 843 quo
860 746 986 836 nubes,
1011 748 1137 825 imbres
1154 780 1159 791 ’

61 843 216 943 ventique
237 859 420 941 eogrmtur3
446 843 537 943 quod
560 859 592 916 et
607 842 781 917 humidum
800 863 831 919 et
848 846 1067 947 caliginosum
1088 871 1138 928 est

60 963 202 1048 propter
224 943 447 1019 exhalationes
472 961 588 1019 terrae.
638 945 751 1045 Quam
768 948 938 1047 regionem
962 981 1065 1053 quum
1082 982 1142 1030 su·

61 1048 190 1150 perarit
205 1047 345 1136 animus,
370 1064 587 1147 naturamque
602 1048 654 1120 sui
670 1048 812 1141 similem
830 1054 969 1153 contigit
984 1072 1016 1129 et
1036 1084 1139 1155 agno-

61 1152 125 1239 vit;
150 1151 272 1223 iunctis
292 1179 331 1224 ex
353 1149 464 1223 anima
486 1148 578 1224 tenui
602 1167 633 1227 et
657 1179 696 1224 ex
714 1152 832 1227 ardore
855 1154 936 1229 solis
954 1166 1137 1258 temperato

60 1252 199 1351 ignibus
222 1252 364 1340 insistit,
390 1268 421 1325 et
445 1240 665 1327 finemfflltius
691 1282 727 1326 se
745 1254 905 1330 efferendi
921 1259 1007 1333 lacit.
1032 1267 1135 1335 tum⁶·

62 1355 153 1429 euim
177 1355 230 1429 sui
248 1353 390 1427 similem
414 1370 446 1427 et
468 1353 631 1427 levitatem
657 1371 688 1428 et
706 1355 847 1430 calorem
871 1360 1030 1461 adeptus,
1055 1380 1140 1439 tam-

61 1485 164 1558 quam
181 1458 320 1556 paribus
336 1457 539 1529 examinatus
558 1457 787 1557 ponderibus,
813 1458 937 1535 nullam
960 1464 995 1534 in
1010 1482 1138 1563 partem
1212 1537 1218 1547 ,

59 1562 230 1647 movetnr3
257 1587 359 1659 eaque
385 1559 413 1632 ei
438 1558 571 1631 denium
591 1559 749 1632 naturalis
765 1577 813 1634 est
835 1563 948 1651 sedes',
973 1593 1076 1664 quum
1095 1568 1138 1641 ad

61 1663 116 1735 sui
141 1661 279 1734 simile⁷
306 1661 509 1762 penetravit,
532 1663 657 1761 inquo
686 1660 776 1735 nulla
803 1691 839 1736 re
865 1694 964 1763 egens
984 1667 1087 1741 aletur
1107 1686 1138 1745 et

60 1764 304 1838 sustentabitur
326 1763 446 1837 iisdem
464 1763 582 1852 rebus,
608 1764 732 1863 quibus
755 1782 842 1839 astra
866 1759 1092 1844 sustentantur
1106 1761 1138 1847 et

60 1865 202 1940 aluntur.
1131 1877 1137 1951 J

163 1974 222 2048 44.
249 1967 427 2068 Quumque
449 1967 599 2069 corporis
618 1968 747 2042 facibus
765 1971 962 2047 inllammari
973 1975 1137 2050 soleamus

59 2071 106 2146 ad
124 2071 233 2145 omnis
251 2071 319 2144 fere
336 2071 545 2171 cupiditates,
571 2100 677 2171 eoque
694 2073 799 2169 magis
822 2075 967 2165 incendi,
989 2080 1080 2177 qnod
1096 2080 1152 2158 iis

34 2231 39 2240 .
58 2173 274 2262 aemulemur,
300 2175 358 2273 qui
382 2201 420 2246 ea
435 2174 596 2261 habeant,
623 2202 706 2273 quae
723 2204 784 2248 nos
803 2177 926 2251 hahere
946 2183 1137 2281 cupiamus:

56 2277 213 2379 profecto
240 2293 320 2348 tunc
338 2276 460 2349 erimus
475 2275 609 2362 beati-⁸,
636 2304 756 2376 quum,
783 2281 983 2378 corporibus
1003 2283 1137 2373 relictiS,

59 2396 94 2452 et
104 2379 324 2479 cupiditatum
340 2396 371 2452 et
388 2376 646 2452 aemulationum
663 2379 785 2451 erimus
797 2400 954 2479 expertes.
980 2387 1137 2484 quodque

56 2510 150 2555 nunc
167 2481 324 2570 facimus,
351 2509 455 2582 quum
476 2481 575 2553 laxati
593 2481 829 2569 carissumus,
855 2500 891 2553 ut
908 2502 1056 2584 spectare
1079 2486 1137 2559 ali-

53 2582 145 2685 'quid
169 2583 307 2659 velimus
333 2599 365 2656 et
389 2584 511 2671 visere,
537 2583 575 2655 id
599 2581 702 2656 multo
724 2599 795 2656 tum
810 2584 968 2658 haciemus
988 2587 1137 2679 liberius,

129 2754 206 2812 68ic
221 2754 266 2803 W.
285 2769 307 2804 o.
324 2754 389 2803 Dav.
416 2771 431 2803 o
454 2752 537 2804 Bentl.
567 2752 633 2803 coni.
650 2781 683 2792 -
700 2753 758 2803 Ern.
778 2771 799 2803 c.
818 2754 885 2820 vulg.
903 2774 968 2805 cum.
1003 2759 1095 2816 7llrn.
1113 2776 1134 2808 c.

78 2820 176 2872 loribus
198 2821 263 2872 Edd.
287 2829 349 2870 vett.
367 2821 489 2872 similem.
523 2821 600 2878 88ic
617 2822 662 2870 W.
682 2839 704 2870 c.
727 2821 814 2870 multis
830 2823 893 2872 Edd.
919 2834 982 2874 vett.
999 2854 1032 2864 -
1052 2831 1094 2875 Or.
1112 2843 1136 2875 c.

84 2890 135 2939 .b.
153 2893 252 2939 Oxonn.
271 2888 394 2953 omnibus,
410 2890 489 2940 PML.
525 2888 606 2939 Gehh.
624 2889 656 2939 D.
673 2890 733 2939 Ern.
748 2887 823 2958 pros.
842 2888 913 2942 beati
929 2893 1042 2943 erimus:
1067 2893 1136 2960 qnod
1181 2940 1184 2949 ,

56 2957 144 3008 mium
156 2957 250 3024 placet.

56 3092 128 3143 quae
142 3091 201 3125 vere
217 3081 298 3124 essot:
326 3075 445 3136 accedia,
462 3088 492 3125 ua
505 3072 535 3143 s.
557 3092 584 3124 a.
616 3083 673 3123 tur:
692 3073 780 3140 quibus
794 3076 862 3126 altas
874 3087 1061 3144 renovataeque
1070 3079 1135 3128 stel-

57 3141 162 3194 evadat
180 3159 234 3192 rem
257 3140 432 3207 adsignificat,
450 3160 516 3210 quae
531 3159 584 3193 non
616 3140 658 3191 lae
687 3152 764 3209 atque
788 3143 868 3193 omnis
887 3145 975 3195 aether
996 3147 1136 3196 refundunt

56 3227 121 3261 vere
137 3208 174 3260 ita
187 3227 240 3259 esso
255 3209 375 3276 ponitur,
400 3210 445 3259 sed
461 3226 526 3276 quae
547 3209 585 3260 ita
618 3209 706 3258 eadem
730 3220 755 3259 et
775 3228 859 3260 rursus
882 3212 989 3264 trahunt
1013 3211 1135 3274 indidem,

57 3277 200 3343 cogitanda
215 3276 256 3326 sit.
292 3277 330 3326 Cf.
354 3277 503 3327 llamshorn.
522 3280 582 3327 lior.
617 3275 682 3325 nihil
696 3285 725 3326 ut
737 3277 847 3327 intereat
863 3290 907 3328 aut
922 3280 1056 3330 admodum
1068 3298 1141 3346 pau-⁸

56 3347 108 3396 Gr.
126 3347 149 3413 §.
167 3347 224 3402 183.
247 3362 274 3411 p.
289 3345 347 3402 545.
364 3371 397 3383 ·-
426 3345 478 3406 Qui
499 3355 584 3395 antem
616 3343 710 3405 lulum,
737 3345 805 3411 quod
829 3356 952 3395 astrorum
965 3347 1031 3412 ignis
1048 3358 1075 3397 et
1088 3364 1134 3397 ae-

56 3411 188 3481 particula
202 3423 231 3460 ut
242 3421 301 3478 post
317 3411 421 3460 accedit
436 3411 507 3478 sequi
520 3429 584 3478 pos·
616 3411 695 3461 theris
711 3412 810 3462 {lamma
826 3423 965 3462 consumat.

55 3481 111 3544 sit,
130 3495 284 3546 exponemus
301 3477 367 3529 infra
383 3477 462 3528 adv.
480 3482 523 3540 21,
540 3483 582 3536 62.
667 3491 793 3546 tanquam
822 3478 934 3547 paribus
966 3481 1134 3530 examinatus

112 3563 189 3596 omne
211 3546 313 3596 caelum
339 3545 397 3611 hoe)
416 3544 524 3594 Caelum
540 3544 584 3595 hic
613 3544 783 3614 ponderibus)
802 3547 864 3595 lle.
882 3556 1019 3613 „tauquam
1039 3548 1072 3597 ad
1086 3565 1133 3597 ae,

56 3624 101 3667 est
125 3612 302 3680 etmosphaera
339 3623 440 3674 nostra,
471 3612 499 3661 in
535 3629 584 3679 qua
617 3612 761 3679 qnilibrium
774 3613 905 3672 redactus,
924 3613 1044 3675 materia,
1069 3633 1133 3681 qnae

54 3691 122 3735 sunt
142 3681 229 3731 nubes.
264 3681 331 3731 Hinc
353 3681 502 3747 etiampro
526 3685 583 3730 atire
617 3679 728 3728 eiusdem
759 3686 808 3729 estx
828 3681 959 3746 gravitatis
991 3683 1132 3749 specificae,

54 3749 174 3820 ponitur.
209 3750 241 3798 V.
258 3747 376 3798 Schuetz.
387 3749 449 3798 Lex.
465 3747 517 3799 Cic.
527 3766 547 3797 s.
557 3764 580 3798 v.
617 3746 810 3796 circumfusum
823 3748 920 3798 Neide.

110 3815 367 3886 iunctis-ignibus
383 3815 496 3880 insistit)
513 3817 584 3864 Haeo
667 3815 708 3872 44.
726 3815 821 3880 visere)
831 3817 888 3866 Hoc
896 3816 998 3866 verbum
1005 3835 1132 3885 nunquam
1148 3879 1150 3883 Ι

56 3895 88 3936 et
103 3902 171 3953 quae
185 3894 325 3950 sequnntur
339 3883 415 3933 verba
424 3883 584 3932 illustrantur
616 3880 684 3931 idern
704 3882 845 3947 significat,
871 3884 940 3950 quod
964 3885 1071 3946 videre,
1087 3885 1133 3935 sed

56 3950 192 4004 Ciceronis
211 3951 270 4001 loco
285 3952 319 4001 N.
335 3953 367 4001 D.
385 3952 422 4012 Il,
440 3951 483 4008 46.
517 3954 582 4000 Sunt
616 3967 715 4016 semper
735 3949 880 4000 adiunctam
902 3951 981 4001 habet
1001 3953 1133 4003 notionem

56 4031 146 4073 autem
156 4018 496 4077 stellaerraturallamnreae3
514 4035 582 4085 quo·
615 4017 713 4085 aliquid,
725 4018 860 4084 diligenter
879 4029 904 4068 st
919 4031 1035 4070 accurate
1050 4020 1132 4086 inspi-

57 4089 131 4139 circa
152 4097 254 4146 terrae,
273 4085 363 4148 maris,
391 4103 511 4153 aquarum
535 4103 581 4136 va·
615 4085 705 4147 ciendi,
724 4085 881 4152 explorandi,
899 4088 1064 4140 examinandi.
1088 4090 1133 4136 Est

55 4156 167 4225 poribus
189 4156 291 4204 aluntur
306 4153 350 4214 iis,
376 4153 419 4221 qui
444 4173 458 4203 n
479 4154 533 4204 solt¹
550 4171 581 4202 ex
616 4154 680 4203 enim
703 4154 809 4203 verbum
832 4154 999 4215 intensivum,
1030 4156 1132 4204 ductum

57 4223 129 4291 agris
142 4223 279 4292 tepefactis
292 4230 318 4271 et
332 4219 447 4290 exequis
463 4221 581 4272 excitan-
614 4221 727 4276 averbo
759 4221 879 4271 videndi.
929 4221 1040 4288 Egregia
1058 4220 1132 4271 huius

900 4291 921 4348 a
