2640 4626
99 206 144 279 36
203 176 205 180 ’
508 209 769 264 raouscounus.

101 336 246 418 quoniam
259 341 399 399 constant
415 332 523 392 esalsis
541 332 735 415 opinionibus
749 351 852 391 rerum
864 332 1014 392 bonarum
1034 341 1065 392 at
1081 331 1183 390 mala-

101 459 181 516 rum,
191 436 372 515 inveteratio
387 446 496 512 autem,
505 435 580 494 utin
590 435 769 514 corporibus
779 433 896 512 aegrius
906 433 1080 517 depellitur,
1089 452 1183 511 quam

102 538 310 621 perturbatio,
332 557 409 615 quae
425 546 472 598 ast
486 537 645 617 repentina
664 536 757 595 animi
773 535 941 596 commotio.
964 535 991 612 §.
1013 536 1065 604 80.
1083 537 1138 602 81.

187 640 250 701 ΙΙΙ.
265 641 434 699 Coucuumo
456 659 564 697 rorans
584 656 822 697 ursaursrrours.
865 639 986 696 Summa
1002 637 1098 696 totius
1115 635 1182 694 dis·

103 741 271 825 putationis
285 741 372 820 quasi
387 741 486 821 capita
500 749 699 820 repetuntur:
723 758 825 801 ornnes
844 738 1088 819 perturbationes
1106 737 1184 797 oriri

106 866 145 906 ex
173 843 316 924 opinione
336 852 366 902 et
389 842 577 902 voluntarias
601 863 681 901 esse:
704 841 838 901 omnium
856 848 956 900 autem
973 840 1182 919 gravissimam

105 967 168 1008 esse
184 943 419 1024 aegritudinem:
440 943 533 1003 huius
548 952 648 1004 autam
658 952 688 1002 et
695 943 883 1022 reliquorum
897 943 989 1001 animi
1003 942 1182 1002 morborum

104 1068 201 1120 uuam⁴
223 1067 285 1106 esse
310 1046 512 1123 sanationem,
542 1066 643 1105 omnes
661 1045 828 1123 opinabiles
852 1065 914 1105 essa
936 1054 966 1104 et
978 1045 1183 1119 voluntarios,

107 1169 202 1227 eaque
216 1169 249 1207 re
264 1148 395 1227 suscipi,
418 1146 501 1226 quod
523 1147 566 1207 ita
580 1156 697 1206 rectum
714 1166 776 1205 esse
792 1145 941 1206 videatur.
985 1146 1077 1205 Hunc
1093 1166 1182 1205 erro-

105 1271 180 1327 rem,
202 1249 288 1328 quasi
302 1251 436 1309 radicem
452 1248 602 1308 malorum
618 1249 761 1324 omnium,
784 1268 878 1327 quum
893 1248 1031 1326 stirpitus
1040 1247 1183 1327 philoso-
1221 1322 1224 1338 Ι

105 1351 179 1433 phia
201 1371 233 1412 se
258 1359 461 1411 extracturam
482 1351 677 1430 polliceatur:
700 1349 805 1409 demus
825 1371 881 1409 nos
897 1349 971 1409 huic
989 1348 1184 1425 excolendos,

106 1452 315 1534 patiamurque
339 1474 396 1512 uos
423 1451 540 1528 sanari,
562 1452 722 1529 omniaque
738 1450 912 1513 adiumenta
927 1460 958 1509 et
974 1451 1088 1510 auxilia
1103 1453 1184 1511 bene

106 1553 252 1635 beateque
266 1553 392 1614 vivendi
408 1554 446 1614 ab
465 1573 499 1612 ea
516 1562 661 1634 petamus.
684 1574 710 1612 c.
731 1553 783 1622 38.

158 1987 624 2104 TUSCULANARUM
647 1987 1125 2106 DISPUTATIONUM

480 2141 602 2193 araur
630 2142 803 2206 omum,

533 2285 593 2355 Quo
614 2270 762 2342 noc'aruu,

175 2392 213 2437 su
226 2391 326 2438 susan
339 2392 502 2439 vrvuuouu
514 2392 680 2438 vmruruu
693 2392 731 2436 su
743 2392 809 2438 uss
821 2393 896 2439 ussa
909 2393 1112 2448 cauraursu.
1174 2363 1178 2368 ’

480 2498 816 2560 CONSPECTUS.·

192 2668 216 2728 1.
237 2669 432 2729 Puooamum.
475 2668 563 2728 Nihil
588 2679 633 2731 est
651 2669 802 2746 chinium,
825 2690 902 2748 quae
926 2671 960 2729 in
984 2670 1188 2754 philosophia

109 2779 288 2846 tractantur,
311 2769 392 2848 quod
406 2769 528 2847 gravius
544 2771 843 2849 magnificentiusque
852 2771 980 2848 dicatur,
1004 2793 1093 2851 quam
1110 2796 1186 2834 sen-

107 2872 202 2931 tentia
223 2856 294 2930 illa:
317 2871 363 2930 ad
387 2871 471 2951 beate
490 2873 654 2932 vivendum
679 2877 822 2932 virtutem
841 2897 872 2931 se
893 2877 963 2953 ipsa
981 2898 1043 2933 esse
1059 2889 1187 2936 conten-

109 2984 183 3047 tam.
226 2973 325 3050 Atque
332 2971 365 3030 id
378 2980 521 3050 tanquam
532 2990 680 3033 summum
694 2973 905 3053 philosophiae
920 2976 1112 3055 propositum
1121 2999 1190 3038 esse

55 3074 58 3081 '
109 3071 207 3149 debet,
228 3082 266 3132 ut
280 3073 426 3132 virtutem
439 3074 592 3151 inveniat,
613 3076 646 3134 in
663 3096 722 3154 qua
736 3076 807 3134 satis
823 3076 863 3134 sit
875 3078 1019 3156 praesidii
1040 3077 1079 3136 ad
1096 3079 1189 3140 beate

108 3172 281 3234 vivendum.
305 3195 330 3234 c.
348 3178 376 3242 1.
399 3173 426 3250 §.
446 3177 472 3241 1.
490 3178 519 3242 2.
563 3175 668 3237 Virtus
692 3186 791 3235 autem
809 3176 834 3235 si
850 3169 884 3236 aa
904 3188 957 3253 est,
979 3199 1055 3257 quae
1070 3183 1188 3258 omnia,

108 3293 185 3353 quaa
203 3274 309 3335 cadara
328 3275 364 3334 in
385 3274 538 3336 bominem
554 3288 698 3355 possunt,
727 3278 831 3337 subter
848 3277 1000 3356 sehabet,
1030 3281 1189 3360 culpaque

107 3375 192 3437 amni
207 3397 320 3454 aucus,
341 3386 462 3457 praeter
479 3399 511 3437 se
525 3378 622 3456 ipsam
636 3376 716 3437 nihil
729 3388 830 3439 censat
846 3378 885 3439 ad
898 3382 1110 3460 sepertinere:
1133 3406 1187 3445 se-

108 3476 231 3556 quitur,
252 3487 288 3538 ut
307 3499 343 3539 ea
357 3478 399 3538 ad
422 3479 508 3540 beata
524 3478 690 3538 vivendum
713 3490 854 3543 contenta
870 3482 918 3541 sit.
963 3483 1054 3557 Quod
1069 3495 1186 3564 autem,

108 3597 203 3656 quum
219 3592 272 3641 aut
289 3580 426 3660 corporis
445 3580 602 3641 doloribus
618 3581 798 3658 cruciamur,
821 3591 874 3641 aut
890 3583 1023 3644 adversis
1040 3585 1187 3648 fortunae

108 3680 226 3766 casibus
248 3680 428 3759 affligimur,
455 3703 543 3761 saepe
563 3681 637 3742 huic
660 3684 824 3743 sententiae
848 3683 984 3745 diffidere
1000 3664 1184 3765 incipimus:

106 3779 140 3839 id
155 3781 225 3841 inda
239 3781 290 3857 fit,
315 3783 397 3860 quod
413 3803 451 3843 ex
465 3781 591 3842 humaui
605 3784 720 3862 generis
733 3784 861 3845 mollitia
869 3830 878 3863 ,
900 3807 962 3845 non
978 3808 1015 3846 ex
1026 3787 1095 3866 ipsa
1114 3790 1185 3850 vir-

106 3889 171 3940 tute
186 3881 224 3942 de
245 3883 370 3943 virtutis
391 3885 502 3944 robore
528 3885 740 3946 existimamus.
764 3885 791 3962 §.
813 3889 843 3956 3.
866 3883 897 3954 4.
942 3889 1035 3948 Cuius
1057 3875 1201 3967 quide‘m'

107 3983 219 4042 erroris
235 3984 333 4044 omnis
350 4007 368 4043 a
384 3983 577 4066 philosophia
592 3987 722 4066 petenda
740 3988 888 4047 correctio
908 3997 961 4047 est.
978 4021 1020 4036 -
1036 3989 1182 4052 Philoso-

105 4081 179 4163 phia
194 4086 319 4164 egregiis
332 4084 475 4147 laudibus
489 4084 664 4166 exornatur,
685 4110 710 4148 c.
720 4092 750 4158 2.
771 4090 838 4167 §.5.
861 4062 983 4167 eiusque
1008 4102 1182 4155 contemto-

105 4203 154 4244 res
168 4186 217 4247 vel
231 4190 453 4268 vituperatores
467 4189 601 4268 graviter
617 4199 773 4251 notantur.
796 4191 823 4269 §.
837 4193 867 4260 6.
911 4192 952 4251 De
966 4191 1181 4275 philosophiae
