2640 4626
190 171 251 239 190
435 178 484 231 TU
485 176 718 232 SCULANARUM
732 169 1014 233 ntsru‘rsutortun

116 319 128 344 ·
188 296 331 382 ¹venandi
354 311 386 371 et
399 295 572 397 equitandi
588 295 660 370 laus
671 295 775 397 viget,
801 297 859 398 qui
875 296 1166 399 bancpetessunt,
1192 298 1267 373 uul-

189 401 257 475 lum
291 399 424 498 fugiunt
460 398 618 472 dolorem.
669 397 766 495 Quid
793 398 835 473 de
861 401 985 474 nostris
1012 399 1267 491 ambitionibus,

189 503 336 604 quidde
361 499 542 602 cupiditate
568 501 763 577 honorum⁰
788 499 930 601 loquar?
956 531 1040 603 quae
1056 501 1195 577 damma
1208 519 1268 592 est,

188 634 250 707 per
275 633 373 704 quam
398 602 467 677 non
485 604 691 678 cucurrerint
710 605 751 693 ii,
777 605 834 704 qui
851 605 933 679 haec
949 605 1030 679 olim
1045 604 1182 706 punctis
1199 605 1266 679 sin-

190 707 278 809 gulis
307 706 527 806 colligebant?
552 709 667 806 ltaque
695 734 827 806 semper
845 706 1025 782 Africanus
1055 707 1267 785 Socraticum

190 810 450 911 Xenophontem
477 809 513 882 in
538 809 693 882 manibus
710 809 870 882 habebat:
897 811 992 884 cuius
1007 809 1184 911 inprimis
1199 811 1266 884 lau-

191 912 293 987 dabat
309 912 401 1000 illud,
418 912 510 1011 qnod
527 912 660 998 diceret,
686 912 821 986 eosdem
839 911 969 989 labores
984 941 1054 985 non
1070 940 1145 987 esse
1165 941 1265 1012 aeque

190 1015 300 1114 gravis
331 1013 523 1115 imperatori
543 1031 573 1087 et
592 1014 707 1102 militi,
732 1014 824 1114 qnod
840 1015 912 1116 ipse
929 1015 1036 1088 honos
1054 1015 1208 1090 laborem
1224 1014 1266 1090 le-

191 1116 318 1191 viorem
340 1117 462 1190 faceret
478 1115 735 1216 imperatorium.
1033 1169 1037 1192 .

293 1227 351 1299 63·
404 1218 473 1292 Sed
502 1235 612 1292 tamen
633 1219 698 1292 hoc
722 1217 845 1306 evenit,
870 1234 908 1289 ut
924 1218 960 1292 iu
974 1217 1090 1317 volgus
1104 1218 1266 1321 insipien-
1309 1300 1312 1307 ,

190 1321 274 1395 tium
301 1319 416 1420 opinio
439 1314 545 1395 valeat
568 1321 771 1408 honestatis,
803 1348 905 1420 quum
928 1321 1036 1420 ipsam
1059 1320 1266 1411 ridercnon
1305 1324 1312 1455 l

190 1423 330 1525 possint.
357 1422 467 1522 itaque
501 1424 589 1497 fama
623 1440 654 1497 et
685 1422 907 1496 multitudinis
934 1414 1061 1497 iudicio
1084 1441 1267 1513 moventur,
1310 1500 1312 1505 ,

191 1530 255 1599 ut¹
292 1525 329 1598 id
363 1525 538 1601 honestum
575 1541 710 1626 putent,
736 1525 828 1624 quod
861 1553 880 1598 a
915 1523 1082 1625 plerisque
1106 1525 1267 1601 laudetur.
1310 1522 1312 1603 ἶ

192 1630 242 1703 Te
259 1644 377 1714 autem,
393 1628 423 1699 si
440 1627 475 1699 in
491 1627 596 1701 oculis
614 1629 660 1701 sis
676 1627 907 1714 multitudinis,
923 1645 1033 1701 tamen
1049 1628 1122 1702 eius
1143 1629 1266 1703 iudicio
1310 1622 1312 1663 ¹

193 1747 280 1804 stare
306 1728 428 1817 nolim,
452 1758 531 1818 nec,
557 1731 649 1829 quod
670 1729 726 1803 illa
740 1746 850 1831 putet,
862 1730 964 1804 *idem
981 1747 1097 1830 putare
1114 1731 1268 1832 pulcher-

193 1833 322 1907 rimum.
347 1847 405 1903 tuo
432 1831 495 1905 tibi
518 1833 644 1907 iudicio
669 1849 719 1905 est
742 1832 921 1906 utendum:
946 1833 1010 1906 tibi
1032 1833 1062 1907 si
1080 1850 1174 1908 recta
1192 1862 1268 1935 pro·

193 1934 287 2006 bauti
304 1932 461 2033 placebis,
487 1949 557 2007 turn
573 1964 643 2007 non
659 1935 760 2008 modo
777 1941 868 2008 tete2
890 1935 1020 2023 viceris,
1046 1937 1141 2035 quod
1157 1935 1266 2036 paullo

194 2054 269 2110 aute
285 2036 549 2136 praecipiebam,
575 2038 634 2112 scd
653 2038 760 2111 omnis
777 2053 808 2110 et
823 2037 942 2111 omnia.
994 2043 1051 2118 bl.
1077 2039 1152 2112 Hoc
1169 2039 1268 2138 igitur

192 2140 256 2212 tibi
280 2166 446 2237 propone:
473 2139 723 2239 amplitudinem
742 2139 883 2241 [animi]
900 2146 916 2192 ³
939 2156 971 2213 et
987 2139 1082 2239 quasi
1099 2142 1266 2241 quandam

195 2240 480 2339 exaggerationem
504 2269 603 2340 quarn
628 2241 821 2314 altissimam
845 2242 965 2331 animi,
990 2247 1107 2342 quac4
1128 2244 1266 2317 manime

194 2343 316 2418 eminet
354 2343 604 2416 contemnendis
638 2360 670 2418 et
696 2341 920 2444 despiciendis
949 2343 1144 2435 doloribus,
1168 2375 1266 2421 unam
1310 2406 1312 2439 ξ

161 2466 170 2561 .
195 2473 266 2521 esse
292 2445 441 2518 omnium
457 2473 527 2519 rem
545 2445 820 2547 pulcherrimam,
845 2474 951 2547 eoque
970 2447 1218 2548 pulchriorem,
1241 2448 1266 2522 si
1310 2498 1312 2541 2

261 2602 279 2657 9
295 2599 354 2649 Em.
374 2596 505 2648 bonorum.
524 2613 572 2648 err.
590 2607 602 2647 t
638 2614 692 2663 ogr.
726 2601 742 2656 1
760 2598 802 2649 sic
816 2602 879 2657 011.
899 2607 926 2649 et
942 2595 1027 2668 plures
1044 2588 1110 2652 Edd.
1128 2598 1266 2653 vettLatt

195 2695 228 2706 -
244 2668 305 2717 Ern.
325 2685 346 2716 c.
367 2666 447 2715 Codd.
464 2665 568 2726 multis,
611 2663 714 2714 .Gebh.
732 2665 764 2716 D.
782 2685 859 2734 quum
873 2665 914 2716 vel
928 2685 993 2716 curu.
1028 2667 1104 2724 usic
1119 2669 1146 2719 b.
1166 2679 1194 2720 et
1210 2672 1268 2719 D.s

194 2735 256 2799 Ilcg.
275 2743 301 2784 et
314 2733 492 2783 Pithocan.-
509 2735 567 2782 Ern.
585 2750 608 2782 c.
625 2732 693 2797 vulg.
710 2744 739 2782 tu
753 2744 787 2782 te.
801 2733 877 2783 Mule.
903 2738 920 2790 3
938 2726 1093 2785 nnuman.
1112 2737 1174 2788 Em.
1190 2737 1267 2788 delet.

195 2802 288 2852 animi.
322 2801 341 2857 4
357 2800 399 2849 sic
413 2801 444 2849 ΙΙ.
462 2799 487 2849 b.
504 2799 624 2849 PMLDb.
642 2798 710 2848 Lall.
727 2829 761 2839 -
777 2802 836 2849 Eru.
855 2817 878 2850 c.
895 2800 951 2850 aliis
965 2801 1030 2852 Edd.
1046 2803 1100 2870 qui.

248 2898 441 2963 sorbitionibus)
461 2900 493 2948 tt.
509 2915 531 2948 e.
550 2897 717 2967 petitionibus
799 2904 840 2958 63.
873 2901 903 2950 iu
920 2902 1003 2952 oculis
1019 2903 1059 2952 sis
1076 2903 1268 2971 multitudinis)

196 2968 330 3019 honorum.
365 2967 397 3018 V.
413 2965 530 3017 Schuetz.
557 2965 613 3018 Iud.
630 2967 717 3018 Latin.
749 2970 783 3019 In
796 2968 880 3018 oculis
893 2987 983 3020 esses.
992 2966 1069 3086 (etri
1081 2971 1112 3020 in
1127 2973 1215 3022 oculis
1232 2973 1268 3021 di-

198 3055 218 3086 s.
236 3051 260 3084 v.
751 3046 854 3097 cuntur,
873 3036 916 3102 qui
931 3036 963 3086 eb
980 3037 1035 3087 aiis
1050 3055 1148 3089 summa
1166 3040 1269 3090 eutitate

248 3119 315 3171 quoe
335 3100 450 3168 flamma
475 3112 529 3161 est,
560 3119 612 3171 per
639 3118 717 3170 quam
750 3104 897 3169 diligmrtur.
930 3104 962 3153 ad
977 3105 1090 3156 Atticum
1106 3107 1159 3168 VI,
1179 3110 1206 3166 2.
1220 3125 1269 3178 pu-

197 3186 251 3221 uon
274 3169 457 3234 cucurrerint)
483 3167 651 3219 Proverbialis
673 3168 717 3219 di·
751 3170 863 3221 blicauis
876 3171 906 3220 in
921 3173 1004 3222 oculis
1019 3191 1117 3224 sumus.
1135 3173 1169 3224 ad
1186 3179 1219 3238 Q.
1233 3176 1269 3225 tr.

198 3236 273 3289 cendi
303 3236 411 3286 formula
442 3252 504 3302 pro:
539 3238 717 3306 gravissimos
749 3241 800 3299 111,
820 3243 843 3295 1.
887 3239 999 3289 Balbum
1028 3240 1059 3291 in
1086 3242 1172 3292 oculis
1200 3240 1269 3312 sero.

198 3305 301 3358 labores
319 3305 460 3372 suscipere.
751 3306 826 3368 Quod
845 3306 947 3356 Plautus
971 3307 1055 3376 lepide
1078 3310 1209 3388 expressit
1229 3324 1270 3389 per

246 3373 353 3443 punctis
364 3371 494 3441 singulis)
510 3372 544 3420 H.
560 3387 582 3426 e.
600 3371 717 3437 singulo·
751 3373 863 3423 oculitus
897 3393 995 3425 amare.
1043 3379 1152 3427 Omnino
1191 3394 1270 3428 vertas

197 3460 253 3493 rum
277 3439 410 3506 suffragiis.
452 3437 577 3504 Suffragia
599 3439 666 3488 enim
690 3439 717 3490 in
751 3441 819 3507 apud
836 3450 934 3491 veteres
955 3442 1003 3492 scri
1022 3451 1093 3493 tores
1111 3445 1271 3524 reperiuntur

198 3509 306 3560 comitiis
322 3507 480 3564 notabantur
495 3507 604 3574 punctis
623 3507 650 3556 in
672 3515 717 3558 tu-
749 3508 873 3558 formulae
895 3511 984 3560 summi
1003 3460 1152 3561 deelaraudr
1173 3513 1270 3571 amoris,

198 3577 270 3628 bulis.
311 3576 343 3628 V.
369 3573 478 3628 Ernesti.
505 3574 573 3624 Clau.
601 3573 715 3624 Ciceron.
751 3593 815 3654 (prae
838 3577 933 3654 petitae
956 3578 1063 3627 suntab
1086 3579 1188 3643 oculis,
1213 3598 1270 3648 prc-

200 3663 220 3704 s,
235 3661 259 3693 v.
292 3642 334 3693 nd
349 3659 426 3710 quem
443 3658 539 3691 morem
556 3640 643 3692 allusit
659 3643 717 3691 Ho-
751 3642 886 3693 norissrma
924 3642 1037 3712 eorporis
1071 3646 1156 3697 nostri
1176 3657 1270 3715 parts.

200 3709 279 3759 ratius
291 3712 321 3759 A.
336 3708 366 3759 P.
382 3712 442 3766 343.
477 3712 556 3759 Omne
572 3709 632 3759 tulit
648 3726 714 3776 pun·
751 3712 783 3761 V.
800 3711 921 3776 Doering.
938 3712 971 3761 ud
986 3712 1078 3762 Catull.
1093 3715 1144 3773 Ill,
1162 3722 1190 3772 5.

200 3786 284 3837 ctum,
308 3775 352 3842 qui
369 3775 469 3825 miscuit
487 3776 550 3825 utile
565 3775 647 3825 dulci:
674 3774 717 3826 ubi
802 3779 860 3827 eius
880 3779 980 3829 iudicio
1002 3780 1089 3845 scrire)
1114 3784 1147 3830 Η.
1166 3801 1191 3833 e.
1218 3781 1270 3842 niti,

202 3860 225 3894 v.
241 3853 284 3893 vet
345 3842 476 3893 choliesta.
751 3845 911 3911 acquiescere
926 3847 979 3896 eius
992 3847 1096 3897 iudicio.
1121 3851 1152 3900 V.
1163 3850 1270 3900 Schuetz

250 3911 294 3961 Xe
346 3909 464 3974 honrem)
485 3911 519 3963 N·
536 3909 667 3961 Weiskius
690 3909 718 3960 in
751 3912 777 3960 in
793 3912 848 3963 Iud.
864 3914 947 3963 Latin.
963 3932 983 3964 s.
994 3931 1018 3963 v.
1037 3927 1112 3964 stare
1126 3917 1177 3967 sub
1190 3918 1269 3967 finem.

199 3977 280 4047 praef.
330 3976 364 4027 ad
405 3975 527 4043 Xenoph.
577 3977 717 4045 Cyropued.
752 3979 791 4029 Cf.
808 3980 841 4029 de
857 3981 930 4031 offic.
943 3983 987 4031 111.
1004 3986 1052 4044 30,
1070 3987 1129 4040 110.
1165 3985 1269 4035 Non-

199 4066 225 4115 p.
244 4044 363 4098 CXXIV.
386 4053 413 4094 et
435 4043 468 4092 de
487 4044 627 4105 sententia,
652 4062 718 4111 quas
751 4063 797 4097 suo
828 4047 922 4099 iudicio
951 4049 1036 4100 stetit:
1071 4051 1115 4102 ubi
1140 4068 1165 4102 v.
1193 4051 1269 4103 Beier.

200 4113 328 4182 sequitur,
353 4109 517 4165 Freinsheim.
546 4111 579 4163 ad
605 4112 718 4164 Curtium
751 4130 776 4181 p.
794 4118 852 4172 392.

199 4183 300 4246 t11.3,
318 4183 360 4240 17.
421 4232 424 4239 ,
640 4210 643 4217 ·
801 4182 844 4242 64.
859 4185 1066 4237 unamomuium
1077 4203 1135 4239 rem
1142 4187 1270 4258 pulcher·
