2640 4626
552 203 729 275 mamr-
745 210 789 265 21·
1141 197 1202 269 341

129 318 282 393 eandem
293 318 494 416 degustare,
512 335 547 393 et
550 324 746 420 fortunam
755 327 1066 423 experiiimeam?
1088 327 1202 425 Quum

126 422 234 497 seille
251 450 372 522 cupere
390 422 546 511 dixisset,
572 423 726 499 collocari
747 425 844 499 iussit
859 426 1029 503 bominem
1043 429 1078 503 in
1101 456 1201 506 aureo

124 524 232 614 lecto,
265 541 369 599 strato
400 525 655 626 pulcherrimo⁶
671 526 784 605 ,textili
811 528 976 627 stragulo,
1016 534 1201 631 magnificis

126 627 288 728 operibus
327 628 413 716 icto,
438 628 626 728 abacosque
642 628 824 729 compluris
841 631 969 705 ornavit
984 652 1121 733 argento
1143 666 1201 710 au·-

124 758 232 830 roque
248 656 382 805 caelato.
406 747 478 803 tum
495 731 540 803 ad
557 759 705 805 mensam
721 731 841 805 eximia
863 733 972 808 forma
996 763 1118 834 pueros
1143 739 1200 813 de-

125 832 230 913 lectos
245 831 344 907 iussit
366 832 565 921 consistere,
589 828 743 934 cosque,
757 851 873 908 nutum
898 835 1016 909 illius⁷
1040 839 1200 914 intuentis

126 934 321 1033 diligenter,
352 933 549 1009 ministrare.
585 945 643 1016 62.
668 936 805 1010 aderaut
827 956 1012 1036 unguenta,
1038 969 1197 1017 coronae:

128 1037 394 1111 incendebantur
409 1037 548 1112 odores:
572 1065 706 1113 mensae
720 1039 1011 1140 conquisitissimis
1029 1042 1198 1144 epulisex-

125 1140 346 1213 struebantur.
369 1139 555 1213 fortunatus
571 1140 637 1215 sibi
653 1141 829 1216 Damocles
844 1142 1027 1217 videbatur.
1077 1147 1116 1218 ln
1132 1145 1196 1222 hoc

123 1242 237 1316 medio
252 1257 413 1342 apparatu
431 1238 609 1340 fulgentem
623 1240 789 1342 gladium,
816 1271 833 1317 e
851 1243 997 1319 lacunari
1014 1263 1082 1320 seta
1104 1247 1200 1347 equi.—

123 1374 168 1419 na
186 1361 317 1445 aptum,
343 1342 472 1418 demitti
491 1344 607 1431 iussit,
631 1361 669 1417 ut
683 1345 890 1444 impenderet
906 1346 995 1421 illius
1013 1348 1101 1423 beati
1124 1378 1201 1441 eerf

122 1447 262 1521 vicibus.
313 1447 428 1545 ltaque
450 1473 512 1520 nec
535 1443 694 1549 pulchros
717 1447 793 1521 illos
817 1448 1059 1526 ministratores
1082 1452 1195 1551 adspi-

124 1550 245 1638 eiebat,
269 1576 331 1623 nee
349 1547 485 1648 plenum
504 1549 585 1622 artis
603 1566 795 1648 argentnm3
820 1578 881 1624 nec
895 1579 1030 1626 uranum
1043 1553 1195 1652 porrige-
1215 1614 1222 1625 .

121 1653 183 1725 bat
197 1652 233 1725 in
249 1679 415 1725 mensam:
440 1650 506 1724 iam
531 1650 624 1750 ipsae
651 1650 839 1726 defluebant
860 1680 1021 1729 coronae:
1048 1653 1191 1754 denique

123 1754 271 1829 exoravit
293 1769 490 1858 tyrannum,
527 1769 565 1824 ut
585 1752 677 1827 abire
702 1752 832 1841 liceret,
866 1755 958 1854 quod
981 1754 1050 1829 iam
1073 1756 1192 1830 beatus

121 1856 226 1931 nollet
243 1884 323 1930 esse.
372 1855 504 1928 Satisne
523 1855 653 1929 videtur
676 1854 861 1930 declarasse
877 1857 1083 1962 Dionysius,
1108 1858 1192 1933 nibil

123 1988 198 2034 esse
221 1960 251 2033 ei
279 1959 432 2047 beatum,
457 1956 510 2030 cui
537 1986 668 2057 semper
689 1957 820 2059 aliqui⁸
846 1974 954 2032 terror
978 1960 1193 2059 impendeat?

121 2063 234 2162 Atque
251 2061 338 2135 eine
355 2061 517 2159 integrum
535 2060 669 2161 quidem
687 2078 775 2151 erat,
799 2075 837 2133 ut
855 2062 898 2143 ad
920 2061 1076 2136 iustitiam
1092 2062 1192 2136 remi-

191 2235 208 2290 6
224 2232 256 2283 V.
264 2229 330 2281 Ado.
364 2236 382 2290 7
398 2220 481 2282 Gebh'.
499 2229 557 2281 eiua
575 2230 680 2298 (tacite).
714 2230 756 2282 Sic
772 2232 832 2281 Ern.
865 2235 884 2290 8
900 2229 943 2282 Sic
960 2230 1095 2298 evestigiie
1108 2231 1189 2283 eoae.

121 2299 156 2351 de
170 2301 221 2350 luc.
232 2299 345 2350 Gronov.
361 2296 529 2349 sententiali.
545 2325 579 2337 -
595 2300 654 2349 Ero.
673 2317 695 2350 c.
706 2299 778 2365 vulg.
793 2299 900 2368 aliquis.
934 2301 966 2352 V.
983 2299 1047 2351 Ado.

120 2399 178 2463 ole,
195 2415 211 2448 o
227 2397 369 2467 Sophocle,
388 2415 404 2448 o
421 2397 513 2459 Ulixe,
531 2414 547 2447 o
571 2396 644 2448 The-
675 2399 716 2450 lie.
734 2398 815 2449 ubiv.
832 2398 972 2450 Gembard.
996 2418 1022 2467 p.
1035 2404 1078 2458 81.
1094 2427 1128 2439 -
1154 2400 1191 2449 At

121 2465 256 2527 mistoole,
282 2483 298 2516 o
322 2463 441 2526 Callicle,
477 2474 552 2532 etque
579 2463 643 2517 hoec
676 2484 736 2517 vero
750 2483 876 2545 uunquam
896 2465 970 2517 latini
989 2466 1126 2536 scriptores
1145 2466 1189 2516 di-

121 2533 226 2602 quidem
240 2542 280 2584 est
293 2532 376 2600 prisca
389 2530 499 2583 vocativi
511 2533 600 2582 lbrme.
675 2544 766 2584 xerunt
773 2551 882 2584 animum
890 2532 1021 2596 doctrinis,
1037 2533 1188 2602 praeceptis,

673 2601 808 2652 virtutibus
823 2611 872 2652 etc.
890 2614 1063 2666 exstructum,
1083 2602 1128 2652 sed
1142 2602 1188 2652 in-

672 2681 807 2720 structum.
1200 2694 1202 2698 ·

722 2736 861 2803 lacunari)
878 2737 910 2787 V.
925 2735 1054 2786 Adnotatu
1067 2734 1095 2786 in
1110 2737 1130 2786 1.
1145 2740 1187 2797 35,

172 2635 270 2700 errato)
288 2634 321 2683 H.
336 2649 358 2683 e.
372 2631 399 2682 in
413 2647 489 2682 aureo
505 2631 582 2692 lecto,
601 2628 642 2683 cui

119 2701 318 2771 superinieetom
356 2710 411 2750 erat
447 2698 640 2766 pulcherrimum

119 2769 213 2821 textile
228 2768 418 2848 stragulum·
432 2765 504 2818 Nihil
522 2783 585 2833 opus
601 2774 640 2814 est
691 2811 702 2824 ,

121 2854 180 2890 com
192 2839 308 2886 Emeetro
323 2835 424 2902 legere:
447 2835 530 2896 lecto,
553 2844 640 2884 strato
671 2808 714 2864 3⁰·

119 2903 291 2975 pulcherrime
306 2903 396 2953 textili
411 2902 538 2972 stragulo.
579 2901 639 2950 No-

119 2983 178 3024 tum
195 2982 234 3021 eet
255 2970 321 3021 euim
331 2987 431 3037 ,saepe
447 2969 498 3019 duo
515 2966 640 3019 adiectiva

119 3040 166 3091 uni
182 3038 341 3089 wbl'lantivo
358 3036 512 3117 ἀσυνδὲτωος
528 3035 639 3115 ‘inungi'
671 3075 696 3124 H
714 3091 728 3122 e
747 3072 834 3123 dicens
848 3073 952 3123 eenolle
967 3073 1017 3122 iam
1027 3070 1129 3120 beatum
1143 3087 1186 3118 es-

120 3124 198 3176 quum
220 3107 327 3156 alterum
346 3104 436 3157 h⁰mm
459 3104 640 3157 mmmmm
671 3158 714 3190 se:
736 3138 775 3190 uti
795 3150 866 3192 recte
886 3140 1000 3208 explicat
1014 3140 1131 3189 Goereuz
1153 3135 1188 3188 ed

119 3175 574 3303 ae.rrgrrz‚⁰.nrrrftt¹
671 3203 1187 3344 {tzart·.stn⁵..r·statne}

120 3320 285 3440 Βῗέωῗαῖἷὶ
300 3325 435 3440 ἕῃῐῗῐῗξῃ
449 3306 550 3444 ᾱῖἕῇἶι
570 3322 640 3423 agli-⁸
671 3343 748 3394 nitur.
775 3345 808 3393 V.
825 3345 948 3394 Goerenz.
972 3342 1006 3392 ud
1028 3341 1084 3392 rin.
1103 3342 1120 3390 l.
1147 3345 1186 3399 18,

121 3445 195 3495 culo,-
220 3444 264 3494 ubi
290 3460 314 3493 v,
343 3437 441 3492 fisemis
457 3459 483 3508 p,
509 3445 566 3500 191,
601 3440 640 3489 cg
672 3417 713 3469 57·
739 3428 763 3478 p·
781 3415 821 3468 80·
847 3410 886 3460 Cf.
902 3427 972 3476 ¹quaa
996 3426 1071 3477 supra
1085 3405 1187 3457 monui-

598 3513 629 3545 η,
671 3496 727 3528 mus
742 3478 774 3528 de
787 3489 875 3547 potest
892 3494 958 3526 ease.

120 3509 264 3565 Rmhorn
292 3514 353 3561 Μ’
379 3511 494 3559 Grumm'
529 3511 552 3579 l
578 3511 639 3566 1⁰‘'
722 3544 823 3616 aliqui)
839 3547 871 3597 V.
893 3543 1023 3594 Adnotatu
1043 3542 1070 3592 in
1084 3540 1126 3592 IV.
1147 3543 1186 3600 16,

120 3599 147 3649 Ρ’
164 3583 223 3638 299‘
573 3658 579 3671 .
670 3617 756 3673 35·-
772 3615 836 3665 Mox
848 3622 927 3683 idque
941 3611 991 3663 vim
1006 3608 1187 3661 adversativum

170 3667 216 3723 52·
234 3661 348 3730 ‘’dm’)
371 3663 403 3714 V·
419 3659 551 3711 Amata
571 3677 599 3710 ¹¹¹
614 3661 639 3713 1·
672 3679 759 3743 hebet,
791 3679 831 3731 nti
856 3678 907 3731 iem
939 3696 1015 3747 supra
1035 3675 1185 3728 monuimus.

120 3731 239 3796 ‘51¹0
672 3748 841 3800 aaronem.
857 3747 1064 3807 adoneus.
1081 3745 1165 3811 aaa.

172 3812 396 3879 exstruebam)
426 3812 540 3881 &mimi
564 3828 640 3879 quum
724 3816 801 3867 eine
823 3806 956 3886 iniegrune
982 3812 1088 3883 quidem
1120 3822 1188 3872 erat,

120 3882 337 3943 instruebantur,
354 3880 423 3961 quod
439 3880 501 3960 alibi
516 3879 548 3929 de
565 3897 640 3958 men·
672 3884 721 3946 ue)
743 3884 784 3933 Ne
811 3881 841 3935 in
863 3890 993 3962 potestate
1016 3878 1123 3956 quidem·
1135 3877 1203 3956 eius.

120 3947 640 4084 “amttam
672 3944 1128 4084 ...Nat
1144 3961 1188 4060 ra

120 4086 175 4138 tiae
188 4086 319 4137 notionem
334 4084 480 4136 adiunctum
494 4083 581 4133 habet.
599 4082 641 4132 Sic
673 4085 773 4146 facere,
791 4085 833 4134 rel
847 4101 899 4134 non
910 4085 1002 4135 lacere.
1020 4097 1067 4148 pro
1080 4079 1147 4130 Mur.
1161 4081 1189 4136 4.

120 4154 147 4206 d.
164 4157 266 4205 Seuect.
282 4158 322 4212 13.
347 4160 417 4204 curet
437 4151 518 4220 epulis
540 4160 641 4201 eunu-
673 4169 755 4218 neque
768 4151 955 4218 eetintegrum,
973 4159 1097 4200 utmeom
1112 4145 1190 4197 labo-

121 4222 221 4292 ctisque
235 4221 328 4275 mensis
344 4231 372 4273 et
387 4218 560 4289 frequentibus
575 4235 642 4288 epu·
673 4236 728 4273 rem
747 4218 877 4272 hominum
892 4216 1011 4287 periculis
1030 4213 1192 4268 sublevandis

721 2869 881 2940 defluebant)
899 2872 932 2922 H.
946 2887 968 2921 e.
977 2868 1067 2920 sensim
1080 2867 1192 2927 delabe-¹

670 2938 772 2990 bantur.

722 3005 791 3075 Wd
813 3006 869 3056 iam
892 3004 984 3056 beatus
1004 3003 1086 3053 nollet
1110 3002 1186 3068 esse)
1244 3023 1246 3027 ·
1285 3031 1287 3036 -
