2640 4626
129 234 193 300 tto
377 240 953 294 ruscmarsiinminisruririonuii

129 362 192 434 hus
219 387 321 459 quum
346 358 464 432 cecinit
486 360 653 459 receptui,
678 359 819 460 inpellit
833 387 967 433 rursum
981 376 1013 434 et
1028 359 1146 433 incitat
1160 360 1200 433 ad

130 460 403 562 conspiciendas,
427 477 561 560 totaque
597 479 706 534 mente
740 463 991 536 contrectandas
1016 463 1127 536 varias
1147 491 1201 535 vo-

130 566 292 664 luptates,
325 563 447 662 quibus
472 562 526 635 ille
554 579 585 636 et
606 565 857 664 praeteritamm
880 564 1060 652 memoria,
1087 581 1120 639 et
1144 592 1201 664 spe

129 667 417 766 consequentium,
443 665 602 765 sapientis
634 667 734 739 vitam
767 666 921 740 refertam
956 683 1061 767 putat.
1112 669 1199 740 llaec

85 762 92 784 ⁰
129 785 244 842 nostro
262 797 354 842 more
372 797 434 841 nos
452 767 611 841 diximus:
636 769 793 868 Epicurei
807 769 920 843 dicunt
936 778 1007 843 suo.
1032 770 1105 859 sed,
1119 797 1201 869 quae

130 873 262 959 dicant,
287 871 475 955 videamus;
502 882 568 968 q'uo
585 872 705 959 modo,
729 871 943 969 negligamus,
1168 910 1171 915 ·

228 976 318 1046 XVI.
368 979 425 1052 34,
451 973 620 1073 Principio
647 972 731 1046 male
758 975 1003 1073 reprehendunt
1016 973 1200 1074 praemedi-

129 1078 285 1149 tationem
303 1103 414 1147 rerum
429 1075 620 1147 suturarum.
646 1075 730 1148 nihil
747 1093 796 1149 est
812 1077 917 1163 enim,
943 1075 1035 1175 quod
1052 1093 1121 1148 tam
1143 1075 1201 1148 oh-

128 1180 246 1251 tundat
268 1177 461 1276 elevetque²
485 1177 742 1274 aegritudinem,
766 1207 865 1277 quani
883 1195 1043 1279 perpetua
1058 1178 1094 1250 in
1112 1178 1199 1250 omni

129 1281 195 1354 rita
215 1280 380 1378 cogitatio,
401 1279 486 1351 nihil
500 1308 572 1352 csse
588 1281 679 1378 quod
696 1280 848 1354 accidere
864 1310 932 1354 non
950 1281 1077 1380 possit;
1103 1309 1201 1380 quani

129 1383 300 1457 meditatio
326 1382 528 1455 conditionis
547 1382 726 1470 humanae3
752 1411 851 1482 quam
865 1384 951 1457 vitae
964 1383 1017 1456 lex
1034 1411 1201 1456 commen-

130 1487 277 1585 tatioque
297 1484 454 1585 parendi:
481 1512 565 1581 quae
588 1513 656 1556 non
684 1485 748 1557 hoc
773 1486 886 1574 affert,
911 1503 948 1557 ut
962 1513 1096 1585 semper
1114 1514 1200 1558 mae-

130 1616 277 1681 reamus,
304 1587 364 1659 sed
390 1602 426 1657 ut
448 1614 636 1684 numquam.
661 1615 767 1687 neque
792 1589 879 1660 euim
907 1588 964 1687 qui
978 1615 1090 1667 rerum
1108 1605 1200 1660 natu-

129 1720 211 1777 ram,
238 1688 296 1788 qui
313 1688 397 1761 vitae
413 1687 619 1777 varietatem,
645 1689 702 1787 qui
718 1689 975 1763 imbecillitatem
992 1688 1127 1788 generis
1143 1689 1201 1763 hu-

128 1792 219 1865 mani
248 1790 389 1888 cogitat,
412 1807 554 1877 maeret,
579 1819 681 1890 quum
706 1792 787 1864 haec
809 1792 951 1890 cogitat;
976 1792 1036 1865 sed
1060 1808 1133 1864 tum
1153 1791 1199 1867 vel

128 1892 272 1969 maxime
297 1891 477 1993 sapientiae
495 1892 644 1990 fungitur
657 1922 800 1966 munere.
826 1911 1000 1993 utrumque
1017 1895 1108 1967 enirn
1124 1923 1200 1968 con-

130 1995 289 2095 sequitur,
312 2012 349 2067 ut
367 2011 398 2067 et
414 1994 665 2084 considerandis
686 1997 785 2069 rebus
802 1997 955 2070 humanis
969 1996 1111 2097 proprio
1127 1996 1200 2097 phi-

129 2098 301 2199 losophiae
333 2097 489 2170 fruatur³
527 2097 657 2186 officio,
682 2115 713 2171 et
746 2099 891 2175 adversis
917 2100 1049 2172 casibus
1075 2099 1200 2200 triplici

194 2273 213 2326 2
228 2269 276 2318 Da.
290 2284 321 2318 er
328 2267 367 2318 El.
382 2278 441 2319 tert.
456 2279 482 2318 et
496 2268 609 2319 Petreus.
623 2267 757 2338 levetque:
774 2270 843 2337 quod
858 2287 940 2336 recep.
956 2271 1015 2319 Em.
1050 2273 1069 2327 3
1085 2270 1119 2321 V.
1136 2269 1198 2322 atu.

181 2368 286 2419 hebetat
302 2368 394 2434 aciem)
412 2371 485 2419 Hanc
503 2369 648 2434 lectionem,
680 2371 738 2421 Pari
754 2371 831 2420 modo
850 2369 918 2436 apud
932 2370 1045 2420 Graecos
1061 2369 1162 2436 μελέτη
1176 2378 1201 2419 et

130 2437 228 2504 aliquot
243 2438 314 2486 MSS.
336 2436 487 2515 epctoritate
511 2436 646 2498 suffultam,
680 2439 795 2505 μελετᾶν
817 2437 920 2504 proprie
937 2437 970 2487 de
985 2437 1016 2486 iis
1034 2437 1199 2488 exercitatio-

129 2504 241 2572 reposuit
265 2506 393 2554 Manutius
422 2522 435 2554 e
461 2514 547 2553 vetere
574 2503 645 2564 cod,
680 2505 753 2555 nibus
771 2504 877 2565 dicitur,
896 2520 957 2571 quat
974 2504 1106 2567 rhetores,
1133 2505 1200 2555 mili-

129 2572 284 2639 eandemque
298 2572 410 2638 praefert
422 2572 516 2621 Elisus.
529 2574 571 2620 ΙΙΙ.
596 2573 646 2620 Er·
680 2583 718 2623 tes
746 2583 772 2622 ct
800 2572 843 2621 alii
868 2570 1016 2628 instituunt3
1051 2572 1148 2622 deinde
1169 2572 1199 2621 de

129 2640 225 2690 nestius
237 2639 365 2705 vulgatam
378 2638 583 2709 cogitationibus
597 2638 647 2687 he·
680 2640 765 2706 quavis
792 2638 974 2690 exercitatione
997 2639 1128 2690 dicuntur.
1169 2642 1199 2691 V.

128 2707 312 2757 beteniaei'em
327 2705 407 2755 dedit.
442 2706 573 2755 Sententia
593 2714 645 2754 est:
678 2707 781 2758 Fischer
795 2705 828 2757 ad
842 2704 962 2774 Xenoph.
977 2707 1069 2775 Cyrop.
1086 2711 1109 2758 1.
1120 2713 1147 2772 2,
1161 2714 1198 2767 10.

128 2774 203 2826 Ratio
215 2774 248 2824 dc
256 2773 357 2840 Epicuri
373 2773 500 2822 sententia
515 2790 562 2824 uos
576 2772 647 2822 iubet
678 2793 705 2843 p.
720 2779 761 2834 15.

127 2842 208 2892 aciem
231 2851 345 2892 evertere
368 2858 382 2889 a
404 2839 559 2889 miseriarum
580 2857 646 2890 con·
689 2870 692 2875 -
720 2838 835 2910 fruatur
850 2839 949 2910 officio)
973 2843 1044 2892 Haec
1063 2853 1103 2892 est
1121 2842 1199 2894 lectio

128 2907 310 2977 templatione,
333 2925 354 2956 s.
371 2925 417 2957 nos
432 2917 505 2958 vetat
518 2907 645 2957 immorari
678 2908 793 2975 vulgata:
810 2927 873 2976 quae
883 2926 943 2958 vero
953 2919 979 2959 et
989 2909 1114 2960 latinitati
1127 2928 1200 2980 quam

129 2975 235 3026 miseriis
251 2954 459 3043 conlemplandis.
677 2977 783 3027 maxime
801 2977 900 3026 videtur
922 2977 1062 3040 adversari,
1091 2987 1121 3027 et
1141 2996 1201 3028 seu-

179 3042 276 3092 cecinit
292 3044 425 3112 receptui)
449 3042 569 3093 Formissa
585 3060 600 3092 a
617 3061 646 3093 re
678 3045 784 3095 tentiam
808 3043 913 3094 denotat
931 3044 1000 3095 haud
1014 3060 1075 3095 saue
1091 3044 1200 3096 conciu-

129 3109 232 3160 militari
254 3109 345 3171 ducta,
371 3127 420 3176 qua
437 3109 478 3160 hic
496 3111 558 3161 nihil
577 3110 646 3160 aliud
678 3130 744 3163 nam.
773 3112 862 3174 ·Quis‚
890 3129 998 3179 quaeso,
1024 3113 1200 3164 Romanorum

130 3177 266 3228 denotetur
282 3187 357 3244 atque
375 3195 494 3227 auocare.
679 3197 782 3248 usquam
799 3180 876 3228 dixit:
900 3179 1089 3249 philosophiae
1109 3180 1201 3250 officio

180 3257 271 3295 nostro
294 3246 377 3312 more)
403 3248 444 3295 Sc.
469 3245 599 3312 eleganter
620 3254 647 3295 et
672 3246 886 3318 frui?,J)einde,
906 3265 969 3314 quae
983 3257 1021 3297 est
1034 3247 1080 3300 illa
1094 3259 1196 3299 senten-

130 3323 234 3377 omate‚
252 3330 299 3365 suo
316 3331 351 3363 sc.
367 3312 471 3383 illepide
489 3324 516 3364 et
532 3312 647 3364 inconsi-
678 3315 729 3365 tia:
769 3316 820 3378 Qui
850 3314 1059 3367 imbecillitatem
1089 3318 1201 3387 generis

130 3381 228 3432 derare.
261 3384 294 3432 V.
311 3399 386 3449 supra
400 3383 420 3430 1.
438 3386 468 3443 3,
485 3386 511 3439 6.
680 3384 789 3434 humani
805 3385 920 3453 cogitat,
945 3400 997 3433 non
1010 3398 1129 3447 maeret,
1154 3385 1201 3435 aed

180 3450 239 3500 Cir.
256 3451 327 3500 XVI.
344 3451 386 3508 34.
418 3449 648 3517 commentatioque
681 3464 706 3502 et
711 3453 822 3521 proprio
828 3451 1016 3523 philosophiae
1024 3449 1121 3518 officio
1122 3451 1201 3522 frai-

126 3518 262 3586 parendi)
288 3519 321 3567 H.
338 3534 360 3568 c.
385 3517 508 3584 cogitatio
530 3517 648 3569 instituta
681 3532 740 3581 tur,
768 3530 794 3568 et
811 3519 935 3569 adversis
952 3519 1058 3569 casibus
1076 3522 1201 3571 consala-

130 3584 162 3634 de
176 3584 328 3635 necessitate
341 3584 410 3635 vitae
424 3585 466 3635 vel
479 3595 583 3635 naturae
596 3584 648 3651 legi
680 3590 752 3638 tione
774 3587 907 3636 sanatur?
940 3586 1068 3637 Videlicet
1088 3589 1202 3658 proprio

131 3651 247 3718 parendi.
282 3652 321 3700 De
342 3669 405 3702 voce
423 3654 649 3703 commentationis
678 3655 865 3725 philosophiae
886 3652 977 3721 officio
992 3653 1057 3722 frui
1082 3657 1202 3706 est-iiu-

131 3736 154 3768 v.
170 3718 264 3768 Adnot.
282 3719 308 3767 in
325 3721 345 3768 I.
362 3724 410 3782 30,
428 3723 471 3778 74.
506 3721 650 3771 Meditatio
683 3732 750 3773 ctum
767 3740 858 3789 capere
876 3740 906 3771 eii
922 3722 1026 3790 proprio
1044 3722 1089 3790 ph.
1107 3724 1201 3775 officio.

131 3785 294 3834 conditionis
316 3786 446 3836 humanae
469 3789 575 3837 eandem
594 3789 649 3837 fere
682 3794 717 3839 At
731 3789 873 3850 enimvero,
891 3789 951 3857 quid
963 3790 1069 3840 taudem
1084 3791 1136 3841 sibi
1149 3791 1203 3842 vult

131 3852 182 3902 vim
206 3844 298 3912 habe&
331 3870 390 3902 nam
412 3854 488 3905 verba
514 3854 651 3907 meditatio
682 3857 745 3908 illud
755 3874 806 3931 pro
824 3857 884 3908 rio?
900 3861 992 3907 Annon
1001 3856 1140 3909 dicendum
1149 3869 1201 3909 erat

133 3929 160 3970 et
185 3919 311 3999 meditari
339 3920 441 3988 proprie
474 3922 593 3973 dicuntur
617 3923 650 3972 de
680 3876 867 4005 philosopliias
881 3922 972 3994 officio
984 3941 1044 3976 vere
1051 3923 1119 3994 frui
1126 3929 1140 3977 ?
1157 3915 1200 3977 iiis

133 3996 314 4038 exercitatione
325 3996 352 4036 et
361 3991 555 4056 praeparatione
567 3990 599 4040 ad
611 4008 648 4054 ea,
682 3993 760 4059 igitur
775 3992 899 4042 adductus
915 3991 1016 4043 caussis·
1028 4011 1081 4044 non
1103 3995 1199 4054 dubito,

131 4073 196 4124 quae
217 4054 352 4122 aliquando
372 4056 438 4106 serio
462 4057 560 4124 agenda
581 4067 648 4108 sunt.
682 4061 744 4127 quin
776 4061 963 4111 rescribendum
993 4061 1027 4110 sit
1047 4059 1199 4133 fungatur:

131 4126 161 4174 V.
174 4123 253 4173 Beier.
269 4121 302 4171 od
316 4121 388 4174 Offic.
399 4127 418 4174 I.
432 4129 473 4186 31,
486 4127 542 4184 114.
555 4142 580 4192 p.
589 4128 648 4184 245.
683 4139 758 4195 qtiam
781 4127 919 4178 lectionem
943 4128 1072 4179 Manutius
1095 4128 1198 4182 Lambi-

125 4192 169 4241 Sic
181 4190 279 4242 Plinius
294 4191 387 4260 Paneg.
407 4197 454 4256 13,
470 4197 493 4252 1.
513 4193 652 4244 meditatio
683 4211 787 4275 nosque,
802 4196 854 4245 sive
864 4197 943 4247 libros
953 4197 1141 4266 manuscriptos
1151 4197 1199 4247 eivs

116 4261 283 4330 campestris
298 4260 332 4314 de
344 4276 477 4317 annorum
488 4260 657 4315 trimatione.
690 4273 864 4315 coniecturam
873 4263 975 4328 sensuit
982 4264 1093 4328 hedris,
1104 4274 1134 4316 st
1144 4270 1198 4332 post
