2640 4626
537 187 663 238 LIBER
680 185 796 246 ruas·
1008 171 1012 178 '
1130 173 1194 243 283
1252 194 1267 241 ἠ

121 305 204 405 quid
218 304 494 401 Agamemnone,
520 304 556 376 in
577 304 814 404 iurgioinam
831 303 969 377 Aiacem
992 301 1128 402 quidem
1146 303 1197 386 ira
1271 340 1276 355 x

120 408 165 480 ad
190 407 336 479 furorem
360 424 565 507 mortemque
584 406 755 507 perduxit.
806 408 884 479 Non
904 406 1006 504 igitur
1031 407 1196 487 desiderat
1283 466 1286 475 ,

119 509 282 582 fortitudo
308 509 498 582 advocatam
516 510 739 584 iracundiam:
765 510 848 582 satis
865 525 915 585 est
934 508 1110 598 instructa,
1136 538 1203 610 pai·

120 630 215 700 rata,
241 628 366 685 armata
381 640 443 712 per
459 641 530 686 sese
542 623 574 686 «⁷.
598 642 676 685 nam
692 612 757 685 isto
771 612 873 685 modo
893 612 1030 711 quidem
1049 612 1127 686 licet
1144 613 1196 689 ‹li-

120 744 213 803 cere,
246 713 360 787 utilem
383 715 596 799 vinolentiam
621 717 664 788 ad
684 715 932 808 fortitudinem,
957 714 1071 788 utilem
1094 716 1194 789 etiam

120 817 340 903 dementiam,
366 818 458 916 quod
483 833 515 891 et
534 819 644 890 insani
666 835 701 890 et
724 818 808 891 ebrii
830 815 931 890 multa
955 816 1195 919 faciuntsaepe

118 920 368 1007 vehementius„
405 921 545 1020 Semper
560 921 647 995 Aiax
668 921 783 1008 fortis,
808 920 1010 993 fortissimus
1032 922 1195 995 tamenin

119 1024 250 1095 furore:
1256 1028 1259 1039 ’

164 1147 241 1203 Nam
262 1145 379 1203 facinus
399 1146 472 1203 fecit
492 1166 685 1220 maxumum,
708 1165 818 1222 quum,
840 1144 949 1213 Danais
966 1145 1194 1219 inclinantibus,

164 1233 316 1290 Summam
331 1251 394 1290 rem
409 1232 536 1309 perfecit
556 1251 665 1305 mauu,
686 1231 820 1289 restituit
838 1231 989 1309 proelium
1009 1229 1193 1290 insaniens⁸.

224 1329 348 1401 XXIV.
399 1338 458 1406 53.
482 1329 641 1401 Dicamus
664 1327 766 1425 igitur
786 1327 899 1400 utilem
918 1327 1104 1400 insaniam?
1129 1344 1195 1404 tra-

121 1447 175 1503 cta
200 1430 442 1503 definitiones⁹
469 1430 693 1518 fortitudinis3
719 1430 898 1527 intelliges,
926 1459 997 1502 eam
1013 1431 1193 1506 stomacho

121 1561 193 1605 nou
228 1560 348 1630 egere.
380 1533 556 1605 Fortitudo
591 1549 641 1607 est
657 1533 774 1631 'igitur
792 1533 940 1609 ,affectio
978 1533 1097 1618 animi,
1130 1532 1195 1630 legi

122 1663 272 1708 summae
294 1634 330 1706 in
354 1635 580 1734 perpetiendis
595 1635 695 1709 rebus
716 1635 967 1739 obtemperans3
993 1634 1043 1707 vel
1062 1663 1196 1713 consere
1255 1665 1258 1672 ·

120 1738 210 1809 vatio
238 1736 374 1809 stabilis.
397 1736 500 1811 iudici
526 1739 561 1810 in
583 1738 630 1812 eis
648 1738 766 1824 rebus,
793 1766 876 1837 quae
897 1735 1133 1810 formidolosae
1148 1738 1197 1808 vi-

123 1839 260 1926 dentur,
287 1839 469 1911 subeundis
489 1856 520 1913 et
536 1840 752 1940 repellendis;
777 1838 828 1912 vel
848 1839 985 1912 seientia
1003 1867 1113 1911 rerum
1128 1839 1196 1912 for-

121 1940 362 2039 midolosarum
381 1941 701 2041 contrariarumque,
727 1942 998 2043 perferendarum
1017 1959 1072 2013 aut
1089 1942 1196 2014 omni-

122 2072 168 2116 no
195 2044 486 2142 negligendamm,
513 2073 710 2117 conservans
734 2072 845 2117 earum
868 2071 979 2116 rerum
1006 2042 1124 2117 stabile
1144 2044 1196 2115 iu-

122 2146 269 2233 dicium;
294 2144 345 2219 vel
369 2145 520 2233 brevius,
546 2163 582 2218 ut
610 2145 819 2249 Chrysippus
831 2191 883 2211 .-·
901 2174 979 2218 nam
1005 2146 1194 2245 superiores

123 2247 336 2321 definitiones
360 2264 452 2337 erant
470 2248 802 2347 Sphaeri,·hominis
824 2248 859 2320 in
874 2249 992 2348 primis
1009 2249 1197 2323 benedeli-

122 2350 264 2438 nientis,
290 2366 326 2421 ut
351 2366 469 2449 putant
484 2350 608 2425 Stoici:
636 2366 713 2422 sunt
737 2349 825 2423 enim
841 2352 978 2424 omnino
997 2379 1111 2424 omnes
1126 2351 1195 2431 fere

191 2542 209 2594 7
225 2535 267 2585 Sic
289 2535 369 2586 Codd.
386 2537 472 2604 plures
489 2548 515 2587 et
529 2525 665 2607 pleraeque
679 2537 742 2586 Edu
760 2546 824 2587 vett.
841 2565 874 2574 —-
890 2537 949 2587 Ern-
968 2546 989 2588 c.
1008 2535 1065 2587 aliis
1081 2549 1195 2601 armata,

118 2617 222 2674 parata
242 2623 292 2672 per
315 2622 380 2654 sese.
398 2604 474 2655 Male.
494 2607 535 2656 Or.
553 2605 642 2656 laudat
663 2598 761 2672 dek.
798 2609 868 2662 .58.
898 2604 973 2662 &Sic
986 2603 1052 2654 Lall.
1070 2631 1103 2644 -
1119 2605 1151 2655 R.
1168 2606 1195 2656 b.

122 2674 151 2722 P.
171 2670 253 2722 Geblr.
271 2671 320 2720 Db.
339 2674 397 2722 Ern.
416 2690 510 2722 uranus
523 2674 607 2741 prael.
624 2685 688 2723 rest.
706 2674 758 2722 ins.
805 2672 872 2722 ultae
885 2671 949 2722 Edd.
966 2681 1028 2722 vett.
1046 2689 1139 2722 manua
1151 2686 1196 2742 pr.

121 2758 202 2809 qaam
217 2751 280 2788 rest.
299 2741 351 2789 ins.
369 2740 446 2790 Male.
460 2741 492 2790 V.
511 2741 586 2803 ndu„
610 2745 627 2798 9
643 2740 686 2790 Sic
701 2740 726 2790 b.
744 2739 799 2789 mG.
816 2740 848 2789 D.
868 2739 928 2790 eR.
946 2732 1112 2809 etPithoeaa.
1128 2739 1195 2799 Lan,

123 2838 155 2846 —
173 2808 234 2857 Ern.
253 2825 274 2856 e.
292 2806 362 2872 vulg.
383 2807 572 2872 definitionem.
590 2809 667 2858 Male.
937 2836 940 2841 -
991 2810 994 2815 '
1184 2806 1187 2811 '

174 2914 216 2966 52.
234 2908 263 2957 in
279 2908 377 2978 iurgio)
401 2909 505 2958 Homer.
522 2907 595 2959 Iliad.
620 2911 640 2959 1.
675 2918 766 2971 metro.
783 2907 914 2958 Bentleius
928 2919 1031 2976 poetam
1039 2908 1139 2958 dedisse
1146 2925 1196 2976 pu-

122 2982 182 3034 122.
199 2992 254 3042 sqq.
674 2985 728 3026 tat:
747 2994 838 3036 manu,
852 2994 908 3025 rem
920 2978 1038 3026 restituit
1046 2978 1195 3027 insaniens.

174 3054 237 3092 nam
251 3044 361 3093 Alacem
376 3043 489 3111 quidem)
504 3044 544 3093 De
558 3043 642 3094 Aiacis
724 3045 832 3093 Danais
846 3044 1053 3108 inclinantibus)
1068 3063 1144 3112 quum
1153 3045 1196 3094 ine
1214 3064 1216 3091 :

121 3110 160 3160 ire
181 3110 245 3159 nihil
270 3110 361 3160 dicam.
397 3113 478 3172 Quam
501 3111 578 3161 foeda
597 3111 643 3161 illa
676 3110 792 3160 cendium
816 3129 832 3161 a
853 3111 959 3162 navibus
984 3112 1197 3180 avertit‘vimque

121 3179 210 3238 fuerit,
227 3187 327 3227 constat
342 3177 410 3227 inter
422 3196 524 3238 omnes;
538 3197 597 3230 nam
604 3179 642 3230 ira
675 3177 786 3228 hostium
800 3179 928 3246 repressit.
946 3180 976 3230 11.
986 3181 1046 3232 XV.
1055 3181 1101 3230 sub
1111 3180 1194 3231 finem.

122 3245 507 3314 eumadfuroremmortemque
515 3247 641 3314 perduxit.
674 3246 771 3297 Naida.
1152 3283 1154 3288 .

120 3314 192 3364 Nm
200 3312 268 3381 piar
282 3313 368 3374 iratus,
384 3315 452 3380 quod
459 3314 565 3364 Achillis
573 3333 643 3366 arma
709 3314 767 3362 Car.
778 3315 877 3365 XXIV.
885 3318 927 3372 53.
939 3315 1080 3381 stomacho)
1090 3316 1198 3365 Stoma«

121 3378 198 3443 Ulisi·
208 3379 467 3446 sdiudicataessent,
504 3382 571 3432 ladio
588 3383 642 3451 ipse
675 3381 740 3431 ahur
754 3397 830 3448 saepe
836 3381 943 3459 ponitur
949 3399 997 3448 pro
1005 3382 1051 3445 ira,
1066 3382 1196 3432 exean'de*

121 3446 172 3498 sibi
201 3457 309 3498 mortem
333 3449 464 3500 conscivit.
486 3399 529 3500 {tl
553 3449 641 3518 Odyss.
661 3448 792 3511 scentia.v
813 3449 880 3498 Hane
897 3458 1030 3498 manarunt
1053 3449 1197 3500 locutiones

77 3560 80 3563 .
120 3515 170 3578 XI,
186 3517 247 3574 542.
260 3519 319 3574 563.
675 3516 749 3565 illae:
774 3515 931 3566 stomachum
949 3515 1026 3566 alicui
1039 3532 1140 3574 morere
1154 3517 1195 3567 tel

161 3584 235 3634 Nam
243 3581 370 3651 facinus)
378 3587 442 3634 Sunt
450 3585 551 3634 iambici
557 3594 642 3636 tetra·
674 3584 768 3634 faeere.
782 3586 813 3636 V.
822 3583 1068 3634 Schueta.in1.exie.
1079 3584 1195 3635 Ciceron.

120 3651 197 3700 metri
207 3651 349 3713 acatalecti,
366 3668 419 3702 non
429 3670 460 3702 ex
468 3653 565 3707 comico
575 3669 642 3720 quo-
675 3669 695 3701 s.
706 3668 732 3701 r.

120 3718 181 3767 dam
196 3728 281 3786 poete,
304 3728 333 3768 ut
349 3729 435 3769 censet
449 3719 585 3781 Bentleius,
599 3719 642 3786 qui
725 3731 788 3769 sunt
811 3719 889 3784 enim)
923 3706 1039 3769 Davisius
1059 3719 1195 3786 legendum

120 3785 221 3835 scilicet
233 3795 310 3851 negat
323 3785 368 3847 (v.'
376 3787 601 3837 Adnotata'nostra
609 3789 641 3836 ss.
676 3797 776 3835 censet:
788 3799 952 3848 sectantem,
968 3805 1080 3838 caussam
1090 3789 1194 3850 addens,
1216 3832 1217 3837 ,

121 3858 163 3913 16,
187 3856 243 3919 37).
265 3853 377 3919 tragicos
400 3854 570 3905 Romanorum
592 3855 642 3903 isto
675 3853 734 3920 quia
748 3854 827 3904 Stoici
840 3862 898 3904 ‘non
913 3853 972 3904 ideo
989 3856 1128 3922 sphaeram
1143 3856 1195 3906 ho-

119 3929 203 3970 metro
220 3938 278 3985 usos
295 3936 357 3984 esse,
372 3922 419 3971 sed
435 3939 465 3970 ex
478 3922 576 3988 tragico
592 3939 642 3989 pe-
674 3920 801 3972 minemiu
808 3922 965 3988 primisbene
974 3923 1136 3973 definientem
1143 3942 1194 3990 pu·

119 3987 171 4037 titi.
190 3989 333 4038 Secundum
351 4006 452 4039 versum
476 3989 588 4047 Wolfius
609 3989 641 4038 de
675 3988 795 4048 taven'ut,
809 3989 878 4056 quod
886 3996 973 4039 omnts
982 3991 1137 4041 fortitudinis
1145 3991 1194 4040 de·

120 4055 261 4105 Hermanni
290 4057 424 4123 fElement.
456 4056 536 4106 doctr.
567 4066 640 4106 metr.
674 4055 804 4105 finitiones
828 4068 912 4107 essent
936 4057 990 4108 fere
1009 4058 1111 4108 similes.
1140 4060 1193 4123 Ego

140 4158 146 4170 .
159 4125 225 4188 159.)
234 4123 362 4175 sententia
369 4124 459 4174 edidit.
475 4124 560 4190 Vulgo
569 4124 642 4191 lege-
674 4140 736 4187 vero
756 4132 828 4189 pute,
849 4125 967 4175 venedam
982 4127 1054 4176 enim
1069 4125 1195 4176 rationem

119 4139 197 4240 latur
207 4191 477 4258 proeliumrestituit,
492 4192 642 4243 adversante
673 4190 781 4242 reddere
802 4191 946 4243 sententiae
973 4193 1094 4256 alicuius,
1128 4209 1193 4261 quae
