2640 4626
410 150 520 224 sunnx
537 173 657 223 unusu
675 174 718 223 ic
735 172 908 225 uoumou.
1132 164 1195 231 395

119 288 390 360 transfretaturis
408 290 513 357 flagitiis
531 290 637 342 dictum.
706 291 748 341 Sic
777 290 867 359 gradu
895 291 1042 361 depellere,
1071 292 1194 355 deiicere,

154 380 180 429 p.
202 362 260 418 101.
280 378 304 409 a.
708 359 864 422 deturbare,
896 361 925 410 in
950 362 1066 432 gradum
1091 365 1193 431 reponi.

119 431 207 498 Frugi
223 427 345 478 homines.
364 445 390 495 p.
408 431 467 484 208.
487 444 511 476 a.
529 425 555 476 b.
707 425 773 476 Ibid.

120 498 188 546 Frui
212 493 303 563 officio
326 513 357 544 an
377 493 455 543 latine
477 493 529 545 dici
546 493 638 562 possit.
674 495 779 544 Graeca
804 494 947 546 declinatio
978 495 1106 546 nominum
1130 514 1195 565 pro-

154 582 180 630 p.
199 569 259 621 220.
277 563 302 612 b.
321 568 380 620 221.
399 579 422 611 a.
707 560 828 628 priorum.
854 565 885 612 V.
912 582 932 613 s.
960 580 1000 612 vv.
1020 566 1196 615 Accusativus

120 634 227 700 Fugere
235 632 319 680 aciem
328 647 375 698 pro
385 627 510 700 effugere.
540 633 600 687 .87.
617 647 640 679 a.
709 638 735 678 et
750 630 897 679 Genitiuus.

119 701 226 768 Fugere
247 708 273 748 et
299 696 424 766 refugere
440 696 502 765 quid
535 696 642 747 'erant
676 697 838 774 Grdeci3De
846 698 957 747 Graecis
967 696 1078 764 iniquius
1093 697 1195 748 iudica·

119 771 244 883 Friridliie
256 766 343 884 iiianes
354 851 437 882 voces.
455 850 481 899 p.
500 832 561 889 318.
579 832 604 882 b.
675 765 1030 908 Griiciliivioieiotivimip.
1050 836 1107 890 117.
1128 850 1151 882 a.

119 902 225 970 Fungi,
259 901 296 949 ad
334 917 429 950 nrunus
460 898 640 970 jungendum.
676 899 855 966 Grandrloqui
869 900 956 950 Stoici.
976 919 1002 967 p.
1021 904 1079 957 356.
1099 900 1125 951 b.

155 988 182 1035 p.
201 974 260 1026 207.
280 986 303 1018 a.
676 967 765 1015 Grave
780 983 887 1017 carmen.
907 986 933 1034 p.
956 971 996 1025 97.
1019 985 1041 1017 a.

122 1038 251 1084 Futurum
274 1034 301 1086 iu
320 1033 501 1097 conclusione,
517 1044 559 1084 ut:
578 1051 642 1102 ergo
675 1034 805 1084 Gravitas
822 1034 943 1101 corporis.
963 1054 989 1102 p.
1010 1039 1066 1093 196.
1087 1052 1110 1084 s.

153 1103 226 1152 miles
248 1103 276 1151 id
288 1103 372 1152 facere
384 1104 497 1171 poterit,
517 1102 556 1151 vir
569 1101 641 1170 sapi-

153 1188 198 1220 ens
214 1187 265 1218 non
281 1169 386 1238 poterit.
406 1189 431 1236 Ρ.
453 1173 510 1227 174.
531 1170 556 1220 b.

119 1240 249 1288 Futurum
270 1237 296 1286 in
321 1237 521 1304 consequutione
537 1247 564 1287 et
578 1254 643 1288 con·
915 1255 955 1303 H,

158 1303 278 1355 elusione.
296 1323 322 1372 p.
340 1309 399 1362 207.
419 1305 443 1355 b.

119 1375 248 1422 Futurum
270 1371 298 1420 in
323 1371 468 1422 obiectione
485 1382 511 1421 et
523 1369 577 1421 leni
593 1371 642 1423 ob-
676 1368 760 1418 Haud
773 1370 872 1430 sciam,
890 1388 934 1433 an.
953 1389 979 1438 p.
998 1371 1057 1430 234.
1077 1391 1100 1422 a.

153 1437 307 1504 iurgatione.
327 1459 352 1506 p.
372 1443 429 1496 357.
455 1457 477 1488 o.
496 1439 522 1488 b.
676 1437 760 1487 Haud
795 1439 864 1497 scio,
890 1455 926 1486 an
951 1456 1012 1505 pro:
1039 1439 1112 1490 haud
1139 1441 1194 1492 scio
1251 1434 1254 1441 ’

118 1509 248 1556 Futurum
270 1504 329 1556 loco
354 1505 501 1575 imperativi
520 1505 638 1574 positum.
709 1521 806 1553 annon.
845 1541 851 1554 .
870 1510 930 1564 208.
951 1524 972 1555 a.
992 1508 1017 1555 b.

152 1593 177 1642 p.
196 1578 237 1630 66.
257 1573 282 1622 b.
675 1572 796 1622 Haurire
836 1570 1001 1622 edoloribus
1018 1585 1043 1624 et
1059 1574 1194 1627 calamita-

119 1644 247 1691 Futurum
267 1653 386 1719 erastum
403 1651 431 1690 et
443 1639 470 1690 in
483 1640 597 1709 protasi,
615 1651 642 1691 et
708 1638 791 1699 tibus,
810 1657 871 1705 quus
890 1639 944 1708 quis
959 1640 1028 1691 subit
1044 1659 1074 1691 ac
1087 1645 1191 1710 perfert.

99 1707 641 1842 Friilaiiiindoiidiiiiisumfbiitriwsimiilicis
674 1706 942 1836 H2‡„i{7'1i',‘„5„,
963 1775 1074 1825 secunda
1095 1777 1192 1844 syllaba

155 1843 213 1892 loeo
228 1842 349 1911 positum,
367 1842 516 1905 attidem,
534 1843 639 1894 videri·
706 1842 855 1909 producitur
875 1841 943 1908 opud
958 1843 1075 1911 antiquos
1090 1850 1197 1912 politas.

157 1927 220 1960 mus.
242 1911 272 1964 V.
293 1930 313 1961 s.
332 1927 356 1962 v.
376 1911 477 1961 videro.
706 1927 732 1976 p.
754 1914 810 1966 132.
831 1909 855 1958 b.

672 1977 824 2044 Hegesias,
843 1975 1006 2045 Cyrenaicus.
1026 1996 1051 2044 p.
1073 1979 1129 2036 114.
1150 1997 1172 2029 a.

359 2081 383 2130 G
672 2045 843 2109 Hendiadys.
871 2061 897 2111 p.
918 2048 959 2100 96.
980 2062 1003 2093 a.
1026 2047 1049 2094 b.
1068 2074 1100 2083 -
1118 2050 1191 2096 Deo-

120 2180 297 2244 Ganymedes.
317 2199 343 2247 p.
362 2185 404 2239 98.
425 2182 450 2230 b.
704 2178 888 2230 immortalibus
900 2177 1084 2229 inventoribus.
1095 2199 1120 2247 p.
1133 2185 1190 2239 195.

118 2248 346 2315 Gundr'um12upci)
355 2247 507 2298 Stoicorum.
514 2267 540 2315 p.
547 2251 604 2306 261.
612 2248 638 2298 b.
706 2265 728 2296 a.
738 2275 772 2285 -
779 2250 877 2296 Cursus
886 2264 960 2295 error
967 2264 1013 2314 pro
1023 2265 1094 2297 cursu
1103 2265 1193 2299 ermu-

120 2317 232 2376 Genere,
248 2332 283 2376 re,
297 2315 401 2384 propris
408 2314 435 2366 vi
450 2333 495 2365 sua
511 2323 640 2380 (wesent-
705 2323 740 2364 te·
757 2332 783 2382 p·
793 2318 851 2372 1119·
872 2332 895 2363 a.
908 2342 941 2352 -·
956 2315 1152 2383 Longinquitas
1167 2327 1194 2367 et

131 2436 133 2441 ,
151 2383 229 2445 licb).
248 2400 273 2449 p.
293 2386 350 2440 321.
371 2401 393 2432 a.
707 2381 774 2431 dies.
792 2400 824 2448 p.-
836 2387 896 2439 222.
916 2399 938 2430 a.
949 2410 981 2421 -
996 2383 1074 2431 Serta
1088 2394 1114 2433 et
1128 2401 1192 2434 rosa

119 2451 270 2499 Generosos
299 2449 332 2500 de
360 2451 440 2520 stirpe
470 2449 637 2502 nobilissime.
707 2467 754 2517 pro
770 2448 844 2498 sertis
861 2449 977 2499 rosaceis.
997 2468 1023 2517 p.
1042 2454 1102 2507 226.
1123 2451 1147 2501 b.

705 2130 763 2161 rum
773 2111 1136 2179 immortaliuminventiopro
1144 2113 1192 2164 diis
1281 2112 1283 2119 '

152 2537 178 2584 p.
202 2522 257 2574 155.
279 2535 300 2566 o.
673 2516 736 2578 Hic,
753 2516 833 2578 baec,
851 2515 900 2565 boc
917 2515 944 2565 in
958 2515 1033 2566 initio
1050 2519 1192 2569 sententiae
1297 2559 1300 2564 .

118 2586 276 2646 Genitivas,
308 2603 323 2635 u
348 2585 446 2636 dnobus
471 2584 639 2636 substantivis
707 2601 754 2651 pro
793 2582 852 2647 liic,
885 2583 968 2647 baec,
1006 2583 1055 2634 hoc
1093 2598 1187 2636 autern.

152 2652 283 2719 pendens,
321 2653 419 2720 potiori
465 2652 638 2715 substantivo,
705 2669 731 2717 p.
749 2656 808 2709 252.
829 2669 853 2701 n.

153 2720 221 2786 quod
251 2719 333 2785 primo
364 2720 423 2769 loco
449 2720 564 2788 positum
590 2730 637 2780 ost,
673 2719 734 2768 Hic.
755 2720 809 2779 Hi,
828 2718 873 2768 liis
888 2727 937 2770 etc.
956 2736 1031 2787 saepe
1045 2721 1192 2788 melelegi-

152 2786 209 2836 addi
223 2789 297 2846 solet,
318 2797 359 2836 ut:
378 2787 461 2837 borzor
476 2788 639 2857 disciplinae
705 2799 748 2836 tur
759 2784 858 2836 inEdd.
875 2803 923 2854 pro
938 2787 969 2849 ii,
986 2787 1023 2836 iis
1038 2797 1087 2838 etc.
1105 2808 1131 2857 p.
1148 2796 1190 2848 51.

153 2863 179 2902 et
198 2854 344 2903 arroteritae.
363 2873 390 2922 p.
406 2859 447 2912 76.
468 2873 490 2904 a.
707 2871 730 2903 a.
749 2853 774 2902 b.

118 2922 240 2970 Genitici
255 2921 307 2970 duo
323 2939 379 2971 cum
393 2921 489 2989 duplici
502 2922 637 2973 relatione.
673 2921 736 2982 Hic,
754 2920 895 3037 baec,b}roc
907 2921 1050 2982 δεικτικῶς
1070 2923 1190 2991 positum.

119 3007 241 3105 Giiritivi
264 3056 329 3117 duo,
355 3055 399 3106 uni
425 3055 522 3106 nomini
545 3056 637 3108 iuncti.
674 3006 764 3104 Hiiet
779 3055 827 3104 ille
841 3055 870 3105 in
887 3055 1049 3122 oppositione
1065 3075 1140 3125 saepe
1155 3058 1194 3110 itu

151 3143 177 3189 p.
197 3127 255 3180 279.
274 3124 299 3173 b.
319 3131 378 3182 280.
398 3142 421 3172 a.
707 3132 852 3191 ponuntur,
869 3133 899 3172 ut
910 3123 957 3172 iric
973 3140 1025 3173 non
1039 3125 1073 3174 ad
1085 3126 1195 3193 propio-

119 3191 259 3239 Genitivus
281 3191 446 3257 Ganymedi,
471 3192 640 3256 Callistheni,
707 3207 774 3251 rem,
792 3189 837 3238 sed
862 3190 894 3240 ad
918 3190 1040 3242 maiorem
1063 3211 1131 3255 rem,
1149 3194 1198 3244 ille
1248 3195 1252 3207 '

152 3259 288 3308 Carneadi
303 3270 352 3309 etc.
371 3279 397 3328 p.
415 3263 473 3317 211.
490 3278 513 3310 a.
537 3261 562 3310 b.
578 3265 636 3318 300.
706 3274 759 3306 non
780 3257 814 3306 ad
837 3257 1013 3320 remotiorem,
1039 3261 1084 3311 sed
1107 3260 1195 3312 mino-

151 3327 182 3375 V.
203 3327 233 3374 L.
706 3341 759 3374 rem
777 3322 908 3393 respiciat.
926 3344 952 3402 p.
974 3330 1029 3384 142.
1050 3330 1074 3379 b.

118 3394 259 3442 Genitivus
275 3394 407 3447 nominum
424 3394 607 3462 propriorum,
625 3412 640 3447 e
673 3392 815 3453 Historia,
833 3410 916 3442 rerum
930 3392 1079 3459 indagatio,
1097 3396 1195 3463 disqui-

152 3478 243 3524 graeca
275 3461 364 3526 lingua
393 3461 546 3528 petitorum,
572 3479 639 3529 quo·
705 3458 781 3529 sitio,
799 3457 915 3580 irrepis.
932 3478 957 3527 Ρ.
973 3465 1030 3520 135.
1049 3463 1075 3512 b.
1092 3467 1149 3521 136.
1169 3482 1193 3514 a.

152 3527 229 3577 modo
249 3528 406 3578 terminetur.
426 3547 452 3596 Ρ.
473 3533 529 3588 139.
550 3547 573 3580 a.
594 3531 618 3581 b.
674 3530 759 3579 Homo
775 3523 836 3579 κατ’
875 3526 957 3594 §exin
980 3528 1013 3578 de
1036 3546 1067 3580 eo
1088 3531 1193 3593 dicitur,

118 3597 215 3644 Genus.
241 3597 276 3645 Id
284 3635 292 3658 ,
310 3596 358 3645 boc
376 3613 461 3665 genus
476 3615 490 3647 e
505 3597 639 3647 verborum
706 3594 749 3663 qui
763 3594 906 3663 sapientiae
920 3596 1065 3664 praeceptis
1080 3597 1194 3648 imbutus

154 3663 243 3713 ordine
264 3663 449 3730 explicandum.
469 3682 496 3731 p.
515 3664 558 3721 48.
578 3664 602 3713 b.
706 3672 752 3712 est.
769 3681 795 3729 p.
815 3664 875 3721 248.
896 3663 919 3711 b.
1164 3722 1166 3727 Α

118 3730 282 3780 Gerundiurn
303 3731 418 3808 passive,
436 3740 466 3780 ut
486 3730 639 3798 principium
675 3731 844 3780 Honoras-ius
862 3728 971 3780 arbiter.
990 3749 1016 3800 p.
1036 3736 1096 3791 372.
1117 3752 1141 3782 a.

152 3799 273 3847 movendi
305 3814 323 3847 1.
358 3815 379 3847 e.
414 3808 507 3849 motus.
544 3817 570 3867 p.
595 3803 637 3858 89.
674 3797 1052 3858 Hortensius,liberCiceronis.
1062 3819 1088 3867 p.
1101 3803 1157 3858 117.
1167 3802 1191 3854 b.

151 3867 177 3914 b.
197 3869 238 3922 90.
260 3883 282 3915 a.
707 3867 847 3916 Hortensii
863 3866 990 3916 memoria.
1010 3886 1036 3935 p.
1056 3869 1097 3926 9-1.
1117 3887 1141 3918 a.

117 3935 236 4002 Gignere
249 3950 297 4000 pro
309 3951 414 4001 parere.
452 3936 538 3990 .130.
556 3951 579 3984 n.
673 3936 797 3983 Humane
811 3933 883 3983 ferre.
904 3952 928 4001 p.
951 3938 1008 3992 192.
1030 3952 1053 3984 a.
1073 3936 1097 3986 b.

118 4003 256 4051 Glossema
280 4000 395 4050 Ciceroni
417 3951 571 4068 piatum„
594 4002 636 4060 48.
672 4002 931 4051 Humanumvitium.
942 4021 968 4070 p.
982 4006 1037 4060 103.
1048 4003 1074 4052 b.
1091 4007 1150 4063 101.
1168 4025 1191 4056 u.

151 4086 175 4118 a.
195 4069 220 4118 b.
672 4068 841 4131 Hydraulus.
858 4086 885 4137 p.
903 4074 962 4128 225.
982 4087 1005 4120 a.
1025 4071 1050 4121 b.

117 4136 224 4186 Gradus
253 4137 284 4186 de
306 4134 441 4203 palaestra.
473 4154 497 4203 p.
530 4137 586 4195 151.
612 4154 635 4186 s.
671 4134 845 4206 Hypallags,
861 4145 891 4186 ut
911 4139 953 4188 vis
975 4155 1085 4191 corusca
1093 4137 1194 4208 subni-
