2640 4626
24 4127 28 4136 .
128 4099 370 4165 congessitDaris.a

117 233 165 311 54
364 242 942 318 ruscuxauxuuunxsrurarxouuu

118 367 200 441 haec
216 392 304 437 nuuc
321 362 404 435 mihi
424 361 538 435 senilis
556 379 606 434 est
621 361 825 434 declamatio.
876 362 1005 435 Ponere
1024 362 1194 450 iubebam,

120 467 161 542 de
186 494 252 566 quo
275 463 350 564 quis
372 464 486 537 audire
509 463 619 552 vellet,
646 464 689 537 ad
707 463 744 537 id
763 480 818 536 aut
838 464 976 555 sedens,
1002 482 1058 537 aut
1076 464 1194 538 ambu-

120 568 192 644 laus
219 567 438 666 disputabam.

170 699 174 708 ·
221 676 254 749 8.
277 671 390 768 ltaque
408 668 536 741 dierum
554 668 699 767 quinque
713 667 855 755 scholas,
881 683 917 739 ut
935 667 1056 742 Graeci
1079 669 1195 769 appel-

120 773 200 861 tant,
225 766 266 844 iu'
276 772 414 844 totidem
428 769 534 843 libros
549 771 682 844 contuli.
706 769 807 843 fiebat
821 786 928 843 autem
942 769 998 858 ita,
1023 787 1070 858 ut,
1090 799 1194 871 quum

122 874 168 963 is,
183 865 252 973 'qui
277 874 390 946 audire
417 871 530 959 vellet,
557 872 695 947 dixisset
716 872 798 972 quid
823 872 889 944 sibi
913 871 1098 962 videretur,
1123 891 1195 947 tum

123 1005 188 1075 ego¹
201 993 316 1049 contra
333 977 485 1049 dicerem.
517 973 599 1048 haec
616 992 665 1048 est
681 974 787 1062 enim,
812 991 849 1047 ut
865 974 950 1062 scis,
975 991 1068 1048 vetus
1083 993 1118 1050 et
1132 977 1195 1049 So-

124 1079 245 1155 cratica
270 1079 354 1151 ratio
382 1095 495 1150 contra
519 1077 651 1152 alterius
672 1077 865 1177 opinionem
886 1077 1081 1151 disserendi.
1116 1107 1195 1152 nam

124 1183 169 1255 ita
187 1179 360 1267 facillime,
386 1180 468 1280 quid
486 1181 555 1252 veri
574 1179 779 1253 simillimum
798 1196 901 1267 essct,
927 1179 1069 1253 inveniri
1093 1209 1195 1281 posse

123 1285 277 1356 Socrates
299 1282 537 1370 arbitrabatur,
564 1283 624 1357 sed
641 1310 707 1382 quo
726 1281 932 1359 commodius
950 1282 1195 1382 disputationes

123 1403 256 1460 nostrae
278 1385 498 1485 explicentur,
525 1385 573 1459 sic
593 1413 647 1458 eas
673 1388 854 1484 exponam,
879 1384 976 1484 quasi
996 1394 1115 1483 agatur
1132 1415 1195 1473 res,

123 1518 192 1562 uon
208 1489 302 1587 quasi
320 1505 474 1561 narretur
530 1489 619 1585 Ergo
638 1487 682 1559 ita
699 1503 853 1560 nascetur
868 1487 1049 1561 exordium.

222 1593 260 1661 V.
302 1599 333 1667 9.
360 1595 399 1663 A.
416 1589 543 1661 illalum
557 1589 638 1661 mihi
654 1589 785 1662 videtur
807 1617 879 1662 esse
893 1616 994 1662 mors.
1025 1592 1075 1663 M.
1094 1590 1195 1678 iisne,

124 1693 182 1791 qui
199 1692 320 1763 mortui
339 1709 475 1778 suutan
492 1691 545 1778 iis,
573 1691 694 1790 quibus
709 1691 918 1765 moriendum
935 1693 1008 1765 cst?
1031 1697 1072 1766 A.
1085 1693 1195 1766 Utris

125 1821 197 1893 que.
249 1798 296 1864 M.
310 1795 370 1865 Est
385 1793 542 1865 miserum
556 1793 667 1891 igitur,
694 1793 851 1892 quoniam
865 1792 996 1869 malum.
1034 1799 1074 1867 A.
1090 1796 1195 1875 Certe.

127 1899 175 1967 M.
194 1895 283 1992 Ergo
306 1911 337 1967 et
356 1895 403 1983 ii,
422 1895 544 1994 quibus
565 1895 671 1968 evenit
694 1897 777 1983 iam,
803 1912 839 1968 ut
858 1913 1082 1985 morerentur,
1110 1886 1196 1983 etii,

126 1996 247 2096 quibus
268 2015 458 2081 eventurum
477 2015 543 2085 est,
568 1997 690 2071 miseri.
741 2003 781 2072 A.
795 1997 882 2071 Mihi
900 1997 946 2070 ita
961 1998 1098 2072 videtur.
1150 2005 1195 2072 Μ.

125 2214 254 2282 quotidie,
272 2214 298 2265 h.
309 2233 330 2266 e.
349 2217 550 2267 exercitationis
562 2233 641 2267 caus-
675 2217 789 2284 tingitnr,
806 2217 906 2268 uberius
923 2218 1080 2285 exposuimus
1094 2219 1114 2269 l.
1123 2219 1150 2270 d.
1165 2218 1197 2269 de

125 2301 158 2333 sa
178 2285 311 2333 orationes
332 2283 466 2335 habebam.
494 2311 527 2324 —-
541 2285 642 2336 Decla-
676 2285 756 2337 Cicer.
770 2284 835 2352 phil.
852 2305 878 2353 p.
887 2290 992 2364 79-81.
1009 2281 1037 2336 ei
1050 2304 1077 2354 p.
1088 2287 1150 2345 149.
1158 2304 1195 2354 sq.

126 2351 207 2401 ructio
237 2351 420 2417 disputationes
442 2351 642 2421 philosophicae.
726 2352 792 2402 baec
810 2365 851 2402 est
869 2355 953 2417 enam)
977 2352 1087 2405 Tirones
1106 2355 1197 2405 obser-

127 2417 170 2468 Sic
187 2418 254 2468 infra
272 2420 304 2469 ll.
329 2423 376 2482 11,
395 2425 438 2479 26.
475 2421 576 2471 Senilis
600 2420 643 2469 di-
676 2430 744 2482 veut,
761 2420 1095 2499 perticulesenim,igitur,
1111 2434 1199 2472 autem

127 2485 208 2548 citur,
225 2485 284 2554 quia
304 2487 394 2539 eodem
409 2487 510 2538 nomine
527 2487 643 2554 appella·
675 2488 703 2538 in
737 2487 860 2538 eiusmodi
897 2488 1080 2540 enunciationis
1108 2488 1197 2552 initiis,

126 2553 202 2604 betur
217 2554 365 2605 exercitatio
381 2554 434 2617 illa,
451 2573 500 2621 qua
517 2555 601 2621 pueris
617 2554 644 2605 iu
677 2554 752 2623 quale
768 2564 820 2604 est:
845 2555 890 2605 iric
908 2568 966 2617 est,
990 2555 1039 2605 ltoc
1061 2568 1120 2616 ess,
1139 2558 1198 2626 quis

125 2620 191 2669 ludis
214 2620 275 2670 ficta
297 2620 421 2687 quaedam
437 2621 550 2671 themata
565 2638 644 2688 prae·
677 2633 726 2683 est,
743 2621 808 2690 quid
824 2634 873 2683 est,
890 2622 980 2673 nullus
994 2634 1043 2685 est,
1062 2623 1139 2674 sitit
1149 2637 1198 2686 aas,

126 2686 202 2738 scribi
219 2687 345 2749 solebant,
363 2687 452 2755 quibus
469 2688 501 2738 atl
518 2688 643 2755 eloquen-
677 2706 752 2740 necto
768 2701 817 2750 est,
835 2707 887 2740 non
899 2703 948 2750 est,
966 2691 1197 2811 necesseestpgpl-

125 2755 187 2804 tiam
206 2753 271 2805 viam
294 2754 342 2804 sibi
358 2755 493 2805 munirent.
528 2757 560 2806 V.
576 2757 657 2806 For—‘
677 2756 799 2808 ciendum
823 2763 877 2818 e'ss,
896 2757 961 2818 alia,
978 2775 1031 2809 uon
1049 2776 1131 2810 secun
1188 2798 1196 2822 ,

127 2820 212 2872 cellini
229 2821 307 2872 Thes.
324 2823 383 2872 Lat.
400 2839 421 2872 s.
435 2840 458 2872 v.
551 2889 557 2900 Ι
677 2824 723 2904 aed
738 2823 841 2875 tertiam
850 2824 949 2875 demum
962 2826 1047 2905 aedem
1061 2843 1197 2895 occupare,

127 2889 286 3004 validi..)
296 2891 644 3025 xh⁰.”.‘'1‘.'.0,ss¹.iiiif¹⁰iii¹i
672 2893 1198 3013 >hibelillihiii'ihihihiffl

128 3021 644 3089 eiusmodiquaestiouesdicunturiidous.
677 3026 775 3078 haeret.
808 3028 877 3077 inire
898 3029 941 3076 Ili.
963 3031 1010 3090 16,
1027 3033 1069 3086 35.
1087 3046 1144 3081 uon
1160 3039 1197 3080 eat

130 3089 168 3137 Gi.
188 3088 220 3138 de
240 3093 309 3140 Orat.
332 3093 350 3140 1.
374 3097 423 3153 22,
442 3094 548 3150 102-11.
568 3097 601 3156 1,
618 3099 645 3151 2·
678 3094 791 3146 enimin
808 3103 895 3149 nostra
910 3104 1046 3161 potestate.
1065 3097 1196 3160 Mox5,9.

128 3155 185 3205 Vid.
203 3157 302 3206 Emesti
316 3159 386 3209 Clav.
401 3159 516 3209 Cicerou.
531 3177 551 3209 s.
568 3177 593 3209 v.
677 3161 835 3212 moriendum
860 3172 899 3211 est
921 3163 999 3212 enim.
1023 3165 1067 3212 Ill.
1087 3169 1139 3225 33,
1155 3168 1196 3222 81.

176 3228 202 3281 8.
221 3224 334 3285 scholas,
352 3239 381 3276 ιιι
389 3228 486 3277 Graeci
494 3227 644 3296 appellant)
677 3231 827 3280 Tractatum
843 3229 1072 3280 estensem.1bid.
1093 3237 1138 3293 29,
1155 3237 1197 3290 72.

128 3291 256 3341 Plutarch.
274 3293 336 3359 περὶ
358 3296 410 3346 τοῦ
428 3293 542 3346 ἀκούειν
562 3294 643 3361 princ.
678 3315 743 3364 quae
765 3307 804 3346 est
825 3298 910 3365 igitur
939 3297 1057 3348 amentia.
1083 3299 1130 3350 lv.
1155 3301 1198 3358 24,

129 3358 181 3425 τὴν
193 3359 342 3426 γενομένην
353 3360 511 3429 praepetis
522 3359 645 3427 neclecti
677 3368 719 3423 53.
741 3363 875 3413 Fortitudo
890 3373 929 3414 est
943 3366 1038 3435 igitur.
1063 3365 1104 3415 cf.
1116 3365 1198 3416 Oche-

126 3425 241 3479 o'uotietv
271 3426 426 3480 detestaturi
455 3444 500 3482 σοι
522 3428 643 3496 γράψας.
678 3448 724 3481 ner
749 3431 804 3480 Ecl.
832 3431 883 3481 Cic.
909 3450 935 3499 p.
958 3436 1019 3491 201.
1062 3433 1148 3484 Beier.
1167 3432 1198 3482 ad

127 3493 239 3544 Salsulae
254 3494 330 3560 igitur
346 3496 409 3546 nihil
422 3495 492 3562 aliud
503 3506 562 3546 snut
570 3535 578 3558 ‚
595 3495 645 3546 uisi
678 3498 751 3550 offic.
769 3501 790 3548 1.
807 3503 842 3556 38
851 3537 859 3560 ,
878 3503 934 3556 137.
951 3518 978 3566 p.
995 3504 1054 3559 278.
1071 3499 1139 3551 ibid.
1156 3505 1197 3565 29.

127 3560 310 3628 disputationes
325 3563 525 3632 philosophicae.
550 3563 644 3614 Sicin-
676 3584 703 3634 p.
718 3569 777 3624 226.
796 3565 944 3616 llamshoru.
961 3569 1021 3618 Lat.
1037 3567 1084 3625 Gr,
1099 3571 1124 3637 §.
1143 3571 1198 3628 197.

128 3628 167 3677 l'ra
184 3630 227 3690 lll,
243 3630 286 3686 34.
304 3633 439 3697 sttptaratim
461 3641 544 3683 certae
565 3631 643 3682 sclw-
678 3653 704 3702 p.
722 3637 782 3692 630.
1142 3650 1143 3657 ’

127 3694 171 3744 loe
187 3705 246 3744 suut
260 3696 292 3746 de
311 3697 408 3759 exsilio,
425 3698 458 3748 de
474 3698 580 3749 interitu
595 3717 644 3766 pa·
730 3700 789 3750 Cae.
807 3702 838 3751 V.
856 3705 883 3759 9.
899 3702 947 3767 A.)
973 3701 1095 3764 Quisnam
1113 3703 1198 3764 collo-¹

126 3762 190 3810 triae
206 3791 254 3825 —,
277 3763 341 3814 haec
362 3766 452 3816 Graeci
481 3766 509 3815 in
533 3766 645 3832 singulas
678 3776 773 3836 quutor
797 3768 979 3835 intelligendus
1001 3768 1050 3832 sit,
1076 3769 1197 3821 indubio

127 3827 232 3879 scholas
248 3840 275 3879 et
289 3831 315 3880 in
330 3831 442 3898 singulos
456 3833 645 3900 librosdisper-
677 3834 743 3886 relin
761 3835 836 3887 uitur.
870 3839 900 3886 lu
925 3837 1122 3903 utroque.cod.
1142 3837 1196 3888 Eli-

127 3896 202 3946 tiunt.
237 3897 295 3947 Fin.
309 3900 340 3947 ΙΙ.
357 3903 381 3956 1.
398 3900 479 3965 princ.
491 3917 522 3949 ne
534 3918 574 3950 me
583 3911 644 3951 tan-
678 3920 731 3952 ens.
782 3903 857 3954 betur
871 3906 985 3966 Atticus,
1003 3903 1124 3971 idemque
1138 3923 1199 3956 seu-

127 3981 201 4030 quum
217 3963 394 4033 philosophum
414 3969 507 4032 putetis
528 3968 645 4021 scholam
677 3969 711 4020 sit
728 3972 848 4021 Lactant.
865 3971 922 4021 Div.
939 3974 1001 4022 lust.
1018 3974 1045 4033 1,
1071 3978 1131 4032 15.;
1154 3971 1198 4022 sed

127 4031 237 4098 aliquam
252 4033 323 4081 voltis
345 4034 543 4152 expp'icptppppug
559 4037 645 4154 timim
677 4047 853 4156 pecteAcpptra
868 4049 956 4157 rppnct
968 4039 1094 4118 liavisius,
1113 4057 1197 4158 eepeem

413 4136 446 4151 ..
513 4119 644 4155 ecuez.
690 4123 731 4156 um
772 4116 863 4156 tcum
911 4123 1100 4157 sse·mvenem
1130 4127 1147 4158 u
1175 4124 1197 4156 m

127 4166 182 4217 lud.
198 4167 256 4216 Lat.
273 4167 324 4217 Cic.
347 4187 367 4218 s.
388 4185 412 4218 v.
429 4199 461 4208 -
475 4173 513 4219 Dc
527 4171 642 4238 philoso—
677 4173 763 4234 illum,
781 4173 895 4240 quicum
911 4127 1197 4244 Cichronedisptitave-

126 4233 222 4301 pisendi
237 4245 321 4286 autem
334 4254 437 4307 genere,
455 4238 522 4305 quod
537 4238 563 4290 h.
572 4239 590 4290 l.
600 4249 643 4291 at·
677 4240 718 4302 rit,
737 4241 821 4303 luisse,
838 4251 925 4309 patcre
933 4259 965 4292 ex
975 4244 1005 4305 ΙΙ,
1024 4246 1065 4301 11.
1075 4272 1110 4303 -,
1120 4244 1196 4296 Lam-

878 4315 882 4338 i
