2640 4626
1065 144 1068 150 “
1109 144 1116 171 l

484 192 717 252 cinnama
1071 188 1135 257 257
1212 230 1217 239 .

59 338 127 412 que
144 337 260 384 eorum
278 308 360 385 alter
377 309 577 413 Cyrenaeus,
603 309 685 383 alter
701 308 929 416 Babylonius,
953 340 1135 417 numquam

58 410 212 515 prolecto
227 411 351 487 scbolis
370 428 479 485 essent
497 411 638 499 excitati,
655 440 762 512 neque
777 413 821 487 ad
835 412 919 488 illud
934 443 1054 491 munus
1070 418 1136 495 ele-

59 516 124 603 cti,
148 514 217 587 nisi
250 514 286 587 in
325 511 526 614 quibusdam
560 514 790 615 principibus,
813 517 1021 617 temporibus
1058 518 1136 613 illis,

57 617 202 691 fitissent
218 616 329 689 studia
343 617 522 691 doctrinae.
574 615 643 714 Qui
658 645 760 716 quum
782 635 889 693 cetera
904 618 1023 695 litteris
1040 644 1136 699 mau-

59 721 195 809 darent,
231 716 287 791 alii
317 718 369 792 ins
397 717 508 807 civile,
541 717 598 791 alii
620 720 787 795 orationes
811 750 905 812 suas,
938 721 996 797 alii
1015 753 1136 801 monu-

58 838 171 897 menta
209 821 388 895 maiorum:
422 822 510 894 hanc
550 820 788 922 amplissimam
822 824 971 898 omnium
1003 828 1140 920 artium,

59 926 145 1000 bene
170 923 302 996 vivendi
326 922 558 1024 disciplinam,
581 924 649 998 vita
670 926 777 1025 magis
804 955 905 1027 qnam
926 925 1044 1003 litteris
1058 958 1134 1032 per-

61 1026 167 1103 secuti
184 1042 270 1099 sunt.

163 1138 195 1209 6.
229 1129 344 1227 ltaque
383 1124 471 1200 illius
504 1155 600 1201 verae
635 1127 858 1229 elegantisque
885 1131 1135 1234 philosophiae,

60 1259 146 1331 quae
172 1230 272 1303 ducta
296 1230 467 1303 aSocrate
493 1229 529 1303 in
550 1228 780 1331 Peripateticis
804 1232 913 1307 adhuc
928 1236 1135 1335 permansit,

59 1350 93 1407 et
112 1332 205 1407 idem
231 1330 296 1404 alio
319 1331 420 1404 modo
447 1331 635 1405 dicentibus
654 1332 794 1422 Stoicis,
820 1362 922 1434 quum
940 1336 1136 1414 Academici
1164 1381 1169 1388 ·

60 1463 178 1509 eorum
214 1434 454 1508 controversias
489 1433 728 1535 disceptarent,
753 1434 843 1510 nulla
875 1437 946 1512 fere
979 1456 1056 1512 sunt
1079 1457 1136 1515 aut

58 1566 168 1639 pauca
188 1535 368 1610 admodum
384 1535 501 1609 Latina
516 1554 745 1625 monumenta,
770 1538 839 1612 sive
852 1556 991 1640 propter
1007 1543 1136 1641 magni-

10 1712 13 1721 ,
58 1639 213 1713 tudinem
228 1666 357 1726 rerum,
384 1639 700 1740 occupationemque
717 1639 912 1716 hominum:
938 1643 1007 1717 sive
1025 1645 1136 1734 etiam,

60 1741 155 1842 quod
164 1741 328 1844 imperitis
340 1769 378 1814 ea
388 1740 526 1839 probari
543 1769 643 1842 posse
657 1771 727 1815 uon
742 1743 1004 1819 arbitrabantur:
1032 1775 1135 1846 quum

10 1910 16 1949 ,ι
60 1844 215 1931 interim,
240 1843 305 1915 illis
331 1842 524 1933 silentibus,
551 1844 586 1917 C.
610 1843 825 1918 Amafinius⁹
855 1847 978 1920 exstitit
999 1846 1135 1939 dicens3

10 2034 15 2047 .
61 1947 157 2020 cuius
178 1945 281 2018 libris
298 1945 395 2019 editis
411 1962 574 2019 commota
590 1945 767 2019 multitudo
787 1948 924 2021 contulit
943 1976 979 2022 se
999 1950 1043 2022 ad
1058 1979 1136 2025 ean-

60 2049 137 2123 dem·
155 2047 367 2148 potissimum
384 2047 612 2148 disciplinam,
638 2049 706 2122 sive
720 2048 812 2148 quod
827 2065 897 2123 erat
910 2051 1045 2150 cognitu
1059 2081 1135 2153 per-

10 2142 13 2151 ’
58 2151 189 2239 facilis,
214 2150 284 2224 sive
313 2150 405 2250 quod
426 2150 679 2224 invitabantur1
702 2149 866 2226 illecebris
884 2152 1055 2228 blandae2
1076 2182 1138 2228 vo«

105 2308 145 2395 Ι9
170 2340 213 2386 Or.
238 2335 264 2387 h.
290 2335 308 2385 l.
333 2345 360 2386 et
382 2335 449 2386 infra
474 2355 496 2386 c.
521 2339 567 2389 Gr.
584 2340 648 2396 021.
667 2347 695 2387 et
715 2337 781 2405 plur.
798 2338 862 2391 Edd.
880 2348 946 2390 vett.
962 2338 1132 2410 Amafanius.

10 2436 13 2451 .
60 2404 213 2484 1V3Adn.
247 2402 335 2462 attii
355 2401 474 2456 blandis.

111 2504 280 2572 Cyrenaeus)
304 2504 453 2555 Carneades.
468 2533 501 2543 -
525 2507 583 2554 Bo-
616 2504 662 2555 sed
676 2521 757 2555 novae
772 2505 923 2557 Academiae
937 2506 1064 2572 asseclae,
1082 2510 1133 2576 qui,

59 2573 186 2642 bylonius
201 2572 334 2638 Diogenes·
345 2573 454 2622 Stoicus.
615 2589 693 2640 quum
706 2573 770 2622 nulli
784 2584 869 2624 certae
882 2574 979 2625 addicti
993 2586 1077 2626 essent
1090 2576 1134 2626 di-

111 2640 213 2690 scholis
230 2640 354 2699 excitati)
371 2639 524 2707 Exquisitius
540 2638 583 2688 di·
616 2640 753 2708 sciplinae,
776 2641 883 2691 aliarum
904 2642 1048 2694 scholarum
1068 2661 1134 2694 cou-

59 2719 131 2760 ctum
146 2724 209 2774 pro:
235 2707 375 2767 eschola's,
392 2706 418 2756 in
436 2707 525 2774 quibus
541 2707 583 2756 vi·
614 2707 765 2768 troversias‚
789 2707 919 2759 rationum
933 2711 1066 2760 momentis
1087 2729 1134 2760 cx-

57 2787 114 2827 tam
130 2774 290 2824 umbratilem
306 2775 429 2841 agebant,
449 2774 582 2841 protracti.
616 2775 693 2824 cussis
709 2783 735 2824 et
749 2775 816 2825 iuter
829 2793 857 2826 se
871 2778 1031 2845 comparatis,
1049 2778 1135 2829 disce-

59 2846 182 2895 Geterum
207 2852 396 2907 argumentum,
419 2859 470 2908 quo
494 2842 582 2892 Cicero
615 2852 688 2909 ptare
714 2851 740 2891 et
764 2841 902 2893 diiudicare
922 2853 1051 2912 poterant.
1095 2845 1134 2896 Gi.

58 2911 173 2980 probare
197 2919 320 2972 conatur,
347 2909 398 2959 iam
420 2919 475 2959 tum
499 2909 583 2959 studia
615 2926 663 2960 nos
679 2909 738 2959 iul.
755 2909 779 2959 d.
797 2928 823 2976 p.
839 2913 896 2970 148.
912 2928 949 2978 sq.
1175 2964 1179 2971 ,

59 2977 198 3030 doctrinae
221 2976 330 3043 viguisse
354 2977 421 3025 inter
446 2973 582 3038 Romanos,
667 2980 694 3026 G.
710 2976 877 3045 Amafinius)
901 2979 933 3029 V.
955 2995 1002 3029 uos
1024 2978 1051 3029 iu
1071 2979 1089 3029 l.
1107 2978 1136 3030 d.'

59 3056 88 3098 et
119 3042 267 3111 longissime
297 3044 443 3094 arcessitum
468 3052 521 3106 est,
557 3051 584 3093 et
616 3061 642 3111 p.
657 3049 702 3100 22.

58 3131 123 3165 vero
141 3111 311 3162 vanissimum.
666 3111 703 3160 ad
727 3112 837 3161 eandem
857 3112 1025 3182 potissimum
1049 3113 1134 3164 disci·
1174 3150 1179 3159 .

111 3180 173 3230 vita
196 3181 284 3249 magis
305 3196 384 3247 quum
405 3178 517 3243 litteris)
543 3177 584 3228 Ad
613 3179 727 3249 plinam)
745 3197 820 3246 quam
832 3181 977 3231 sectabatur
989 3182 1134 3246 Amafinius,

58 3247 241 3299 illustrandum
263 3246 331 3297 huuc
356 3247 442 3297 locum
465 3247 529 3296 facit
551 3247 584 3296 de
616 3265 652 3297 sc.
677 3248 829 3314 epicuream.
849 3277 883 3288 -
916 3251 955 3300 De
978 3267 1006 3299 re
1030 3249 1086 3316 ipsa
1107 3264 1133 3299 v.

58 3314 117 3367 Fin.
137 3315 183 3363 111.
199 3317 232 3374 3,
251 3319 291 3372 11.
326 3313 390 3376 Adi,
415 3313 437 3363 si
453 3314 519 3365 tanti
537 3323 584 3378 est,
616 3332 664 3366 nos
680 3315 739 3365 int
757 3315 781 3364 d.
800 3334 825 3382 p.
843 3320 885 3373 21.

58 3401 109 3434 nos
125 3380 155 3431 in
169 3380 189 3430 l.
203 3380 229 3431 d.
245 3400 272 3449 p.
286 3385 312 3440 9.
666 3382 863 3444 invitabantur)
887 3382 928 3431 Sic
944 3381 1039 3448 primus
1054 3381 1134 3431 edidit

111 3453 138 3508 6.
157 3448 304 3518 elegantis)
327 3448 358 3501 V.
375 3449 507 3500 Adnotatu
521 3448 548 3499 iu
562 3450 583 3498 1.
617 3449 743 3510 Wolfius,
774 3450 811 3498 ita
835 3457 865 3497 ut
888 3464 1005 3496 numerus
1029 3448 1135 3527 pluralis

58 3522 187 3635 23’idaim
205 3582 261 3633 alio
277 3583 365 3650 niodo)
389 3585 447 3634 Hoc
465 3581 583 3643 Zenonis,
616 3516 1134 3648 ξὲἷΙΞὲἳΐῖἲῆεἶῖἓῗἰεὸἲέἰτῖῗῗὲῃὲῗιῖἓ-

59 3651 162 3703 stoicae
175 3649 324 3718 disciplinae
336 3651 455 3713 auctoris,
473 3649 585 3701 novandi
617 3667 675 3699 men
702 3648 864 3699 collectivum
889 3649 1043 3699 multitudo:
1070 3667 1136 3717 quae

59 3718 175 3770 studium
215 3735 274 3769 uum
298 3718 353 3768 aliis
377 3718 456 3778 locis,
482 3727 537 3768 tum
557 3718 585 3768 in
618 3716 761 3766 emendatio
776 3716 963 3783 elegantissima
978 3728 1024 3766 est.
1059 3717 1136 3768 Orel-

59 3785 191 3854 principio
217 3785 318 3836 ‘britte
335 3785 431 3835 deFiu.
447 3784 584 3835 vehemeu-
618 3784 666 3834 lius
688 3785 804 3833 conferre
826 3782 896 3834 iubet
917 3784 949 3833 de
971 3785 1026 3834 Fin.
1044 3788 1071 3848 1,
1089 3791 1134 3844 25.

61 3863 102 3905 ter
117 3853 258 3920 exagitavit
274 3862 301 3903 et
317 3852 412 3921 carpsit
427 3852 525 3903 Cicero.
619 3851 814 3902 multitudinem
832 3879 865 3890 -
886 3852 955 3919 quod
977 3851 1014 3902 ita
1029 3865 1135 3923 putant.

112 3920 280 3986 Academica]
297 3921 358 3971 Nou
371 3929 469 3970 veteres
483 3919 585 3970 Acade·
618 3920 703 3985 Vulgo
735 3918 828 3985 legitur
852 3919 1035 3983 invitabatur,
1067 3920 1136 3989 quod

63 3988 123 4040 mici
139 3987 301 4054 intelligendi
314 3998 387 4049 sunt,
413 3988 456 4054 qui
470 3987 585 4038 Platonis
618 3997 755 4054 propterea
777 3987 911 4055 displicet,
934 3987 996 4104 puio
1019 4005 1136 4037 numerus

64 4055 179 4123 magistri
189 4055 332 4106 doctrinam
341 4055 474 4120 genuinam
486 4054 586 4122 utplu-
618 4053 750 4120 singularis
765 4055 893 4121 pertinere
908 4055 933 4105 vi
953 4067 1025 4105 eatur
1039 4055 1070 4104 ad
1086 4071 1135 4104 vo·

65 4125 154 4175 timum
187 4132 378 4240 expresserunt,
413 4138 461 4172 uec
486 4122 534 4172 nisi
559 4122 586 4172 in
619 4139 674 4172 cem
689 4123 868 4190 disciplinam.
902 4123 1032 4174 Ernestius
1048 4138 1136 4172 corre·

67 4190 196 4243 nonnullis
230 4188 283 4240 ocis
305 4189 399 4241 abillo
416 4189 586 4253 desciverunt,
618 4189 657 4238 xit
672 4189 813 4240 invitabat.
847 4190 926 4240 Male.

887 4263 926 4328 17
