2640 4626
539 217 668 267 22222
685 218 716 267 v.
734 221 777 274 25
1130 207 1195 277 347.

118 337 300 412 fluentibus
320 336 556 423 12222222222,
581 333 666 405 ratio
683 349 793 407 tamen
809 361 968 434 mensque
996 333 1195 413 moderatur.

119 449 178 522 71.
203 441 294 512 Haec
312 437 366 511 ille
385 439 517 512 intuens
538 451 635 535 atque
651 436 856 536 suspiciens,
881 437 931 510 vel
947 436 1059 536 potius
1085 438 1193 512 omnis

118 543 228 644 partis
243 568 384 641 orasque
399 539 688 638 circumspiciens,
714 555 835 637 quanta
853 567 967 612 rursus
985 539 1087 611 animi
1105 557 1195 613 2222.

93 708 94 713 ,
120 640 283 746 quillitate
298 643 443 716 humana
464 659 495 715 et
518 641 669 714 citeriora
695 641 897 714 considerat!
947 641 1035 714 Hinc
1060 641 1117 714 itta
1139 672 1195 717 co-

120 748 228 848 gnitio
244 746 373 819 virtutis
384 745 525 818 exsistit:
552 741 761 816 efflorescunt
775 761 1080 843 generapartesque
1093 744 1195 845 virtu-¹

120 870 210 924 tum:
237 849 419 935 invenitur,
445 847 527 946 quid
541 845 601 933 sit,
627 845 848 944 quodnatura
864 862 989 946 spectet
1013 862 1195 922 extremum

122 952 294 1040 inbonis,
319 951 410 1051 quod
430 956 445 1003 ³
466 950 502 1022 in
522 948 617 1020 malis
636 948 805 1034 ultimum;
839 976 915 1047 quo,
930 948 1103 1022 referenda
1127 950 1194 1023 sint

123 1055 253 1143 officia;
280 1082 363 1154 quae
379 1052 547 1148 degendae
557 1051 671 1124 aetatis
689 1051 773 1124 ratio
791 1051 1007 1149 deligendae
1059 1050 1194 1147 Quibus
1275 1078 1278 1087 “

124 1176 155 1232 22
172 1158 294 1230 talibus
310 1156 410 1246 rebus
430 1153 601 1254 exquisitis
618 1153 682 1226 hoc
699 1152 749 1226 vel
766 1154 907 1226 maxime
927 1153 1076 1241 efficitur,
1102 1155 1196 1255 quod

122 1262 186 1334 hac
202 1259 425 1359 disputatione
441 1258 588 1355 agimus,
613 1272 650 1327 ut
664 1255 765 1328 virtus
782 1257 824 1329 ad
841 1257 936 1330 beate
951 1252 1126 1329 vivendum
1150 1257 1195 1330 sit

123 1392 160 1437 se
188 1363 263 1462 ipsa
288 1376 448 1434 contenta.
500 1369 556 1439 72.
582 1357 739 1458 Sequitur
759 1360 870 1446 tertia,
896 1387 979 1459 2222
1004 1385 1064 1457 per
1085 1359 1195 1433 omnis

124 1466 230 1566 partis
250 1463 431 1564 sapientiae
447 1477 558 1533 manat
570 1477 602 1533 et
616 1461 776 1549 funditur,
802 1489 886 1561 quae
902 1489 973 1534 rem
989 1460 1114 1550 delinit,
1138 1490 1195 1559 ge-

123 1595 205 1641 nera
233 1565 405 1666 dispertit,
438 1563 607 1662 sequentia
636 1564 806 1661 adiungit,
830 1563 987 1663 perlecta
1014 1563 1193 1653 concludit,

123 1698 201 1743 vera
210 1685 242 1742 et
255 1667 338 1742 falsa
355 1666 525 1754 diiudicat,
551 1665 737 1739 disserendi
754 1666 838 1739 ratio
855 1681 887 1739 22
902 1665 1047 1739 scientia.
1075 1695 1114 1739 ex
1128 1694 1195 1764 qua

123 1800 227 1871 quum
246 1798 375 1843 summa
396 1768 517 1841 utilitas
546 1768 673 1841 exsistit
700 1769 742 1841 ad
772 1796 826 1841 res
847 1767 1099 1868 ponderandas,
1124 1784 1196 1843 tum

123 1874 266 1951 maxime
284 1873 430 1968 ingenua
444 1869 673 1972 delectatioet
701 1871 801 1969 digna
825 1871 994 1970 sapientia.
1031 1871 1091 1944 sed
1110 1870 1194 1944 haec

125 1977 182 2048 oti.
232 1977 394 2047 Transeat
410 1974 499 2046 idem
520 1972 736 2073 iste-sapiens
755 1972 798 2044 ad
815 2000 885 2045 rem
910 1971 1077 2070 publicam
1099 1987 1195 2045 tuen-

125 2079 212 2151 dam.
246 2077 328 2177 quid
347 2105 385 2149 eo
398 2075 507 2176 possit
522 2103 593 2147 2222
608 2075 845 2174 praestantius,
871 2102 973 2174 quum
986 2074 1191 2172 prudentia⁵
1208 2067 1209 2077 ¹

124 2180 298 2254 utilitatem
315 2179 436 2252 civium
453 2195 572 2264 cernat,
597 2176 722 2249 iustitia
739 2175 869 2248 21121112
886 2204 979 2249 suam
998 2175 1192 2248 2122222212.

125 2285 167 2357 de
183 2282 325 2367 derivet,
350 2281 617 2380 reliquis-utatur
637 2295 688 2350 tot
714 2295 781 2351 tam
807 2278 971 2377 variisque
992 2277 1194 2352 virtutibus?

124 2384 282 2482 Adiunge
296 2384 439 2457 fructum
459 2381 693 2455 amicitiarum:
720 2381 756 2454 in
773 2410 839 2481 quo
857 2380 964 2477 doctis
981 2379 1128 2481 positum
1143 2397 1195 2455 est

124 2493 226 2561 tum⁰
256 2485 431 2561 consilium
453 2483 561 2557 omnis
587 2483 672 2557 vitae
694 2483 902 2557 consentiens
929 2499 961 2559 et
985 2510 1091 2583 paene
1116 2482 1195 2556 con-

195 2640 212 2714 2
231 2656 262 2707 a.
279 2674 301 2706 0.
316 2654 373 2706 22.
395 2652 474 2708 coar.
489 2656 520 2705 2.
543 2654 602 2705 nra.
624 2644 705 2724 ,252
745 2652 840 2714 arm.
858 2671 879 2706 0.
896 2651 976 2704 222.
997 2652 1028 2703 2.
1047 2652 1196 2723 etogium.

126 2723 207 2775 Male.
258 2730 274 2781 5
292 2723 335 2774 Sic
350 2741 406 2774 cum
419 2739 470 2772 uno
486 2722 548 2772 Cod.
566 2724 620 2773 LD.
635 2722 823 2775 0112212211.-
837 2722 897 2772 Ern.
915 2738 938 2772 2.
952 2719 1022 2788 vulg.
1036 2734 1096 2772 eum
1109 2722 1197 2771 conti-

126 2794 189 2843 neri
203 2792 379 2861 prudentiae
395 2790 473 2857 gloss.
507 2795 524 2848 6
542 2791 574 2842 V.
591 2791 657 2841 Adn.

178 2890 271 2962 quibus
281 2919 313 2930 -
322 2890 481 2957 moderatur)
494 2907 594 2958 quas-
602 2907 647 2940 ra·
729 2907 807 2960 quum
814 2888 970 2960 prudentio)
989 2889 1031 2940 ste
1048 2889 1129 2940 edidit
1142 2890 1198 2941 Da·

126 2961 166 3010 tio
189 2969 274 3010 tamen
292 2958 379 3008 divina
392 2974 511 3025 mensque
529 2958 596 3024 regit
620 2967 648 3009 et
679 2958 765 3020 212122,
784 2957 936 3008 auctoritate
952 2966 1066 3007 veterum
1083 2975 1198 3024 quorun-

126 3027 261 3094 gubernat.
286 3027 358 3076 Haec
374 3026 451 3076 verba
465 3025 584 3076 videntur
598 3025 647 3076 ad·
679 3026 736 3076 dam
758 3023 892 3088 libramen,
915 3024 1047 3093 inquibus
1071 3025 1198 3076 omittitur

126 3095 199 3144 12222
221 3091 373 3144 aCicerone
394 3102 484 3143 contra
505 3093 648 3152 Stoicorum
680 3110 731 3143 vox
756 3093 900 3155 contineri,
938 3109 1002 3159 qnae
1030 3092 1108 3160 vulgo
1138 3101 1199 3162 poet

127 3161 292 3228 opinionem,
318 3160 361 3229 qni
378 3160 458 3211 fatum
473 3178 527 3210 esse
550 3170 648 3210 statue-
680 3179 758 3279 quum
772 3159 912 3222 infercitur,
926 3160 1059 3213 ¹Ernestius
1073 3168 1134 3212 'vero
1155 3177 1199 3210 re-

126 3231 200 3280 bant.
226 3230 258 3279 V.
277 3244 323 3293 222
339 3227 366 3278 ln
382 3228 449 3278 libro
466 3228 536 3279 dicto
553 3228 585 3278 de
602 3228 648 3278 ei·
692 3228 771 3295 'giose
785 3228 896 3278 servavit
911 3229 1049 3279 contineri.

112 3322 114 3327 ¹
129 3315 181 3347 cer.
199 3295 263 3364 phil.
284 3314 310 3363 p.
328 3300 387 3354 208.
408 3313 446 3362 sq.
732 3307 787 3346 tum
801 3295 952 3360 consilium)
968 3296 1010 3345 stc
1026 3295 1107 3346 edidit
1120 3295 1201 3346 Wol-

176 3368 224 3422 =71.
243 3364 378 3429 citeriora)
403 3365 436 3413 tt.
456 3380 478 3412 e.
494 3363 632 3413 terrestria.
682 3363 729 3414 lius
745 3364 801 3430 (nec
814 3363 889 3412 aliter
903 3362 997 3428 legitur
1012 3362 1039 3413 in
1051 3363 1077 3413 b.
1093 3361 1201 3428 et01x.)

173 3440 344 3493 extremum)
375 3430 438 3480 fines
467 3430 593 3481 bonorum
625 3439 652 3479 22
676 3427 731 3499 'pro
747 3429 930 3495 vulgatorum:
945 3429 1011 3545 quod
1025 3429 1141 3497 equidem
1150 3447 1203 3479 uon
1297 3479 1301 3486 ,

129 3499 263 3550 malorum.
299 3499 337 3548 Cf.
362 3498 537 3559 12122228,
565 3501 606 3554 81.
625 3505 652 3547 ot
684 3497 845 3554 mutaverim
871 3513 928 3546 narn
964 3497 1039 3564 uplex
1061 3514 1133 3564 quem
1151 3497 1202 3547 do·

129 3585 180 3618 uos
195 3567 222 3616 12
246 3566 311 3616 libro
333 3565 359 3615 d.
383 3584 410 3632 p.
426 3570 466 3623 53.
482 3564 548 3614 Adn.
566 3565 600 3630 3).
618 3592 652 3602 -
684 3565 720 3615 221
737 3582 768 3615 ex
789 3562 906 3614 amicitiis
929 3563 1071 3630 percipiant
1094 3564 1203 3614 fructum

132 3636 252 3684 Ceterum
268 3632 440 3698 significantur
452 3632 506 3682 121.
521 3641 574 3682 tres
590 3649 637 3699 par
684 3649 737 3684 non
751 3632 840 3682 eodem
855 3630 937 3698 pretio
958 3629 1058 3680 habitus
1073 3631 1203 3682 videtura
1290 3682 1292 3686 ,

129 3711 188 3762 tes,
217 3701 242 3753 in
257 3717 319 3767 quas
335 3699 415 3749 Stoici
429 3699 549 3749 moralem
564 3698 653 3766 philo-
686 3700 821 3750 Cicerone:
853 3699 918 3749 alter
946 3698 1042 3747 fructus
1072 3698 1203 3749 universus

131 3767 248 3835 sophiam
269 3767 464 3826 distribuerunt,
483 3765 599 3816 doctrina
621 3765 653 3816 de
687 3777 733 3827 222,
750 3767 815 3818 alter
827 3764 962 3834 peculiaris
968 3763 1069 3832 quidam
1085 3783 1115 3814 ao
1128 3783 1205 3833 pree-

131 3833 654 3901 12221222122222221222),.(122122221-
687 3834 831 3900 2122222-
852 3833 935 3884 Aliter
945 3849 986 3883 res
998 3849 1053 3883 2222
1067 3831 1146 3882 h'abet
1159 3851 1204 3883 su-

132 3905 180 3954 bus
198 3912 225 3968 et
243 3903 275 3951 de
297 3901 396 3951 officiis.
430 3902 461 3952 V.
479 3900 654 3952 2221211122
706 3918 772 3951 rae.
790 3901 837 3963 14,
854 3901 897 3960 41.
931 3901 1134 3969 quaeestenr'nt
1147 3901 1205 3950 alia

133 3971 205 4020 dicto
222 3988 248 4036 p.
267 3974 328 4026 225.
681 3918 826 4037 fortitudo,
842 3969 899 4019 nisi
914 3968 998 4018 animi
1014 3964 1135 4036 affectio,
1151 3977 1205 4016 tum

186 4036 336 4107 exquisitis)
353 4035 488 4102 indagatis,
507 4035 653 4104 exploratis.
689 4037 718 4085 in
727 4035 850 4086 adeundo
854 4036 980 4104 periculo,
998 4047 1024 4086 et
1038 4034 1206 4087 inlaborare

185 4111 227 4164 72.
255 4104 377 4174 Sequitur
404 4105 523 4172 tertio)¹
547 4102 654 4165 Gaudio,
688 4102 779 4153 dolore
809 4105 934 4174 potiens,
968 4116 1022 4154 tum
1068 4102 1144 4152 roeul
1172 4100 1207 4152 ab

134 4190 202 4241 quae
214 4171 359 4223 redundant
374 4169 407 4228 221
427 4188 473 4221 nos
486 4188 501 4222 2
516 4167 655 4225 disserendi
687 4170 759 4219 omni
783 4172 875 4225 metu?
901 4171 945 4222 ubi
963 4181 1033 4221 recte
1084 4170 1156 4221 ollius
1180 4170 1205 4220 in

136 4240 267 4323 22212221.
282 4257 305 4290 2.
321 4239 464 4292 (1121222122.
498 4287 500 4290 ,
687 4237 768 4306 priori
788 4239 902 4292 membro
931 4237 1047 4308 reposuit
1071 4250 1128 4289 222
1156 4255 1203 4306 pro
