2640 4626
196 182 238 254 14
601 190 863 249 PROLEGOMENA.

196 331 286 388 sunt,
308 336 402 395 neque
417 317 480 390 ¹iis,
503 316 557 394 qm·
581 311 686 372 adhuc
714 316 840 390 vivunt,·
860 332 931 372 num
953 312 987 394 a)
1010 332 1086 390 quse
1104 311 1142 371 de
1158 311 1273 372 deteri-

196 441 248 481 ore
267 424 480 498 postmortem
504 422 585 473 statu
604 413 762 490 feruntur,
791 423 949 493 posterum
967 424 996 473 et
1016 414 1169 493 pictorum
1186 436 1273 474 com-

196 530 296 582 menta
322 526 411 591 sunt,
434 527 464 577 et
487 515 602 575 idcirco
620 516 709 575 uobis
733 536 795 578 non
808 505 979 576 metuenda.
1002 537 1028 575 c.
1054 518 1083 582 5.
1107 516 1132 594 §.
1158 520 1207 583 10.
1230 547 1274 561 —

196 623 228 706 b)
251 623 356 699 Neque
372 629 436 678 tum
455 638 536 676 mors
551 617 693 677 miserum
716 615 853 699 (malum)
871 627 971 698 potest
992 637 1071 692 esse,
1093 619 1120 678 si
1133 617 1274 677 homines

196 732 412 805 postmortem
429 720 509 779 nulli
529 726 611 780 sunt.
653 720 730 780 Nem
752 716 786 799 α)
808 723 922 778 mortui
946 718 973 778 si
995 719 1076 779 nulli
1097 729 1185 794 sunt,
1215 740 1274 778 nec

195 825 303 887 mertis
326 843 448 885 sensum
473 830 602 901 possunt
622 819 751 898 habere,
773 841 830 883 nee
843 821 925 880 vitae
943 823 1081 881 fortunas
1101 820 1273 880 recordari:

113 989 115 995 ,
196 930 255 1003 ita,
279 928 350 1005 quia
374 924 496 984 omnino
519 943 581 982 non
604 933 692 998 sunt,
721 944 759 982 ne
784 923 886 982 miseri
906 923 1028 1000 quidem
1049 943 1111 982 esse
1133 933 1272 999 possunt.

197 1033 276 1108 Ergo
295 1029 426 1087 mortuis
445 1045 525 1083 mors
546 1044 609 1083 non
629 1034 673 1083 est
688 1025 812 1086 malum.
834 1025 908 1093 ωδ.
928 1023 954 1100 §.
968 1025 1016 1089 11.
1032 1052 1075 1068 -
1090 1043 1115 1082 c.
1135 1024 1163 1091 7.
1209 1023 1271 1084 Ne-

197 1152 255 1210 que
273 1127 311 1208 β)
326 1133 471 1196 viventes,
492 1146 585 1203 quum
594 1124 782 1186 moriendum
793 1123 840 1201 sit,
857 1122 959 1181 miseri
969 1133 1057 1182 sunt:
1080 1123 1270 1202 quie,quon-

196 1235 258 1292 ism
279 1236 491 1311 postmortem
512 1225 593 1285 nihil
615 1235 659 1286 est
674 1226 762 1300 mali,
785 1246 823 1284 ne
839 1245 921 1284 mors
940 1224 1062 1303 quidem
1078 1234 1123 1284 est
1147 1227 1269 1286 malum.

198 1333 291 1393 Morti
307 1339 407 1390 nutem
424 1330 598 1407 proximum
614 1338 735 1407 tempus
758 1337 802 1386 est
817 1336 887 1406 post
906 1337 1051 1402 mortem,
1073 1327 1106 1385 in
1126 1348 1203 1405 quo,
1225 1330 1270 1388 uti

198 1434 314 1493 dictum
330 1441 383 1506 est,
405 1432 478 1489 mali
491 1429 570 1497 nihil
584 1438 637 1489 est.
680 1429 726 1488 Its
742 1449 779 1488 ne
790 1427 981 1498 moriendum
997 1428 1118 1507 quidem
1133 1450 1195 1489 esse
1204 1452 1268 1490 rnn-

196 1536 262 1595 lum
281 1543 340 1609 est3
361 1533 395 1592 id
412 1542 457 1593 est
472 1532 560 1606 enim,
582 1530 820 1611 perveniendum
836 1552 898 1591 esse
916 1531 955 1591 sd
976 1530 1026 1607 id,
1049 1531 1132 1610 quod
1148 1541 1269 1594 nonest

24 1710 28 1718 ¹
100 1723 105 1734 Ι
197 1638 318 1697 malum.
343 1657 369 1695 c.
383 1637 413 1703 8.
437 1632 493 1716 (cf.
511 1654 538 1694 c.
554 1629 621 1712 34.)

280 1756 358 1813 Tum
377 1752 511 1828 docetur,
577 1761 581 1769 '
624 1828 627 1835 ἡ

280 1893 310 1957 2,
336 1890 465 1947 Mortem
490 1908 550 1945 uon
576 1886 663 1945 modo
694 1888 812 1945 mellum
836 1910 895 1947 uon
917 1912 997 1958 esse,
1020 1889 1074 1948 sed
1093 1889 1204 1949 boreum
1225 1901 1266 1948 et-

198 1997 264 2052 iam
279 2013 348 2050 esse.

280 2124 310 2206 a)
333 2125 467 2185 Primum
484 2122 648 2200 quaeritur,
671 2123 745 2200 quid
761 2124 801 2182 sit
818 2145 899 2183 mors
912 2125 986 2204 ipsa.
1030 2125 1091 2184 Alii
1106 2125 1267 2185 discessum

197 2228 324 2287 animia
341 2245 472 2307 corpore·
485 2233 595 2302 putant
612 2245 673 2282 esse
695 2234 837 2284 mertem:
860 2225 913 2285 alii
929 2227 1050 2285 nullum
1069 2237 1191 2285 censent
1205 2227 1268 2286 fieri

198 2330 370 2401 discessum,
381 2327 502 2385 seduna
511 2327 643 2383 animum
653 2337 682 2386 et
692 2348 801 2405 corpus
811 2327 1190 2404 occidere,animumquein
1200 2351 1268 2388 cor-

195 2452 270 2511 pore
281 2430 439 2506 exstingui.
463 2427 525 2500 Qui
535 2428 687 2487 discedere
703 2429 836 2488 animum
849 2440 979 2504 censent,
1003 2431 1055 2488 alii
1068 2431 1169 2488 statim
1180 2431 1268 2495 dissi-

196 2533 272 2613 pari,
291 2532 343 2590 elii
355 2531 408 2589 diu
424 2550 607 2608 permanere,
624 2530 675 2588 alii
686 2550 812 2609 semper.
824 2564 861 2575 -
872 2532 964 2590 Porro
977 2533 1140 2608 quaeritur,
1148 2531 1224 2608 quid
1233 2533 1270 2591 sit

101 2708 103 2717 ἱ
196 2638 260 2714 ipse
275 2634 401 2692 enimus.
411 2663 453 2676 -
464 2631 572 2704 Variae
591 2630 844 2709 philosophorum
860 2633 898 2691 de
914 2634 1006 2690 animi
1024 2645 1130 2691 natura
1147 2643 1268 2692 senten·

197 2737 264 2810 tiee,
287 2756 372 2813 quae,
395 2742 431 2792 ut
444 2732 524 2791 inter
538 2754 572 2791 sc
588 2732 738 2808 differant,
760 2734 792 2791 in
809 2733 882 2793 duas
899 2745 1000 2813 partes
1017 2735 1113 2792 dividi
1132 2747 1269 2812 possunt.

197 2837 259 2898 Alii
274 2838 354 2896 enim
370 2844 509 2911 censent,
532 2835 666 2894 animum
676 2856 738 2894 esse
755 2837 918 2912 materiam,
942 2838 994 2895 alii
1010 2836 1166 2895 diversum
1178 2840 1270 2916 quid·

198 2940 267 2998 dum
283 2962 300 2997 a
317 2950 453 3018 corpore.
476 2958 501 2995 c.
518 2938 539 3005 9
554 2968 594 2983 -·
617 2941 663 3005 11.

284 3089 317 3171 b)
342 3093 546 3167 Quaecunque
571 3099 669 3150 entem
692 3110 794 3150 earum
809 3089 1027 3152 sententiarum
1043 3112 1116 3151 vera
1133 3093 1190 3168 sit,
1214 3093 1272 3154 hoc

196 3202 312 3253 certum
334 3203 396 3268 est,
419 3204 545 3250 mortem
563 3203 619 3251 aut
639 3195 758 3251 malum
774 3215 835 3251 non
857 3216 937 3262 esse,
960 3206 1016 3252 aut
1031 3194 1141 3254 bonum
1154 3201 1270 3274 potius.

196 3297 272 3355 Nam
290 3292 325 3376 a)
343 3295 369 3354 si
388 3295 564 3368 statuimus,
588 3295 721 3352 animum
745 3314 807 3353 esse
822 3296 992 3369 materiem,
1015 3306 1126 3354 etcum
1143 3298 1272 3376 corpore

194 3399 337 3473 interire,
359 3397 474 3477 pariter
496 3416 564 3455 cum
584 3397 647 3455 vita
675 3417 779 3455 sensus
799 3396 962 3456 emittitur:
986 3398 1039 3476 qui
1055 3408 1155 3457 autem
1174 3401 1272 3459 omnis

195 3520 299 3560 sensus
325 3519 433 3579 expers
456 3509 514 3574 est,
536 3499 562 3557 is
586 3499 677 3557 miser
701 3497 762 3557 dici
784 3518 845 3557 non
863 3496 976 3577 po'test:
1008 3520 1076 3577 ergo
1104 3521 1186 3558 mors
1211 3523 1277 3560 nou

195 3611 240 3663 est
254 3593 382 3661 malum.
425 3599 463 3683 β)
487 3603 518 3661 Si
534 3621 607 3660 vero
619 3600 788 3674 statuimus,
803 3601 936 3659 animum
954 3602 1108 3660 diversum
1125 3603 1271 3679 quiddam

195 3724 258 3764 esse
267 3727 284 3763 a
295 3716 431 3784 corpore,
441 3715 471 3764 et
479 3713 549 3784 post
557 3712 685 3762 mortem
692 3722 812 3761 munere
820 3703 884 3761 sive
891 3702 1075 3763 immortales
1085 3726 1156 3780 esse,
1167 3726 1270 3784 speru-

194 3805 317 3882 re'licet,
339 3808 464 3882 animos,
483 3826 576 3883 quum
588 3825 603 3863 e
616 3824 742 3882 corpore
750 3806 940 3881 excesserint,
962 3807 993 3865 in
1005 3806 1160 3866 meliorem
1172 3808 1270 3868 beati-

196 3914 337 3987 oremqu'e
353 3932 441 3990 posse
458 3909 620 3988 pervenire
643 3916 762 3966 statum.
806 3907 897 3981 Quod
922 3909 946 3966 si
967 3909 1010 3967 ita
1029 3918 1089 3984 est,
1120 3911 1268 3988 sequitur,

195 4024 318 4070 mortem
334 4035 395 4071 non
418 4011 642 4069 medemahem
658 4031 718 4067 non
741 4033 803 4068 esse
811 4051 822 4079 ,
845 4011 900 4070 sed
915 4011 1026 4069 donum
1043 4016 1137 4073 etlam
1161 4010 1268 4091 esest).

188 4205 191 4209 ’
251 4213 283 4277 4)
304 4214 333 4265 V.
352 4228 401 4262 nos
418 4210 446 4262 in
463 4210 481 4262 l.
499 4210 524 4262 d
543 4211 575 4263 de
593 4210 835 4280 Ciceronis'philos.
852 4228 877 4278 p.
891 4214 950 4270 218.
968 4227 1005 4279 sq.
1023 4211 1061 4278 7).
