2640 4626
467 228 468 233 =
546 214 674 266 orara
691 216 766 274 us
1127 204 1192 272 319
1234 246 1239 259 .

118 333 277 434 praemiis
295 333 457 432 donisque
475 332 646 419 fortunae,
672 361 740 405 non
760 334 915 434 equitatu,
940 362 1009 405 non
1029 333 1192 432 pedestri·
1287 352 1290 357 '

120 440 183 509 bus
200 436 325 535 copiis,
351 465 419 507 non
434 435 566 508 navium
581 434 808 523 multitudiue,
834 465 903 510 non
919 435 1048 508 infinito
1064 437 1192 535 ponde-

119 570 154 613 re
171 540 244 612 auri
262 555 453 625 contentus,
479 538 662 637 praemium
682 539 873 639 proposuit,
899 539 987 638 qni1
1014 538 1192 612 invenisset

119 671 240 716 novam
257 641 466 740 voluptatem.
503 668 568 739 qna
586 640 659 740 ipsa
674 669 741 713 non
756 640 900 714 fuisset²
920 657 1118 716 contentoso
1134 655 1192 715 ne'-

120 775 186 844 que
214 744 302 817 enim
331 770 487 842 umquam
523 742 621 815 finem
644 743 786 816 inveniet
816 743 930 815 libido.
980 745 1051 815 Nos
1073 742 1191 817 uellem

119 848 270 948 praemio
298 845 414 918 elicere
449 873 642 944 possemus,
683 846 740 945 qui
764 845 863 919 nobis
880 845 1005 945 aliquid
1021 845 1193 936 attulisset,

118 980 186 1050 quo
206 950 270 1022 boc
289 949 416 1021 brutius
437 948 652 1021 crederemus.

223 1053 311 1124 VIII.
362 1057 419 1130 21.
445 1055 484 1123 A.
510 1049 635 1124 Vellem
656 1049 692 1123 id
706 1050 858 1149 quidem:
883 1049 942 1123 scd
969 1049 1076 1123 habeo
1098 1050 1193 1150 paul-

112 1290 115 1297 ,
190 1256 252 1314 tv.
271 1242 335 1305 nan.
369 1257 436 1314 2v.
454 1256 518 1307 aon.

117 1390 265 1458 excipiunt:
288 1389 453 1458 Philosophia
467 1390 527 1458 qnid
541 1391 642 1453 efficiat,
676 1391 724 1452 IX,
738 1397 763 1450 5.
778 1388 932 1440 miserando
946 1389 1017 1450 uita,
1035 1390 1124 1458 quise
1138 1409 1193 1440 me-

120 1460 183 1527 p'ost
201 1458 346 1508 vidcbImus.
371 1462 406 1508 At
429 1460 469 1509 rel
494 1460 575 1526 ipsum
592 1460 644 1509 eins
676 1461 725 1520 tui,
759 1476 820 1508 uam
834 1458 922 1508 umori
934 1458 1049 1507 malum:
1073 1458 1117 1507 ubi
1130 1477 1193 1527 supr

121 1526 466 1594 promissum,'perfecturam
482 1545 526 1590 se,
541 1537 583 1588 nt,
601 1527 644 1594 qui
695 1478 809 1579 lendum:
835 1543 929 1576 eorum.
951 1554 983 1562 -
1017 1527 1080 1573 IVon
1105 1536 1192 1576 nostm

120 1613 149 1643 sc
159 1594 208 1642 sibi
223 1593 341 1654 dedisset,
357 1604 423 1651 esset
440 1595 642 1662 sempcrbeatus,
676 1546 749 1645 loco:
771 1594 865 1644 uellem
877 1592 1005 1673 praemio·
1017 1593 1113 1642 elicere
1127 1611 1194 1662 pos·
1276 1649 1281 1656 Ι

123 1660 210 1726 magni
222 1660 401 1737 aestimandpm
419 1672 465 1712 cst.
502 1665 566 1712 Nam
580 1680 643 1729 quae
667 1663 835 1739 ,sensusqud
853 1661 938 1711 Invins
952 1661 1050 1721 XXVI,
1063 1664 1104 1718 27.
1123 1663 1194 1723 Con-

123 1729 174 1778 aliu
198 1745 238 1777 ros
259 1738 332 1776 tanta
348 1738 434 1794 potest
450 1728 586 1796 polliceri?
603 1726 643 1780 Itu
676 1729 714 1779 sul
729 1730 817 1789 edixit,
832 1728 882 1796 qui,
895 1745 1000 1795 (luorum
1008 1745 1085 1793 opera
1092 1727 1119 1777 id
1128 1746 1193 1778 eon-

123 1807 230 1846 externa
246 1795 320 1851 bona,
339 1814 372 1844 an
386 1797 522 1875 voluptas?
540 1797 643 1846 Minime
675 1797 762 1846 flatum
769 1795 920 1858 incendffim,
928 1794 1098 1862 profiteretur,
1116 1812 1197 1865 prae,

124 1881 195 1913 sero.
215 1864 281 1912 Nam
294 1862 315 1911 si
324 1863 384 1929 .quis
400 1864 426 1912 in
439 1862 470 1913 its
484 1865 557 1914 rebus
566 1866 642 1914 vitam
675 1865 753 1914 mium
766 1865 836 1927 fore,
851 1863 931 1914 libero
948 1862 1095 1929 pecuniam,
1119 1881 1192 1912 servo

105 1926 226 1980 ‘Iicatom
246 1940 340 1997 ponat,
371 1931 397 1980 io
426 1932 493 1981 omni
515 1933 643 1998 copiarum
675 1932 827 1982 libertatem.
863 1933 893 1980 V.
910 1929 1050 1980 Itamsborn
1065 1933 1126 1980 Lot.
1146 1932 1192 1980 Gr.

122 1998 254 2048 afiluentia
270 1997 643 2065 voluptatumqueabundantia
693 2034 700 2049 .
723 2003 778 2057 159.
805 2017 830 2066 p.
854 2002 912 2055 359.
934 1999 1058 2047 Goercnz.
1082 1999 1115 2047 ad
1136 1990 1192 2046 rto.

121 2083 251 2132 nunquam
266 2064 297 2114 iis
310 2066 359 2115 erit
373 2075 515 2127 contentus,
530 2083 644 2135 semper·
688 2068 714 2126 Ι,
739 2074 763 2124 5.
789 2085 814 2134 p.
843 2071 897 2124 137.
923 2075 951 2114 et
965 2068 1007 2124 28,
1026 2067 1068 2120 90.
1089 2083 1115 2131 p.
1132 2071 1192 2123 258.

122 2151 172 2200 quo
194 2135 255 2182 alius
287 2144 362 2199 atque
387 2133 448 2182 alias
474 2135 642 2201 concupiscet,
677 2134 789 2183 Oclrsncr
803 2134 856 2183 Ecl.
879 2133 928 2182 Cio.
942 2151 967 2200 p.
985 2135 1043 2188 289.
1063 2132 1144 2181 Bromi
1160 2133 1193 2182 ad

122 2211 152 2250 ut
166 2217 294 2266 nunquam
306 2201 387 2266 possit
396 2217 449 2250 esse
458 2201 553 2251 beatus.
573 2201 643 2252 Con·
666 2202 751 2252 ·Corn.
767 2202 833 2270 Nep.
848 2198 1012 2251 Themistool.
1024 2200 1070 2260 IX,
1084 2205 1106 2257 1.
1117 2200 1192 2250 Dion.

121 2278 177 2329 tra,
205 2268 248 2335 qui
265 2267 441 2334 philosophicae
456 2279 538 2318 totam
553 2288 579 2319 se
594 2284 647 2336 pe-,
676 2271 742 2330 VIII,
760 2271 783 2326 4.
801 2279 828 2318 et
844 2269 877 2318 ad
892 2267 946 2318 Fin.
963 2270 1192 2333 11,·28.p.‘225·-

122 2336 242 2402 uitasque
256 2335 377 2395 tradidit,
395 2336 507 2402 quamvis
523 2336 644 2402 gravissi-
676 2337 756 2386 Porro
775 2336 849 2386 latini
871 2335 1006 2401 scriptores
1028 2331 1144 2384 dixeruut
1166 2344 1193 2383 et

123 2403 193 2452 simis
211 2402 398 2452 calamitatibus
414 2413 532 2466 vexetur,
559 2404 644 2454 omui·
672 2421 820 2474 proponere
835 2413 861 2453 et
872 2420 970 2472 portere
982 2402 1192 2470 praeroiumali-

122 2471 220 2537 busque
236 2471 352 2518 fortunae
369 2462 442 2533 dorus
453 2471 588 2521 destitutus
602 2471 643 2534 sit,
677 2473 727 2532 eui,
741 2471 839 2521 diversa
853 2481 939 2520 tamen
952 2470 1092 2531 sententia,
1113 2470 1149 2519 ita
1164 2478 1193 2518 ut

122 2554 224 2604 semper
241 2548 321 2586 tamen
340 2538 426 2587 beatus
443 2539 498 2599 erit,
512 2539 571 2606 quia
586 2556 645 2588 om·
676 2539 740 2588 illud
756 2549 894 2605 poneretur
910 2537 942 2586 de
957 2536 1003 2597 iis,
1020 2537 1063 2603 qu'i
1078 2536 1193 2604 praemIIs

122 2605 165 2654 nia
181 2605 304 2672 praesidia
320 2603 398 2655 babet
413 2607 443 2654 in
457 2625 487 2655 se
500 2607 564 2656 bene
580 2607 644 2656 bea·
677 2606 827 2669 elicereutur
839 2606 881 2656 vol
893 2605 1059 2654 incitarentur
1081 2605 1113 2653 ad
1126 2603 1193 2654 I'aei-

123 2686 201 2740 trqnc
221 2671 330 2720 virrndi.
348 2698 381 2709 -
398 2675 436 2721 De
461 2692 487 2722 re
507 2673 562 2742 ipsu
576 2668 644 2724 idem
659 2692 738 2733 mus,
756 2673 806 2722 boc
825 2674 859 2723 de'
879 2672 926 2733 iis,
948 2672 992 2738 qui
1006 2680 1108 2739 operam
1124 2676 1193 2720 suam

122 2750 235 2789 testatur
250 2740 334 2788 Voler.
350 2739 575 2801 Maxim.IX.1,3.
593 2751 643 2790 ext.
674 2742 798 2792 'oII'errent
817 2741 973 2809 pretiumque
999 2739 1193 2805 paciscerentur.

122 2813 187 2873 Ago,
203 2808 301 2854 Xerxes
319 2823 396 2872 opum
410 2807 533 2873 regiarum
554 2819 644 2858 osten·
676 2811 707 2859 V.
730 2810 758 2858 F.
781 2809 923 2874 IIeusInger
944 2807 977 2856 ad
995 2805 1067 2855 offic.
1090 2807 1133 2855 III.
1150 2812 1192 2866 22,

121 2875 225 2925 tatIone
235 2872 327 2922 eximia
341 2888 371 2923 eo
384 2874 569 2942 usquequuria
578 2894 644 2941 gari·
675 2875 766 2943 prino,
782 2876 824 2943 qni
839 2876 971 2942 adportes
988 2882 1064 2923 vocat
1076 2873 1194 2922 'Cortium

121 2943 217 3002 debat,
240 2951 268 2990 ut
287 2941 372 2990 edicto
386 2942 522 3008 praemium
542 2943 565 2991 ei
579 2961 643 3010 pro·
676 2943 709 2992 ad
725 2943 825 2992 Sallust.
839 2945 893 2992 Cat.
909 2943 973 3001 XX,
984 2943 1022 2998 14.
1031 2946 1059 2990 et
1066 2940 1193 2991 Drakenb.

121 3019 249 3076 poneret,
276 3007 319 3075 qui
335 3025 429 3058 novam
441 3010 579 3078 voluptatis
595 3028 644 3076 ge·
677 3011 710 3060 ad
723 3011 778 3060 Liv.
792 3011 923 3060 XXXIX.
941 3014 979 3069 17,
997 3015 1021 3066 1.

121 3095 170 3126 nus
188 3075 330 3143 reperisset.
727 3096 779 3127 non
786 3075 903 3146 fuisset)
918 3076 959 3127 sic
971 3075 1118 3129 deBontIeii
1128 3093 1194 3126 con-

172 3145 302 3212 proemir's
324 3141 463 3211 fortunae)
492 3144 644 3211 Exquisitius
676 3144 773 3195 iectura
787 3148 833 3196 Da.
847 3143 1101 3194 Lall.Ernestius.-
1118 3144 1193 3197 Orel-

120 3212 222 3262 dIctum
235 3229 297 3278 pro:
314 3212 470 3274 namnetibus,
480 3210 571 3281 quibus
580 3226 644 3263 tan·
675 3213 724 3262 lias
739 3224 824 3263 tamon
845 3212 946 3262 reduxit
960 3212 1034 3278 ΙνιιΙς.
1059 3230 1111 3261 non
1125 3209 1209 3280 fuit,⁸

120 3298 202 3349 quam
212 3280 342 3348 praemiis
356 3275 473 3328 horninies
489 3278 644 3350 afficirfor-
676 3280 826 3330 sententIam
841 3281 877 3339 sic
891 3278 1032 3346 explicans:
1048 3275 1194 3341 „inventam

121 3361 198 3399 tuna.
234 3345 302 3398 Alibi
326 3349 447 3415 praemia
471 3347 590 3399 dicuntur
605 3367 642 3411 ea,
676 3366 730 3398 esse
754 3366 769 3397 a
791 3348 876 3397 nescIo
899 3363 948 3414 quo
973 3347 1094 3396 einsmodi
1117 3346 1194 3396 volu-

122 3432 189 3482 quoe
220 3415 275 3481 quis
299 3414 406 3478 virtute,
429 3414 569 3481 dignitate,
589 3427 643 3466 arte
676 3426 773 3484 ptatem
789 3433 895 3474 novam,
920 3414 1120 3463 eaodemtamen
1134 3430 1193 3462 mox

122 3484 209 3549 aliqua
229 3481 276 3531 sibi
291 3481 406 3548 paravit:
431 3501 540 3533 nrunero
554 3495 644 3534 contra
676 3483 834 3550 repudiatam
843 3483 979 3531 aXerxe.“
993 3481 1193 3530 Consentaneum

121 3561 149 3599 et
163 3551 280 3609 donuea,
294 3549 382 3615 quibus
400 3550 455 3617 quis
473 3552 573 3600 tortuna
587 3569 644 3601 mu·
677 3562 716 3601 est
728 3549 802 3613 enirn,
815 3550 882 3599 idem
896 3548 982 3608 addit,
992 3547 1160 3608 (historicum,
1180 3565 1194 3597 e

122 3627 216 3667 ctatnr.
234 3617 301 3666 Hinc
311 3626 357 3677 est,
377 3618 446 3684 qnod
455 3619 591 3668 Lambinus
602 3620 645 3668 Ie·
677 3636 785 3686 quosue
804 3617 944 3684 depromsit
960 3614 1066 3675 Tullius,
1084 3616 1111 3664 id
1126 3632 1194 3682 quo-

120 3685 233 3755 gendnm
242 3684 378 3734 coniecerit
393 3687 542 3735 nruneribus
550 3688 644 3736 donis·
677 3703 725 3754 que
741 3685 864 3745 retulisse,
882 3701 954 3750 quem
971 3682 1067 3732 exitum
1079 3682 1196 3732 habuerit
1250 3695 1253 3700 '
1299 3692 1302 3699 '

122 3771 174 3821 que
195 3751 343 3820 sortunoe,
373 3752 501 3802 BentIeIus
526 3756 645 3824 corporis
676 3752 760 3803 insani
774 3753 839 3820 regis
852 3750 1011 3802 desideriam.

121 3821 198 3869 bouis
221 3833 246 3868 et
261 3812 414 3887 fortunae*
434 3824 468 3870 At
486 3832 575 3875 neutra
595 3822 644 3871 ba·
727 3839 854 3889 neque-
863 3820 951 3886 finem
967 3819 1085 3868 inueniet
1100 3817 1192 3885 libido)

122 3887 229 3938 riolatio
247 3887 386 3936 necessaria
401 3887 508 3939 videtur.
678 3889 756 3938 Cicer.
772 3887 862 3940 Parad.
872 3889 891 3949 I,
908 3892 930 3945 1.
946 3903 1068 3953 neque—
1078 3887 1195 3952 expletur

169 3957 317 4024 praemium
327 3957 474 4024 proposuit,
495 3958 552 4024 qui)
570 3959 601 4009 H.
620 3974 641 4007 o.
676 3974 802 4024 unquam,
835 3972 882 4005 nec
913 3954 1021 4004 satiatur
1045 3953 1194 4021 cupiditatis

111 4025 268 4091 praemitur
301 4025 418 4092 reposuit
432 4025 464 4087 ei,
483 4026 544 4092 qui:
561 4042 643 4091 neque
676 4025 737 4074 sitis.
1171 4070 1181 4081 .

120 4090 198 4140 aliter
232 4091 272 4140 edi
292 4092 312 4140 it
340 4091 455 4140 Davisias
489 4093 643 4142 auctoritate
726 4091 910 4157 crederemus)
935 4091 993 4140 Scit.
1018 4089 1137 4139 virtutem
1160 4088 1194 4138 ad

119 4157 215 4207 Eliens.
231 4160 267 4208 II:
283 4176 356 4226 quem
373 4169 493 4226 sequutus
508 4169 547 4210 est
561 4163 643 4210 Erne-
675 4150 740 4210 bene
757 4159 882 4226 beateque
896 4159 1030 4210 vivendum
1044 4157 1194 4226 seipsaesse

120 4227 192 4276 stius.
210 4227 321 4278 Frentra.
348 4226 449 4278 Cornel.
475 4228 542 4295 Nep.
564 4229 641 4279 Dion.¹
675 4236 830 4279 contentam.
918 4278 921 4285 ,
