2640 4626
201 222 236 260 vt
566 208 730 263 msToLu
744 208 901 261 EmTottts

200 344 405 431 praestantes
429 327 496 400 sint
521 320 559 400 et'
576 327 685 400 bonae
706 326 813 425 frugis
837 327 973 427 plenae,
1007 324 1147 425 contigit
1175 325 1275 400 etiam

201 465 301 552 mihi,
326 480 363 535 ut
384 462 540 535 interiore
562 463 705 561 quadam
729 479 840 536 tecum
861 462 1080 560 coniungerer
1100 459 1277 535 familiari·
1311 458 1314 467 ’

201 601 278 673 tatis
295 599 465 672 societate:
488 626 527 671 ex
542 626 607 697 qua
624 626 725 697 quum
740 624 869 671 mecum
885 613 1004 698 reputo
1022 614 1184 698 quantum
1198 624 1276 698 per-

202 734 346 835 ceperim
367 732 601 824 iucunditatis,
627 749 708 833 quot
734 749 842 806 autem
867 760 967 832 quam
999 733 1109 807 varios
1138 734 1276 822 fructus,

200 889 271 945 tum
294 870 489 943 suavissima
508 869 638 943 animus
653 868 866 968 perfunditur
884 867 1015 941 laetitia.
1049 868 1276 965 Quotiescun-

201 1034 265 1106 que
283 1005 370 1079 enim
385 1022 493 1078 tecum
513 1032 620 1093 eram,
646 1030 816 1101 sermpnes
831 1004 970 1078 miscere
989 1002 1130 1094 solebas,
1149 1004 1186 1077 in
1200 1005 1275 1104 qui-

199 1142 263 1215 bus
287 1169 413 1231 summa
429 1140 572 1238 gravitas
597 1169 634 1213 ac
663 1140 820 1215 severitas
838 1141 923 1213 miro
944 1139 1090 1239 quodam
1109 1138 1223 1240 lepore
1244 1157 1275 1214 et

200 1277 402 1349 iucunditate
425 1274 606 1350 cumulatae
628 1292 729 1349 erant.
781 1274 857 1348 Sive
879 1302 1032 1349 sermone
1052 1290 1110 1347 tuo
1130 1275 1275 1375 complc-

200 1412 342 1486 ctebaris
367 1412 538 1485 universae
568 1411 771 1511 antiquitatis
797 1409 1049 1510 praestantiam3
1076 1410 1143 1483 sive
1166 1438 1272 1484 versa-

197 1547 289 1621 baris
306 1548 341 1620 in
355 1546 588 1647 praedicandis
606 1545 886 1645 explanandisque
904 1545 1041 1619 summis
1066 1574 1103 1618 ac
1126 1546 1179 1617 vix
1199 1547 1275 1619 imi-

197 1683 308 1756 tandis
336 1682 511 1755 virtutibus
535 1682 727 1782 principum
753 1682 911 1755 Graeciae
932 1689 1123 1780 po'e'tarum,
1148 1697 1185 1752 ut
1206 1683 1275 1753 Ho-

196 1818 297 1905 meri,
317 1834 360 1890 ·ut
374 1817 534 1921 Aeschyli
552 1834 582 1890 et
597 1816 777 1917 Sophocli,
803 1834 839 1889 ut
855 1817 1012 1904 Pindari3
1039 1817 1107 1890 sive
1126 1817 1271 1917 denique

200 1952 410 2053 antiquarum
428 1953 616 2052 linguarum
632 1953 812 2041 rationem,
833 1952 1048 2025 subtilitatem
1061 1953 1274 2050 elegantiam-

197 2098 262 2186 que
294 2088 465 2162 enucleare
485 2107 516 2163 et
532 2090 661 2189 aperire
680 2089 855 2163 studebas:
880 2105 972 2162 tanta
992 2086 1183 2187 loquebaris
1207 2086 1273 2161 ala-

196 2223 331 2311 critate,
355 2241 391 2297 ut
416 2254 585 2325 nunquam
612 2225 724 2299 abste
745 2225 966 2313 discederem,
993 2223 1075 2323 quin
1092 2224 1272 2298 insatiabili

164 2346 167 2357 ¹
196 2359 340 2459 quadam
356 2361 566 2462 antiquarum
582 2361 763 2435 litterarum
780 2361 1000 2461 praestantiae
1022 2359 1272 2456 cognoscendae

196 2522 234 2567 ac
256 2495 389 2594 penitus
413 2497 649 2597 percipiendae
668 2496 914 2595 exardescerem
930 2496 1120 2595 cupiditate.

131 2778 135 2791 '
181 2802 190 2815 ·
293 2765 332 2835 Iu
347 2764 465 2838 harum
483 2793 593 2838 rerum
609 2767 838 2841 recordatione
854 2796 955 2868 quum
968 2784 1037 2840 tam
1061 2765 1161 2838 multa
1176 2782 1270 2864 grata

170 2948 175 2955 -
194 2924 232 2971 ac
251 2898 414 2989 iucunda,
439 2901 562 3002 quibus
578 2901 614 2973 in
630 2903 824 2975 memoriam
842 2903 1036 2978 revocandis
1054 2929 1154 3002 saepe
1177 2901 1269 2975 soleo

194 3033 358 3124 animum,
384 3037 413 3108 si
437 3035 524 3110 sorte
547 3037 581 3109 iu
598 3066 718 3137 magna
736 3066 816 3112 sane
833 3040 1043 3138 negotiorum
1059 3035 1269 3110 multitudine

162 3260 165 3265 Ι
192 3168 341 3258 deficiat,
370 3198 520 3246 recreare
543 3189 640 3273 atque
670 3175 870 3263 exhilarare,
897 3176 1130 3260 obversentur,
1155 3189 1212 3261 ut,
1240 3175 1267 3245 si

194 3305 306 3379 omnia
329 3334 481 3381 enarrare
504 3308 619 3396 velim,
643 3311 823 3384 verendum
848 3311 931 3384 mihi
949 3311 1010 3398 sit,
1034 3336 1077 3381 ne
1094 3308 1129 3380 in
1147 3308 1267 3380 latissi-

192 3468 284 3513 mum
302 3470 472 3518 excurram
490 3445 623 3519 dicendi
639 3474 811 3547 campum,
837 3447 894 3547 qui
918 3475 986 3519 non
1008 3444 1118 3545 possit
1139 3444 1267 3541 exiguis

191 3566 350 3675 epistolae
363 3580 513 3654 terminis
531 3582 775 3656 circumscribi:
801 3598 911 3655 tamen
924 3610 1038 3669 unum,
1063 3581 1181 3680 inquo
1198 3609 1269 3652 ma-

191 3710 277 3786 xime
298 3728 331 3788 tc
355 3731 514 3816 tuumque
536 3706 706 3815 ingenium
736 3717 918 3793 admiratus
945 3747 1037 3807 sum,
1062 3717 1170 3791 facere
1198 3745 1268 3787 non

189 3872 347 3947 possum,
373 3851 453 3950 quin
468 3852 569 3925 verbo
588 3853 754 3953 attingam.
797 3855 942 3944 Scilicet,
962 3881 1064 3955 quum
1083 3880 1192 3925 sermo
1211 3852 1269 3925 de-

188 3980 331 4061 ferretur
351 3987 394 4061 ad
407 3987 601 4079 Platonem,
624 4006 696 4063 tum
712 3989 827 4064 nescio
844 4019 910 4090 qua
927 3988 1092 4064 hilaritate
1117 4005 1151 4063 et
1172 3987 1267 4087 quasi
