2640 4626
447 262 453 271 .
539 220 664 271 ursus
686 222 764 278 1.17.
1148 205 1187 276 77

219 344 260 410 A.
285 337 361 410 Ain’
378 338 462 410 tu2?
488 365 590 436 quum
608 366 660 409 mc
676 337 713 411 in
727 365 889 410 summam
910 339 1189 438 exspectationem

114 441 308 527 adduxeris,
334 439 507 513 deserissst
532 467 657 528 errare,
683 439 887 527 mehercule,
915 440 1001 512 malo
1020 470 1095 515 cum
1114 441 1188 514 Pla-

112 561 207 631 tone,
233 570 332 642 quem
350 559 387 614 tu
403 541 517 641 quami
535 542 637 614 facias
656 541 739 629 scio,
766 559 797 615 et
813 570 912 641 quem
930 571 969 616 er
987 559 1045 615 tuo
1059 571 1116 619 ore
1129 545 1188 618 ad-

112 646 232 733 miror,
257 672 359 744 quam
376 644 539 717 cumistis
556 673 633 718 vera
653 644 784 718 sentire.

194 752 277 827 40.
301 751 350 819 M.
375 747 485 821 Macte
506 746 639 820 virtute!
667 775 728 844 ego
754 746 842 820 euim
871 746 1041 846 ipsefcum
1068 747 1187 821 eodem

114 852 194 952 ipso
208 878 278 922 non
293 848 414 922 invitus
430 850 616 922 erraverim.
655 851 746 922 :Num
761 848 863 947 igitur
876 848 1077 936 dubitamus,
1103 878 1145 922 an
1155 856 1188 938 4,

114 955 205 1027 sicut
217 951 384 1052 pleraque,
409 951 459 1024 sic
478 968 510 1024 et
526 951 590 1024 hoc
603 953 645 1024 ⁵?
671 960 886 1050 (quamquam
899 951 964 1023 hoc
978 951 1113 1051 quidem
1125 952 1189 1024 mi·

101 1055 226 1143 *nime3
251 1053 454 1154 persuadent
482 1053 569 1126 enim
595 1053 817 1127 mathematici
826 1063 851 1147 :)
876 1069 998 1127 terram
1021 1055 1058 1125 iu
1076 1055 1187 1128 medio

115 1156 245 1231 mundo
269 1157 367 1229 sitam
389 1156 594 1230 aduniversi
621 1155 703 1229 coeli
729 1155 934 1256 complexum
956 1157 1050 1255 quasi
1072 1158 1188 1256 puncti

185 1333 204 1385 2
220 1325 261 1376 sio
277 1325 342 1376 berte
351 1325 496 1376 Daeconi.
513 1343 560 1394 pro
573 1325 641 1393 vulg.
657 1343 694 1375 an
710 1337 746 1375 tu.
780 1329 798 1382 3
815 1328 876 1383 011.
887 1324 971 1375 Guelf.
982 1324 1103 1375 deseres:
1121 1325 1191 1393 qnod

113 1394 225 1446 maxime
247 1394 341 1460 placet.
373 1393 490 1452 4Bentl.
506 1412 543 1444 an
561 1394 696 1445 delendum
711 1393 838 1443 censebat.
863 1397 904 1443 Or.
924 1411 945 1442 c.
969 1393 1028 1442 Em.
1046 1394 1190 1446 urcissin-

114 1463 164 1514 xit.
198 1463 316 1520 5Verba
337 1462 419 1517 sicet
443 1462 492 1510 boc
507 1462 598 1512 absunt
615 1480 630 1512 a
645 1463 708 1528 fleg.
733 1460 826 1521 Elisus.
843 1465 868 1518 3.
886 1461 990 1539 aliisqpe
1008 1459 1088 1509 Codd.
1122 1461 1189 1511 Hinc

114 1548 149 1581 ea
168 1533 210 1579 Or.
227 1529 298 1579 uncis
316 1527 411 1592 cinxit,
428 1539 498 1579 recte
515 1546 636 1591 mouens,
655 1541 681 1579 et
697 1521 733 1577 iic
749 1528 860 1596 positum
876 1546 928 1579 nou
945 1526 1131 1578 ciceronianum
1147 1526 1189 1576 vi·
1275 1569 1281 1576 .

114 1597 173 1648 deri
181 1622 189 1660 9
207 1596 393 1663 obnoxiumque
414 1595 492 1647 fuisse
507 1596 608 1647 hunc'l.
625 1595 816 1663 interpolationi
826 1620 829 1627 ·
840 1595 1012 1646 demonstrare
1023 1622 1026 1627 -
1036 1597 1098 1652 09³.
1115 1594 1190 1644 exhi-

114 1666 207 1716 bentes
218 1682 223 1714 :
235 1666 365 1734 pleraque
381 1663 429 1714 sub
446 1664 610 1714 dubitatione
625 1666 777 1734 accipimus.

160 1766 225 1816 Ain'
233 1765 274 1832 tu)
283 1764 546 1816 Admiraudiformnla
559 1764 592 1815 de
600 1783 636 1826 re,
669 1764 759 1814 mirum
772 1763 836 1812 nulli
851 1763 925 1813 facile
940 1762 1094 1814 dubitationi
1104 1763 1189 1814 locum

133 1832 267 1883 uaenobis
284 1833 458 1900 inexspectata
475 1833 575 1883 accidit.
596 1833 637 1882 sic
670 1832 831 1898 relinquunt,
850 1831 909 1892 sed,
928 1829 1047 1898 quicquid
1061 1832 1088 1880 in
1103 1848 1189 1881 eoram

114 1851 224 1952 i'erent.
257 1900 335 1955 Andr.
351 1901 371 1951 Ι.
387 1904 410 1960 1,
428 1906 470 1958 10·
488 1901 558 1965 Quid
574 1900 639 1951 ais?
671 1899 828 1966 disciplinam
845 1899 922 1960 cadit,
940 1900 973 1950 ad
988 1898 1111 1965 liquidam
1126 1917 1188 1966 per-

114 1969 198 2021 thid„
211 1969 242 2018 V.
267 1973 300 2028 3,
317 1969 343 2025 4.
377 1969 433 2017 ain'
447 1969 577 2018 totidem?
605 1970 637 2018 V.
671 1968 763 2017 ducere
778 1966 889 2016 student.
907 1996 940 2004 —
973 1967 1045 2017 Num
1061 1977 1099 2016 est
1112 1985 1189 2034 grae-

114 2035 253 2086 Ruhnken.
268 2035 301 2085 ad
314 2035 343 2085 ll.
360 2035 402 2085 dd.
420 2036 517 2085 Graece
531 2036 559 2088 τί
573 2035 636 2098 ont,
673 2053 729 2085 cum
751 2029 824 2098 ἆρα,
852 2033 977 2100 quodibi
999 2035 1118 2101 ponitur,
1146 2034 1190 2084 ubi

114 2104 150 2156 V.
165 2103 232 2152 infra
247 2102 280 2151 ad
296 2104 327 2154 V.
344 2106 387 2166 12,
404 2107 447 2160 35.
482 2105 578 2154 Nostro
595 2103 639 2153 lo-
671 2100 803 2169 responsio
817 2112 978 2168 exspectatur
991 2118 1086 2167 negans
1104 2101 1139 2163 id,
1157 2102 1190 2153 de

117 2189 150 2221 co
166 2170 280 2235 geminus
294 2180 332 2219 est
348 2170 468 2220 Academ.
486 2173 517 2220 ΙΙ.
533 2176 574 2232 19,
591 2176 633 2228 62.
672 2187 721 2237 quo
745 2178 800 2218 erat
821 2169 1014 2234 interrogatum.
1065 2170 1097 2219 V.
1120 2171 1190 2220 Her-

114 2236 232 2289 Aiu’tn?
249 2254 324 2304 quam
336 2254 376 2286 res
386 2238 565 2288 occultissimas
573 2255 636 2305 ape·
668 2254 752 2286 maun.
777 2234 810 2286 ad
831 2237 917 2302 Vigor.
940 2255 965 2304 p.
986 2239 1044 2294 823
1068 2254 1106 2286 nr.
1130 2241 1189 2296 293.

114 2306 199 2356 rueris
226 2305 254 2354 iu
277 2305 407 2372 lucemque
429 2305 565 2373 protuleris
587 2322 635 2364 -3
668 2303 818 2354 Ramshorn.
833 2306 894 2352 Lat.
909 2305 957 2353 Gr.
976 2307 998 2372 1.
1015 2304 1071 2363 174.
1088 2323 1116 2372 p.
1130 2308 1189 2363 491.

115 2372 232 2438 negabis,
250 2390 304 2423 esse
319 2390 371 2421 rem
388 2373 474 2437 ullam,
492 2391 556 2440 quae
572 2389 636 2438 cog*
669 2374 769 2438 Zumpt.
786 2373 807 2440 §.
824 2373 864 2428 67.
882 2374 982 2437 11286.
1025 2373 1092 2420 Hinc
1108 2389 1190 2439 appa-

115 2439 334 2507 nosci-possit:
352 2440 528 2490 nbiGoereuz.
542 2459 568 2507 p.
579 2444 634 2497 117.
669 2439 749 2500 rebit,
767 2437 878 2504 ineptam
892 2455 947 2486 esse
963 2437 1107 2505 opinionem
1123 2439 1196 2490 Neir

116 2517 193 2560 recte
211 2507 243 2556 de
260 2507 324 2556 binis
339 2508 390 2556 suis
400 2508 480 2558 Codd.
489 2518 577 2558 nostro
593 2509 636 2557 lo-
670 2506 722 2568 dii,
745 2521 793 2573 pro
809 2522 870 2554 num
882 2504 1017 2571 legendum
1032 2505 1190 2557 conficientis

116 2594 150 2628 co
166 2574 341 2642 reponendum
357 2583 458 2624 censet:
476 2575 603 2625 deseres?
672 2591 732 2624 non.

169 2644 213 2699 40.
231 2659 283 2691 non
291 2643 392 2692 intritus
399 2640 558 2705 erraverim)
575 2643 638 2694 Pla·
725 2642 804 2690 sicet
820 2639 876 2707 boc)
895 2641 1046 2690 Laurentius
1055 2639 1130 2690 Valla
1140 2657 1188 2691 ne-

114 2722 207 2761 tonem
222 2719 297 2776 quam
319 2709 481 2761 vehementer
502 2711 638 2761 admiratus
671 2708 757 2777 gavit,
775 2708 922 2758 Ciceronem
936 2704 1086 2774 particulam
1103 2719 1129 2757 et
1160 2726 1190 2758 ro

114 2778 153 2828 sit
168 2778 276 2839 Cicero,
301 2795 332 2825 ex
348 2777 434 2827 multis
451 2779 503 2828 eius
517 2778 638 2828 librorum
671 2776 752 2827 etiam
776 2776 896 2844 posuisse.
930 2778 959 2824 ln
990 2775 1059 2826 cuius
1083 2727 1190 2842 postliac

114 2844 183 2896 locis
199 2854 318 2912 apparet:
344 2862 407 2916 quos
425 2862 511 2895 omues
529 2845 638 2912 collegi·
671 2844 822 2895 senteutiam
854 2843 993 2911 complures
1023 2843 1191 2893 discesserunt

114 2930 175 2963 mus
190 2911 218 2960 in
234 2912 251 2960 Ι.
269 2911 293 2961 d.
313 2911 345 2960 de
360 2913 412 2962 Cic.
427 2912 489 2980 phil.
507 2932 533 2980 p.
544 2916 584 2970 7-1.
600 2929 639 2979 sq.
672 2910 942 2962 ciceronis-aditores.
976 2914 1012 2960 At
1026 2909 1103 2960 hodie
1115 2927 1190 2960 nemo

114 2979 164 3032 ubi
182 2979 276 3029 verba:
300 2994 353 3028 non
374 2981 476 3030 r'naitus
491 2983 638 3030 erraverim
671 2979 747 3029 facile
765 2977 883 3041 exsistet,
908 2978 951 3045 qui
967 2979 1079 3028 Tullium
1094 2991 1120 3028 et
1142 2995 1189 3046 pro

113 3046 189 3103 haud
204 3045 276 3096 nimis
286 3048 359 3096 anxie
374 3047 510 3114 premenda
519 3065 572 3098 esse
580 3064 639 3097 mo·
672 3049 768 3106 etiam,
785 3045 864 3095 rarius
887 3045 1005 3112 quidem,
1024 3045 1115 3094 dixisse
1130 3037 1190 3094 inli-

114 3114 173 3166 nni.
209 3113 315 3175 „Cicero
330 3114 401 3163 euim
415 3114 481 3164 hanc
501 3115 533 3169 ab
556 3115 639 3166 inter·
671 3115 720 3164 tias
737 3122 785 3163 eat.
807 3114 888 3175 ,Infra
901 3115 944 3163 111.
962 3116 1010 3176 13,
1028 3116 1071 3171 28.
1090 3129 1120 3162 ex
1141 3112 1191 3162 hoc

115 3183 257 3249 loquutore
275 3183 388 3232 oblatam
411 3183 569 3235 occasionem
594 3201 639 3232 ar·
673 3195 699 3233 et
714 3180 759 3230 illa
771 3180 826 3229 iure
839 3181 982 3230 laudantur.
1016 3180 1081 3230 lbid.
1091 3183 1131 3242 19,
1147 3181 1191 3238 46.

114 3249 215 3317 ripiens
229 3249 378 3299 sententiam
393 3267 463 3299 suam
479 3250 510 3299 de
523 3251 639 3312 Platone,
673 3247 769 3316 aliquid
779 3248 913 3307 ,videamus
939 3261 964 3297 et
991 3248 1049 3297 cibi.
1071 3248 1121 3309 24,
1148 3253 1189 3305 53.

114 3315 235 3384 inprimis
250 3315 276 3365 iu
290 3317 344 3366 eius
358 3317 476 3373 doctrina
490 3317 523 3367 de
538 3318 640 3368 animo-
672 3329 700 3367 et
714 3317 820 3366 Telamo
836 3315 889 3364 ille.
912 3317 954 3365 tv.
970 3316 1019 3375 34,
1043 3318 1084 3373 73.
1108 3314 1191 3364 Probe

113 3401 175 3436 rum
192 3383 396 3446 immortalitate,
422 3401 568 3452 expromere
589 3401 639 3434 vo·
674 3382 765 3434 etille.
801 3377 907 3432 Orellius
926 3382 958 3431 ad
982 3383 1025 3434 IV.
1043 3386 1085 3438 35.
1110 3381 1191 3447 princ.

114 3451 197 3502 luisse
218 3450 343 3501 videtur.“
394 3451 436 3502 Sic
459 3451 526 3502 iufra
556 3471 577 3502 c.
596 3456 637 3509 21.
672 3452 710 3502 ita
734 3450 851 3516 agnoscit
881 3461 907 3500 et
937 3464 984 3516 pro
1019 3450 1099 3498 etiam
1124 3447 1193 3514 apud

113 3519 214 3570 verba:
245 3530 273 3568 ut
303 3520 374 3568 enim
402 3519 533 3571 rationem
560 3519 640 3569 Plato
674 3519 828 3578 Ciceronem,
846 3524 875 3566 ut
888 3517 1034 3583 plerumque
1042 3526 1135 3578 tamen,
1151 3515 1191 3564 vel

114 3585 224 3638 nullam
237 3585 348 3652 afferret
363 3588 438 3653 (aide
452 3586 521 3656 quod
539 3586 640 3636 homini
672 3584 819 3636 senteutiai
838 3601 865 3633 sa
873 3583 913 3633 vel
922 3582 1003 3632 Codd.
1020 3581 1191 3646 mouentibus,

113 3652 244 3719 tribuam)
262 3653 274 3702 i
293 3671 325 3703 sa
339 3656 498 3704 auctoritate
507 3652 639 3723 nrefran-
672 3663 718 3704 aut
735 3603 870 3702 delendirm
888 3668 942 3700 esse
957 3659 1001 3700 ant
1016 3649 1192 3716 corrigendum

113 3733 197 3794 geret
211 3720 264 3770 inte
287 3721 453 3787 ’gendasunt
673 3719 715 3770 vel
738 3721 818 3769 etiam
839 3719 882 3768 vel
899 3720 925 3768 ei
950 3728 1061 3768 censeat.
1095 3719 1192 3767 Multus

169 3787 243 3839 Num
262 3789 347 3858 igitur
370 3787 533 3853 dubitamus)
558 3790 590 3839 H.
616 3805 638 3839 e.
675 3797 714 3838 est
737 3787 764 3836 in
785 3785 935 3854 exponenda
956 3785 1005 3837 hac
1024 3786 1191 3847 recrearer.

116 3856 257 3908 Certumne
272 3865 311 3904 est
333 3866 359 3906 et
382 3865 455 3905 extra
471 3856 574 3907 dubium
590 3873 640 3935 po·
675 3854 707 3906 ad
723 3854 757 3905 N.
778 3856 809 3904 D.
828 3857 855 3915 1,
874 3858 914 3913 39.
930 3873 955 3921 p.
980 3857 1037 3911 179.
1056 3853 1093 3902 CF.
1108 3853 1190 3903 Beier.

113 3923 212 3984 situm,
229 3932 322 3972 terram
339 3923 507 3987 -obtinere‚
523 3934 641 3975 ananam
674 3923 707 3974 ad
723 3921 795 3972 offic.
813 3923 857 3971 111.
873 3927 898 3985 6,
913 3926 955 3980 27.
974 3939 1000 3988 p·
1014 3925 1074 3979 227·
1150 3943 1152 3947 ⁴

114 3990 184 4041 baec
206 4007 259 4053 res,
286 3990 352 4040 sicut
368 3990 517 4058 pleraeque,
549 3992 575 4041 iu
590 3992 641 4042 du·
724 4001 824 4040 terram
839 3991 869 4039 in
892 3990 979 4039 medio
993 3988 1191 4054 mundositam)

115 4056 273 4110 bitafionem
289 4057 405 4108 vocanda
420 4069 471 4117 est;
491 4076 640 4175 quamquam
673 4060 704 4109 V.
722 4059 846 4109 eruditam
860 4057 1061 4108 observationem
1076 4055 1193 4106 Creuzeri

115 4125 152 4175 de
166 4123 242 4174 haim
258 4123 297 4175 rei
312 4124 544 4176 veritate'mimme
582 4127 640 4176 ubi·
674 4125 707 4176 ad
723 4127 757 4175 N.
775 4127 807 4176 D.
822 4127 862 4188 Π,
880 4129 922 4182 36.
939 4144 965 4192 p.
982 4129 1041 4182 362.

115 4191 272 4255 melleet,
289 4191 364 4258 quia,
389 4192 474 4272 quiid
490 4195 640 4272 nobispar-
724 4193 762 4242 ad
783 4193 904 4243 universi
928 4192 995 4242 coeli
1018 4189 1192 4258 complexum)
1272 4230 1274 4233 .

117 4258 243 4325 suadent,
264 4258 436 4311 mathematici
450 4270 524 4324 sunt,
540 4278 584 4328 qm
597 4260 640 4310 ui-
674 4261 706 4310 H.
731 4276 754 4310 e.
775 4260 797 4309 si
821 4270 915 4310 terram
935 4274 1106 4324 comparamus
1135 4272 1191 4305 cum
