2640 4626
478 233 608 284 LIBER
626 233 717 292 v.·3o.
1070 227 1134 294 353

62 353 237 453 (quoniam
254 367 286 425 te
303 350 394 425 nulla
412 350 542 423 vincula
562 350 750 450 impediunt
774 350 872 424 ullius
904 370 1011 428 certae
1031 355 1133 429 disci-

60 455 191 557 pliuae,
226 453 376 553 libasque
403 481 442 526 ex
468 452 640 542 omnibus,
674 452 907 554 quodcumque
932 448 964 528 te
992 459 1133 533 maxime

61 559 174 659 specie
187 557 334 629 veritatis
347 559 482 653 movet)
508 555 600 654 quod
610 555 721 655 paullo
741 572 814 629 ante
826 557 1064 657 Peripateticos
1079 591 1134 635 ve·

58 679 229 760 teremque
237 658 451 732 Academiam
468 657 593 730 hortari
608 658 773 745 videbare,
789 676 826 730 ut
841 661 912 733 sine
930 665 1134 738 retractatio-

58 793 102 838 ne
116 763 220 835 libere
241 761 349 834 dicere
367 761 542 848 auderent,
567 761 727 860 sapientis
743 789 814 834 esse
835 786 966 862 semper
981 765 1133 839 beatissi-

59 894 153 954 mos:
178 865 215 937 id
236 863 332 937 velim
350 863 482 950 audire,
507 863 786 962 quemadmodum
802 864 854 936 bis
876 882 971 964 putes
994 896 1133 941 consen-

59 987 195 1042 taneum
209 994 281 1040 esse
295 966 332 1038 id
350 965 468 1038 dicere.
493 964 596 1037 multa
611 965 699 1038 eninr
715 995 733 1038 a
750 981 781 1038 te
801 984 914 1040 contra
931 970 1030 1044 istam
1057 999 1132 1044 seu-
1217 970 1234 1005 ³

59 1071 199 1144 tentiam
223 1069 311 1142 dicta
337 1084 430 1154 sunt,
457 1084 487 1140 et
508 1068 698 1141 Stoicorum
713 1069 841 1141 ratione
860 1071 1023 1144 conclusa.
1073 1079 1132 1153 83.

58 1179 124 1260 M„
136 1175 277 1244 Utamur
292 1171 394 1268 igitur
413 1169 580 1258 libertate,
607 1199 671 1270 qua
686 1171 785 1243 nobis
815 1170 897 1245 solis
920 1171 957 1245 in
982 1173 1133 1273 philoso-

59 1276 143 1376 phia
162 1274 238 1347 licet
253 1275 319 1362 uti:
345 1273 608 1373 quorumoratio
626 1273 710 1345 nihil
725 1273 800 1372 ipsa
823 1274 965 1364 iudicat,
991 1272 1051 1349 sed
1074 1277 1132 1350 lra-

58 1380 160 1453 betur
172 1378 207 1449 in
228 1377 336 1449 omnis
366 1374 489 1474 partis,
515 1391 552 1447 ut
573 1374 614 1447 ab
641 1374 712 1446 aliis
738 1377 846 1474 possit
868 1376 941 1475 ipsa
966 1406 1028 1477 per
1049 1406 1133 1468 sese,

29 1516 33 1523 ·
59 1480 185 1555 nullius
201 1478 393 1553 auctoritate
414 1477 586 1565 adiuncta,
608 1477 760 1549 iudicari.
786 1494 818 1550 et
830 1479 990 1578 quoniam
1009 1480 1132 1554 videris

58 1585 128 1657 hoc
143 1580 234 1670 velle,
258 1598 305 1669 ut,
330 1607 555 1680 quaecumque
570 1579 835 1653 dissentientium
854 1579 1132 1681 philosophorum
1233 1627 1239 1645 ·

62 1685 225 1762 sententia
240 1683 283 1756 sit
297 1683 338 1755 de
352 1682 486 1769 linibus,
512 1697 623 1757 tamen
633 1682 736 1754 virtus
752 1682 832 1754 satis
848 1682 1020 1757 habeatad
1033 1678 1146 1760 vitam*=

60 1790 193 1862 beatam
208 1784 373 1887 praesidi:
401 1784 491 1884 quod
506 1783 638 1884 quidem
650 1783 854 1858 Carneadem
868 1785 1038 1886 disputare
1054 1787 1133 1860 soli-

62 1909 133 1964 tum
151 1889 357 1989 accepimus3
383 1888 508 1974 sedis,
534 1902 571 1958 ut
592 1902 706 1958 contra
722 1886 871 1976 Stoicos,
895 1916 980 1987 quos
1006 1890 1134 1962 studio-

12 2024 18 2041 ·
61 1992 196 2067 sissime
209 2019 340 2090 semper
353 1988 540 2077 refellebat,
566 2004 598 2063 et
615 2005 727 2061 contra
754 1994 896 2087 quorum
921 1989 1132 2090 disciplinam

61 2093 233 2194 ingenium
250 2095 320 2176 eins
339 2107 521 2176 exarserat:
545 2116 609 2163 nos
619 2089 701 2163 illud
718 2092 852 2189 quidem
869 2119 941 2164 cunr
961 2120 1043 2192 pace
1058 2122 1137 2192 age-v

60 2225 147 2272 mus.
198 2196 236 2269 Si
250 2195 338 2268 enim
349 2193 453 2266 Stoici
467 2193 543 2265 linis
558 2191 724 2272 bonorum
739 2210 1035 2293 recte-posuerunt,
1055 2225 1133 2268 cou-

62 2301 149 2374 fecta
171 2326 225 2398 res
247 2314 312 2371 est:
338 2298 473 2373 necess'e
492 2311 541 2369 cst
555 2322 686 2395 semper
707 2295 839 2368 beatum
854 2324 925 2369 esse
942 2298 1132 2397 sapientem.

61 2409 121 2483 84.
147 2400 216 2474 Sed
233 2426 427 2499 quaeramus
442 2396 918 2496 unamquamqucreliquorum
929 2401 1134 2489 senteutiam,

63 2504 91 2577 si
108 2503 181 2577 steri
197 2518 324 2602 potest,
349 2517 386 2574 ut
404 2501 468 2572 hoc
486 2498 692 2599 praeclarum
712 2501 807 2599 quasi
829 2501 995 2575 decretum
1018 2502 1132 2576 beatae

62 2607 149 2678 vitae
166 2605 274 2704 possit
288 2603 434 2676 omnium
453 2602 623 2676 sententiis
642 2618 674 2674 et
692 2601 878 2702 disciplinis
894 2605 1075 2678 convenire.

24 2705 29 2716 ’
165 2710 276 2780 XXX.
296 2743 298 2747 ·
327 2704 410 2778 Sunt
428 2721 535 2778 autem
552 2704 614 2777 hae
632 2704 673 2777 de
692 2703 833 2794 finibus,
858 2722 894 2776 ut
917 2706 1057 2804 opinor,
1082 2735 1135 2780 re-

63 2825 173 2884 tentae
194 2808 413 2907 defensaeque
438 2807 641 2880 sententiae:
677 2807 837 2889 Primum⁴
852 2807 1019 2907 simplices
1041 2825 1135 2907 quat-

62 2928 158 2986 tuor:
183 2911 424 2999 nibilbonunr,
450 2909 515 2983 nisi
538 2909 731 2998 honestum,
756 2927 792 2982 ut
808 2909 932 2983 Stoici:
965 2909 1050 2982 nihil
1073 2910 1135 2983 bo-

64 3117 177 3168 possum.
209 3100 263 3149 Iam
285 3115 361 3162 supra
384 3098 417 3147 ad
436 3099 479 3146 111.
494 3101 519 3159 8,
544 3100 584 3154 16.
619 3095 652 3146 ed
673 3095 751 3146 vitam
767 3095 867 3146 beatam
887 3095 1005 3162 praesidi.
1040 3098 1135 3167 Contra
1168 3072 1172 3094 ι

65 3166 301 3227 demonstravimus,
318 3165 385 3214 haud
395 3182 451 3214 rara
459 3181 513 3213 esse
520 3164 587 3230 apud
637 3181 694 3213 uam
708 3166 857 3214 sententiam
872 3165 1021 3227 Carneades,
1036 3165 1130 3233 et'qui-

64 3244 167 3285 veteres
180 3233 318 3300 scriptores
340 3233 468 3298 exempla,
487 3231 513 3281 iu
526 3231 587 3300 qui·
619 3181 676 3281 dem
691 3232 789 3293 acriter,
807 3242 836 3282 ut
850 3244 939 3283 eontra
950 3233 1058 3294 Stoicos,
1072 3250 1135 3299 quos

64 3302 113 3352 bus
128 3305 255 3350 sententia
273 3301 347 3349 aliter
361 3301 537 3361 continuatur,
556 3316 587 3349 ac
619 3299 799 3348 studiosissime
815 3318 913 3367 semper
927 3301 1067 3361 refellebat,
1085 3300 1135 3350 dis·

12 3390 29 3435 ·,
84 3385 114 3418 ro
140 3368 193 3417 eius
217 3367 290 3421 initio
319 3366 587 3433 exspectabaturzsic
618 3367 739 3434 putabat,
762 3384 813 3416 nou
827 3384 859 3416 ex
874 3367 923 3417 hac
937 3385 987 3417 una
1001 3368 1134 3429 sententia,

10 3434 21 3445 '
65 3385 119 3486 lioc
136 3436 194 3485 loco
210 3435 292 3484 oratio
308 3434 345 3483 ita
363 3434 500 3493 exorditur,
517 3450 547 3482 ac
565 3433 587 3482 si
618 3434 663 3482 sed
679 3450 842 3501 quaecuuque
859 3433 1058 3484 dissentientium
1073 3434 1135 3501 phi·

65 3513 202 3570 scquatur:
244 3502 275 3552 id
312 3502 378 3550 milri
409 3502 584 3561 demonstres,
619 3500 782 3568 Iosophorurn
795 3502 921 3551 sententia
937 3512 1004 3550 esset
1017 3501 1049 3550 de
1065 3519 1135 3550 sum-

65 3568 283 3640 quemadmodum
302 3579 363 3618 cett.
389 3569 428 3618 ef.
449 3567 530 3618 Beier.
554 3568 587 3618 ad
619 3585 660 3617 mo
678 3569 746 3618 bono
761 3578 787 3618 et
802 3569 834 3618 de
849 3568 1035 3628 summomalo,
1050 3577 1136 3618 tamen

66 3637 142 3688 effic.
159 3639 202 3699 111,
219 3640 262 3694 26.
279 3655 304 3704 p.
319 3641 377 3693 365.
619 3635 739 3684 virtutem
757 3636 870 3686 sufficere
887 3637 919 3685 ad
934 3635 1011 3685 vitum
1026 3636 1135 3686 beatam.

137 3737 179 3787 ull
222 3738 239 3778 7.
258 3737 303 3786 cl
326 3737 334 3802 q
358 3737 383 3787 v
474 3737 480 3748 .
521 3735 587 3786 libo
623 3764 625 3771 Ι
671 3702 765 3781 sedis,
784 3717 918 3782 acteonem
933 3704 1042 3769 Stoicos)
1063 3705 1095 3753 H.
1112 3720 1134 3754 e.

118 3754 136 3788 n
177 3754 318 3786 “unua
384 3754 500 3787 'mm
558 3754 570 3786 r
621 3769 666 3819 sed
691 3789 713 3818 rs
734 3771 943 3822 studiosissime:
962 3771 1030 3838 quod
1054 3787 1068 3819 e
1093 3788 1136 3820 se·

65 3805 139 3906 ‘lm
154 3824 180 3872 Ρ·
197 3811 239 3863 70·
258 3815 284 3854 et
300 3823 324 3872 P‘
342 3804 388 3861 74⁸¹
620 3837 754 3903 quentibus
766 3839 916 3889 eliciendum
932 3848 978 3887 est.
996 3841 1031 3888 Ut
1044 3850 1138 3890 contra

117 3910 161 3964 83.
199 3905 268 3984 quod
290 3905 395 3973 quidem
414 3903 586 3971 Carneadem)
621 3906 721 3953 Stoicos
737 3905 762 3954 h.
779 3923 801 3957 e.
823 3917 852 3957 nt
872 3905 1013 3974 exspectari
1027 3915 1137 3972 poterat,

65 3973 173 4025 Locum.
187 3990 225 4023 erc
244 3973 412 4040 interpretor:
438 3973 518 4023 Stoici
531 3983 587 4022 sta·
621 3989 696 4038 quum
714 3983 802 4023 contra
816 3975 916 4025 Stoicos
931 3973 1081 4042 disputaret.
1103 3974 1136 4025 V.

65 4040 194 4102 tuebant,
216 4057 248 4090 ex
261 4058 311 4090 una
325 4059 354 4090 ea
372 4041 511 4101 sententia,
537 4057 588 4107 qua
620 4037 751 4088 Adnotatu
766 4040 791 4089 in
808 4045 827 4091 Ι.
846 4046 877 4104 8,
896 4047 936 4101 15.

66 4107 135 4160 nihil
149 4108 243 4158 bonum
258 4118 332 4171 esset,
347 4108 481 4174 nisiquod
504 4107 588 4159 hone·
671 4107 729 4155 cir.
748 4109 841 4158 XXX.
859 4111 901 4167 84.
925 4110 976 4159 hae
994 4106 1140 4175 definibns

66 4187 136 4226 stum
153 4184 233 4237 esset,
249 4175 313 4226 nihil
329 4177 431 4238 malum,
455 4175 504 4225 nisi
519 4174 589 4243 quod
622 4175 778 4242 sententiae)
796 4178 827 4226 V.
843 4177 876 4226 de
893 4175 976 4229 Finib.
992 4179 1023 4228 11.
1039 4181 1087 4239 11,
1102 4176 1138 4235 34

67 4255 145 4311 turpe
170 4250 253 4307 esset,
280 4243 397 4294 virtutem
416 4241 476 4296 satis
496 4243 591 4306 habere
622 4245 705 4301 -36
