2640 4626
122 196 183 266 156
365 198 941 259 ruscmaumonmsrumrromnr

120 351 219 412 curo,
245 323 374 396 homini
395 352 514 425 aspero
530 339 561 397 et
574 324 677 411 duro,
700 351 770 396 nun
787 338 836 397 est
847 321 914 394 hoc
929 322 1029 396 satis:
1056 321 1094 394 in
1110 319 1192 395 Plu-

118 426 233 500 laridis
247 442 343 499 tauro
360 426 390 499 si
408 427 484 514 erit,
510 426 617 513 dicet,
645 432 763 520 Quam
779 453 884 498 succe
900 439 953 497 est
968 422 1063 498 icoc!
1085 450 1192 525 quum

119 528 185 601 hoc
215 557 286 600 non
312 533 417 600 curo!
442 573 487 586 -
512 528 618 602 Suave
640 529 761 601 etiam?
787 556 829 600 an
845 554 965 627 parum
980 542 1055 615 est,
1079 525 1192 600 si‘non

120 632 290 704 amarum?
313 631 361 704 At
391 630 428 703 id
463 630 598 730 quidem
616 629 673 703 ‚illi
697 629 782 730 ipsi,
808 629 867 730 qui
888 628 1043 703 dolorem
1069 627 1191 731 malurn

122 761 192 809 esse
214 749 353 832 negant,
378 761 447 806 non
462 731 568 805 solent
584 731 712 820 dicere,
739 731 891 832 cuiquam
907 758 1007 805 suave
1024 759 1102 806 esse
1122 758 1190 807 cru·

121 834 219 910 ciari:
246 864 416 936 asperum,
430 834 593 922 difficile,
619 833 789 922 odiosum,
816 850 930 908 eontra
942 851 1120 923 naturam,
1146 832 1191 906 di-

121 954 216 1027 cunt;
242 967 303 1012 nec
328 955 438 1010 tamen
462 936 594 1009 malum.
619 937 690 1023 hic,
716 936 773 1036 qui
792 935 899 1013 solum
916 937 980 1011 hoe
998 935 1130 1010 malum
1146 935 1190 1009 di-

121 1041 183 1127 cit,
209 1045 294 1112 aut⁸
312 1039 473 1112 malorum
491 1037 640 1113 omnium
657 1055 853 1128 extremum,
878 1039 1066 1139 sapientem
1083 1055 1192 1113 censet

121 1142 157 1214 id
182 1169 279 1214 suave
303 1141 476 1215 dicturum.
528 1148 584 1221 18.
608 1143 681 1240 Ego
706 1158 770 1214 ate
783 1170 853 1214 non
863 1140 1020 1242 postulo.
1046 1157 1085 1214 ut
1101 1140 1192 1215 dolo-

119 1271 190 1317 rem
208 1244 332 1317 eisdem
349 1244 458 1317 verbis
474 1242 614 1331 allicias,
641 1244 933 1343 quibusEpicurus
946 1242 1155 1344 voluptatem
1164 1254 1192 1332 ⁹,

119 1346 240 1435 homo,
266 1363 302 1419 ut
328 1347 413 1434 scis,
439 1346 650 1446 voluptarius.
701 1345 760 1419 Ille
788 1345 909 1421 dixerit
934 1374 1014 1419 sane
1043 1345 1193 1420 idemiu

119 1448 307 1522 Phalaridis
332 1465 445 1535 tauro,
472 1448 579 1547 quod,
605 1449 643 1531 si¹
661 1464 747 1521 esset
769 1448 805 1520 in
824 1447 959 1523 lectulo:
986 1476 1050 1546 ego
1066 1456 1192 1521 tantam

120 1551 185 1623 vim
207 1579 275 1624 non
298 1550 410 1622 tribuo
434 1549 605 1649 sapienti¹
637 1566 751 1622 eontra
768 1549 925 1624 dolorem.
976 1549 1029 1622 Sit
1045 1550 1148 1624 fortis
1161 1550 1191 1622 in

120 1652 335 1752 perferendo,
362 1651 476 1723 cilicio
501 1651 581 1724 satis
607 1668 672 1726 est:
699 1668 734 1725 ut
755 1651 892 1726 laetetur
905 1652 1023 1741 etiam,
1049 1680 1193 1753 noupo

121 1754 216 1826 stulo.
240 1750 345 1825 tristis
360 1754 447 1826 enim
465 1780 519 1826 res
537 1753 671 1827 estsine
687 1742 801 1843 dubio,
828 1782 954 1855 aspera,
979 1782 1108 1844 amara,
1132 1754 1200 1829 ini..

123 1855 209 1928 mica
224 1871 378 1942 naturae,
404 1854 447 1928 ad
462 1855 654 1955 patiendum
669 1856 942 1956 tolerandumque
960 1855 1121 1930 difficilis.

224 1965 280 2037 19.
305 1956 453 2057 Adspice
468 1957 703 2047 Philoctetam
728 1959 780 2032 cui
796 1959 1047 2034 concedendum
1071 1976 1124 2033 est
1141 1987 1192 2059 ge-

187 2144 263 2203 88ic
287 2143 365 2194 W.e
388 2143 454 2196 coni.
472 2173 504 2182 -
535 2147 578 2194 0r.
603 2162 624 2195 c.
643 2144 723 2196 Codd.
748 2144 852 2196 etEdd.
869 2154 929 2195 ante
952 2146 983 2194 1).
1005 2157 1032 2195 ec
1055 2144 1193 2207 materian,

121 2213 170 2263 hac
184 2206 331 2262 'sententiat
349 2211 392 2278 qui
407 2210 484 2262 modo
499 2211 588 2273 solum,
604 2211 681 2263 modo
698 2222 836 2263 extremum
859 2211 910 2262 hoc
926 2212 1051 2263 malorum
1069 2208 1146 2264 dicit.
1162 2241 1192 2252 -

119 2283 181 2334 Eru.
199 2298 222 2331 c.
238 2281 272 2330 D.
291 2278 323 2330 de
337 2278 419 2329 Bentl.
433 2278 499 2331 coni.
517 2280 563 2348 qui
578 2296 631 2330 non
651 2279 735 2330 solum
750 2281 776 2330 Ιι.
795 2298 828 2330 m.
847 2280 874 2329 d.
882 2316 890 2340 ,
908 2280 957 2330 sed
973 2298 1007 2330 m.
1021 2284 1061 2347 ‚9
1076 2282 1111 2332 V.
1129 2280 1192 2333 Ado.

123 2353 136 2406 1
154 2348 185 2399 R.
203 2347 228 2399 b.
246 2344 290 2397 alii
307 2346 387 2397 Godd.
405 2347 458 2397 mG.
478 2349 509 2399 V.
528 2346 572 2399 W.
589 2347 616 2397 iu
631 2346 677 2398 Ed.
695 2367 734 2417 pr.
753 2348 917 2419 supientiae:
935 2347 1005 2416 quod
1019 2346 1121 2415 placet.

172 2447 274 2499 homini
287 2465 383 2551 aspero
400 2447 510 2516 ecduro)
528 2447 639 2498 Salsaet
672 2448 803 2517 Epicurus
831 2449 992 2519 voluptatem
1015 2445 1111 2517 afficit
1131 2448 1194 2500 hanc

121 2533 207 2568 amara
225 2516 322 2566 ironia.
671 2513 767 2565 habere
780 2515 847 2578 vim,
869 2526 898 2565 ut
906 2515 1093 2582 significarent,
1120 2515 1193 2567 sicuti

171 2585 202 2633 in
213 2583 376 2634 Phalaridis
388 2582 474 2648 tauro)
491 2582 561 2633 Idem
574 2580 640 2648 Epi·
672 2582 829 2649 voluptatem
851 2582 962 2633 omnium
975 2582 1104 2634 bonorum
1120 2583 1194 2635 finem

122 2650 176 2701 euri
198 2650 294 2701 dictum
313 2649 393 2700 refert
414 2652 510 2699 Seneca
534 2651 581 2716 Ep.
598 2651 639 2706 66.
672 2650 820 2717 ubEpicuro
835 2648 929 2701 dictam
946 2668 1007 2713 esse,
1024 2650 1130 2701 siclul.
1146 2650 1194 2703 do·

123 2718 162 2768 of.
184 2717 251 2768 infra
272 2719 304 2767 V.
320 2721 368 2779 10,
392 2720 435 2775 26.
466 2716 505 2767 Cf.
532 2715 565 2765 de
584 2715 640 2765 Fiu.
672 2714 764 2767 lorem'
778 2717 889 2767 omnium
907 2718 1033 2768 bonorum
1049 2717 1131 2769 finem
1153 2718 1194 2768 di-

35 2846 41 2861 ,
124 2787 154 2835 11.
169 2789 203 2843 27
212 2823 219 2847 ‚
236 2789 278 2842 88.
673 2785 747 2834 risse.
777 2786 812 2834 At
828 2784 892 2834 nihil
902 2784 970 2837 aliud
984 2784 1071 2838 dicere
1083 2785 1195 2838 voluisse

173 2852 217 2903 illi
233 2850 300 2921 ipsi)
317 2850 405 2900 Stoici.
674 2850 775 2901 videtur
790 2851 894 2915 Cicero,
912 2852 961 2902 nisi
976 2851 1041 2904 hoe:
1064 2853 1129 2904 Non
1145 2871 1194 2922 po-

173 2919 219 2988 qui
233 2918 317 2968 solum
329 2917 378 2967 hoc
390 2916 496 2981 malum)
514 2917 573 2968 Scil.
590 2917 641 2967 do·
673 2920 741 2969 stulo
758 2937 773 2969 a
791 2929 834 2982 te,
852 2930 881 2969 ut
895 2936 953 2970 cum
966 2920 1078 2988 Epicuro
1093 2920 1131 2973 de
1145 2922 1194 2973 do·

121 2987 211 3037 lorem.
245 2985 315 3035 Infra
327 2986 360 3036 V.
378 2991 420 3045 10,
433 2989 475 3043 31.
503 2984 582 3047 Utis,
598 2985 642 3053 qui
673 2984 728 3038 lore
745 2986 813 3036 idem
830 2987 962 3050 exclames,
979 2989 1050 3056 quod
1066 2988 1100 3039 de
1118 2990 1194 3041 rolu-

122 3052 165 3103 vel
182 3069 303 3103 summum
325 3052 367 3102 vel
382 3051 464 3102 solum
480 3051 575 3102 malum
591 3052 641 3104 do·
673 3064 753 3122 ptate,
771 3073 895 3124 sc.quam
910 3073 993 3107 suave
1007 3055 1123 3109 esc-icoc.
1141 3055 1193 3124 (Gi.

121 3120 204 3172 lorem
224 3136 278 3169 ease
293 3118 371 3170 dicat.
673 3121 740 3171 infra
752 3123 784 3172 V.
799 3127 847 3185 10,
861 3125 914 3191 31.)
931 3124 997 3174 Nam
1010 3123 1116 3192 Epicuri
1134 3141 1195 3177 ora·

175 3190 216 3253 10.
234 3185 639 3257 quibusEpieurusvoluptatem)
673 3188 711 3239 tio
727 3188 889 3240 vehementer
904 3207 988 3242 secum
1003 3209 1038 3260 pu
1146 3193 1190 3244 Bt-

123 3256 199 3307 Huuc
222 3254 307 3305 locum
321 3254 512 3322 interpolatoris
533 3271 641 3334 cormp-
674 3255 741 3306 enim
756 3257 800 3323 qui
820 3257 883 3308 alias
910 3256 942 3308 de
961 3259 1021 3309 volu
1146 3276 1195 3327 qus

123 3322 214 3375 tricem
228 3339 328 3374 manum
343 3338 494 3391 perpessum*
506 3339 574 3384 esse,
592 3322 641 3373 srbi
673 3323 855 3391 perfundatur,
878 3326 1002 3376 exclamat
1016 3328 1100 3395 qum
1109 3330 1195 3379 mse

122 3390 248 3458 persuasit
270 3390 408 3441 Bentleius.
453 3391 533 3452 Nam,
558 3389 642 3458 inquit
675 3402 715 3441 est
731 3391 795 3442 hcc!
812 3392 939 3458 quomodo
958 3393 1026 3444 idem
1049 3410 1120 3446 nunc
1145 3394 1193 3446 do-

124 3458 642 3578 tzitt³⁰t5ait³⁰55¹¹3.t⁰i“t2tzl
674 3459 1194 3586 ῙοηίῖἱῗέῗῑῖῗῗὶιῖἷῗὲῗῖἕῗἫ

123 3593 283 3710 {creduut
289 3605 376 3711 ἲηῖειιέ
392 3593 564 3710 άοζιέεηῌὼ
581 3612 642 3674 rer3
675 3593 709 3645 ad
721 3598 745 3714 ἓ.
760 3598 811 3712 Ξό.)
853 3595 970 3714 eceusitits
982 3548 1196 3677 philosophdium

124 3679 186 3778 ipa
200 3678 300 3778 osidius
318 3679 450 3796 piituliil?
468 3679 642 3802 llidilutililcus-¹
674 3679 830 3782 iriiiseioliirit
849 3681 995 3792 pgpuippnpr
1005 3675 1194 3785 vidiuinideistii:

125 3794 185 3845 dum
207 3803 294 3845 censet
312 3811 400 3846 rocem
416 3795 591 3865 voluptutem:
614 3797 642 3846 in
674 3795 737 3848 deos
756 3797 872 3849 dolorum
893 3798 1065 3866 magnitudine
1093 3800 1194 3852 eiulan-

125 3878 201 3930 quam
226 3861 379 3912 sententium
401 3860 570 3914 discesserunt
586 3865 642 3915 Du·
669 3873 714 3914 -tes
729 3863 864 3917 finxerunt.

125 3929 210 3990 visius,
226 3927 383 3992 Schuetzius,
399 3928 509 3981 Wolfius
527 3931 555 3982 in
568 3931 642 3999 prio-
728 3933 782 3998 cui)
798 3933 957 3986 Philoctetae
968 3945 997 3986 ut
1008 3933 1052 4003 qui
1068 3935 1148 3988 horno
1161 3935 1194 3986 sit

124 3995 226 4049 riedit.
259 3994 368 4046 Orellius
384 3997 479 4048 uncinis
496 3997 584 4050 cinxit.
608 4002 644 4048 At
678 3999 843 4052 concedamus
858 4012 887 4053 ut
901 4012 1001 4071 gemat:
1019 4003 1070 4054 ati
1089 4004 1193 4054 celler-

125 4082 187 4116 vero
195 4063 274 4116 lectio
283 4063 386 4144 vulgata
393 4082 447 4116 non
458 4076 555 4117 temere
568 4065 642 4117 solli·
677 4067 745 4118 cules
759 4066 821 4118 deus
836 4069 863 4119 in
877 4074 941 4122 Oeta
956 4071 1070 4138 maguitu
1090 4070 1130 4122 'ue
1144 4071 1193 4122 do·

126 4132 281 4185 citandaest.
298 4132 595 4185 NimirumBentleiusitr
609 4149 641 4184 eo
675 4135 758 4186 lorum
781 4135 866 4188 eiulat.
909 4139 1027 4191 Ceterum
1051 4139 1121 4208 quod
1142 4138 1192 4200 alii,

128 4199 229 4266 enavit,
245 4198 313 4269 quod
337 4200 437 4270 putarit
458 4201 535 4259 verbs
548 4198 641 4270 quibus
674 4211 703 4254 ut
709 4201 808 4255 Tullius
815 4203 841 4257 h.
855 4205 882 4270 l.‚
897 4205 1056 4261 Pffloetstse
1068 4207 1192 4265 tribuunt,
