2640 4626
117 199 140 267 6
526 203 787 255 rnonrconsns.

119 329 208 390 docet
225 327 321 401 enm,
344 326 384 386 ad
400 327 487 385 beate
505 325 670 385 vivendum
687 325 832 384 virtutem
851 346 882 386 se
899 326 966 404 ipse
984 343 1046 384 esse
1067 334 1191 384 conten-

118 443 182 493 tam
195 427 236 510 ²).
279 426 362 487 Licet
380 427 589 505 unusquisque
607 426 719 487 borum
742 427 892 487 librorum
913 426 1072 506 proprium
1096 427 1197 503 quod-

120 532 190 592 dam
206 539 236 591 et
248 529 402 609 peculiare
420 538 629 608 argumentum
644 537 830 608 pertractare
846 527 1005 603 videatur;
1029 548 1131 587 omnes
1148 537 1198 586 ta-

119 653 189 694 men
206 633 359 695 communi
376 633 507 710 quodam
521 631 671 690 societatis
687 631 812 690 vinculo
826 630 869 688 ita
884 630 965 689 iuter
979 651 1010 688 se
1026 628 1198 705 cohaerent,

120 745 156 796 ut
174 734 212 794 ed
230 755 325 793 unum
344 734 532 812 eundemque
548 732 639 792 finem
658 740 802 811 spectent.
846 731 966 790 Etenim
985 751 1087 790 omnes
1106 731 1199 809 quin-

122 857 181 917 que
197 836 269 895 libri
286 836 440 915 pertinent
460 835 498 894 ad
519 833 773 911 methodologiem
800 831 929 891 ethicam
953 853 1008 893 seu
1031 832 1199 910 asceticam,

122 958 212 1018 quam
235 937 329 1014 vulgo
353 928 477 1012 dicunt,
490 918 593 1014 quae,
616 934 766 1014 quomodo
776 976 786 1004 ,
808 934 930 993 remotis
954 934 1078 994 virtutis
1100 934 1199 1013 impe-

122 1039 273 1115 dimentis,
297 1038 486 1098 efficiendum
502 1038 558 1113 sit,
580 1046 616 1097 ut
632 1036 782 1116 appetitus
797 1035 909 1095 rationi
926 1021 1085 1112 obediant,
1108 1057 1200 1115 prae·

123 1140 213 1220 cipit:
237 1160 325 1217 quem
341 1140 463 1218 quidem
477 1140 579 1198 locum
590 1138 710 1198 Tullius
723 1138 857 1197 breviter
869 1136 1051 1217 perstrinxit
1064 1139 1097 1197 in
1111 1138 1200 1197 libris

123 1244 161 1303 de
186 1240 301 1300 Officiis
316 1239 354 1321 ³).
409 1241 531 1301 Scilicet
555 1251 700 1318 tanquam
723 1259 890 1314 summum,
922 1240 1004 1317 quod
1029 1260 1200 1318 sequamur,

123 1345 314 1424 propositum
332 1343 421 1403 nobis
439 1356 501 1402 esse
520 1341 624 1418 debet,
646 1351 682 1400 ut
697 1342 784 1400 beate
800 1340 948 1400 vivamus.
991 1342 1083 1401 Beata
1101 1352 1201 1401 autern

124 1446 187 1506 vita
205 1453 324 1505 constat
338 1447 371 1504 in
389 1445 482 1503 animi
499 1444 676 1518 constantia,
698 1432 920 1519 tranquillitate
935 1452 966 1502 et
978 1443 1200 1521 aequabilitate.

124 1548 157 1606 Si
174 1547 241 1625 quis
258 1546 353 1624 igitur
369 1548 463 1605 vitam
482 1547 598 1605 beatam
620 1543 763 1621 consequi
780 1543 867 1620 vult,
897 1544 1013 1603 efficere
1033 1544 1138 1620 debet,
1166 1553 1202 1604 ut

124 1648 235 1708 rationi
253 1647 397 1707 obediant
412 1649 578 1727 appetitus,
601 1646 760 1724 omniaque
775 1655 1002 1722 removeantur,
1025 1666 1101 1724 quae
1116 1647 1202 1705 illam

126 1750 221 1809 animi
239 1749 439 1809 constantiam
456 1749 635 1828 perturbare
651 1746 822 1807 videantur.
865 1747 913 1805 Ad
929 1768 961 1806 ea
979 1758 1094 1824 autem,
1126 1769 1202 1826 quae

125 1849 284 1910 hominum
300 1851 413 1910 animos
428 1851 535 1911 irrisere
552 1850 691 1909 enseiant
704 1858 793 1926 atque
808 1858 970 1926 macerant,
991 1849 1124 1929 pertinet
1137 1850 1202 1908 sine

126 1951 220 2012 dubio
243 1964 340 2010 metus
362 1957 479 2012 mertia.
523 1951 629 2029 Itaque
648 1950 680 2008 in
699 1947 746 2008 bis
764 1949 867 2026 libris,
896 1951 928 2009 in
953 1952 1063 2028 quibus
1082 1951 1203 2010 Tullius

128 2055 247 2127 omnia,
271 2074 346 2131 quac
366 2055 446 2113 vitae
464 2055 568 2113 beatae
585 2052 834 2128 adversarentur,
855 2073 1027 2129 removere,
1050 2073 1126 2130 quae
1145 2073 1203 2111 au-

127 2167 187 2214 tem
204 2175 269 2213 eam
285 2155 480 2230 adiuvarent,
504 2153 610 2212 efferre
625 2152 752 2228 studuit,
775 2155 926 2233 aptissime
939 2155 1038 2235 primo
1051 2154 1120 2214 loco
1135 2154 1202 2212 effi-

103 2256 272 2314 ciendum
295 2258 434 2334 putavit,
463 2265 499 2314 ut
522 2276 603 2313 mors
629 2264 880 2314 contemneretur.
931 2256 1026 2332 Nam,
1052 2265 1089 2315 ut
1107 2257 1203 2335 ipsius

128 2357 284 2416 Ciceronis
296 2355 324 2436 4)
347 2358 448 2416 verbis
471 2366 556 2431 utar,
580 2358 631 2434 qui
655 2356 705 2431 id,
729 2356 810 2433 quod
826 2357 918 2415 vitari
931 2379 994 2417 non
1007 2367 1115 2437 potest,
1137 2378 1202 2416 me-

129 2457 206 2531 tuit,
229 2458 254 2514 is
270 2458 376 2517 vivere
393 2457 492 2517 animo
512 2459 613 2536 quieto
631 2457 717 2516 nullo
734 2457 824 2516 modo
839 2468 955 2537 potest,
978 2460 1031 2519 sed
1049 2460 1117 2536 qui,
1140 2481 1203 2518 non

129 2558 218 2617 modo
244 2559 315 2636 quia
340 2579 459 2619 necesse
484 2570 528 2618 est
549 2560 642 2634 mori,
677 2578 783 2617 verum
811 2561 897 2620 etiam
921 2561 992 2638 quia
1011 2559 1089 2618 nihil
1112 2559 1205 2620 babet

128 2679 227 2735 mors,
257 2658 339 2737 quod
362 2661 402 2719 sit
424 2659 627 2735 horrendum,
656 2669 783 2720 mortem
805 2681 866 2720 non
887 2662 988 2739 timet,
1016 2683 1159 2741 magnum
1178 2663 1204 2721 is

21 2810 25 2829 ι
127 2760 188 2821 sibi
205 2761 390 2841 praesidium
409 2761 448 2821 ad
464 2764 582 2822 beatam
600 2762 695 2820 vitam
715 2773 875 2842 comparat.

214 2863 268 2922 Uti
283 2884 388 2941 mors,
410 2864 453 2923 ita
478 2864 613 2947 eorporis
635 2863 753 2924 dolores
775 2864 807 2923 in
832 2865 919 2924 malis
941 2864 1048 2926 baberi
1070 2875 1099 2925 et
1123 2866 1205 2926 vitae

129 2964 383 3042 tranquillitatem
401 2964 594 3026 vehementer
610 2967 789 3046 perturbare
810 2967 917 3026 solent.
959 2967 1065 3046 ltaque
1093 2989 1204 3027 secun-

130 3065 169 3124 do
191 3066 271 3125 libro
296 3067 428 3145 primum
445 3069 610 3146 quaesivit,
638 3078 746 3129 ,utrum
772 3068 860 3127 dolor
882 3069 916 3126 in
930 3070 1020 3128 'malis
1047 3070 1206 3129 ducendus

130 3178 216 3242 esset,
238 3188 343 3243 necne,
365 3180 409 3244 et,
432 3179 591 3248 postquam
605 3170 779 3250 principum
793 3168 1046 3250 philosophorum
1067 3171 1104 3230 de
1120 3193 1154 3230 ea
1171 3193 1206 3231 re

130 3268 292 3328 sententias
307 3271 446 3349 exposuit
467 3281 555 3350 atque
569 3272 761 3347 examinavit,
784 3272 881 3350 docet,
902 3274 1037 3333 dolorem
1054 3274 1104 3333 vel
1121 3273 1207 3333 vinei

131 3358 181 3430 vel
204 3370 329 3430 tolerari
345 3392 448 3451 posse,
470 3373 496 3432 si
512 3375 663 3453 appetitus
678 3374 879 3433 subiicientur
896 3376 1024 3436 rationi:
1046 3377 1079 3434 in
1096 3396 1155 3454 qua
1172 3397 1207 3436 re

131 3492 235 3532 veram
250 3474 426 3551 sapientiam
442 3477 534 3535 cerni.

218 3573 479 3647 Quemadmodum
513 3587 614 3637 autem
641 3579 759 3657 sapiens
784 3579 918 3658 corporis
947 3573 1208 3639 dolores'ratione

133 3675 331 3754 comprimere
348 3687 377 3737 et
397 3677 519 3738 domare
534 3679 639 3755 debet,
661 3699 699 3738 ne
716 3679 753 3738 iis
768 3681 909 3740 turbetur
921 3681 1002 3741 vitae
1019 3681 1205 3740 constantia:

132 3776 173 3835 ita
196 3797 311 3837 summa
329 3800 385 3859 ope
402 3781 468 3845 niti¹
481 3780 572 3842 debet
578 3826 587 3856 ,
608 3791 645 3840 ut
665 3780 782 3841 animus
799 3784 944 3843 liberetur
960 3784 1116 3843 doloribus
1137 3783 1208 3841 ani-

133 3877 184 3953 mi,
205 3879 226 3937 i.
241 3901 265 3939 e.
283 3868 469 3958 aegritudine
486 3882 671 3961 reliquisque
687 3884 779 3942 animi
791 3886 1082 3963 perturbationibus.
1115 3885 1209 3959 Quod

135 3981 285 4056 quomodo
304 3983 383 4044 effici
395 3993 512 4063 posset,
534 3984 740 4045 demonstrare
763 3999 888 4047 conatus
909 3998 954 4049 est
970 3989 1049 4048 libro
1066 3989 1158 4047 tertio
1178 3998 1209 4047 et

201 4148 227 4214 2)
245 4146 278 4198 de
294 4148 424 4229 Dirimll.
442 4156 467 4208 1.
507 4153 533 4218 3)
552 4153 579 4203 I·
595 4156 644 4215 29,
662 4156 720 4212 iffl·
736 4154 776 4206 V·
801 4155 880 4205 Beier.
907 4154 1026 4206 adOffic.
1043 4157 1062 4205 1.
1079 4160 1104 4213 3.
1123 4173 1148 4224 p.
1168 4159 1207 4214 18

134 4212 162 4279 4)
186 4214 288 4267 tuscul.
306 4218 377 4284 rap.
395 4218 426 4268 11.
447 4223 477 4279 1,
494 4223 520 4278 2.
832 4246 834 4251 ·
