2640 4626
214 217 275 286 sto
459 224 1034 281 ruscmsunnuunnrarsmouuu

215 366 264 422 cst
287 346 376 421 enim
398 343 573 430 laborare,
600 342 690 415 aliud
705 341 824 416 dolere.
876 343 908 415 0
925 342 1100 417 verborum
1116 344 1221 445 inops
1236 347 1279 417 in·

213 451 355 534 terdum,
370 445 490 546 quibus
502 445 671 519 abundare
686 461 718 518 te
733 446 864 545 semper
877 461 985 544 putas,
1001 444 1161 519 Graecia!
1189 446 1279 535 aliud,

215 555 360 652 inquam,
376 566 425 622 est
440 546 561 634 dolere,
577 546 666 619 aliud
683 546 842 622 laborare.
868 575 968 646 quum
984 548 1111 622 varices
1128 549 1280 623 secaban-

213 673 268 729 tur
294 656 328 727 C.
354 651 482 737 Mario,
510 649 658 724 dolebat:
687 678 787 748 quum
812 666 903 723 aestu
928 679 1049 749 magno
1068 650 1218 726 ducebat
1233 678 1281 750 ag-

214 786 299 844 men,
325 753 505 828 laborabat.
554 752 614 824 Est
633 751 719 825 inter
735 751 815 825 baec
829 769 937 825 tamen
952 753 1114 852 quaedam
1129 760 1149 808 ³
1171 752 1280 828 simili-

214 861 304 934 tudo.
331 855 536 930 consuetudo
559 855 645 928 enim
675 853 826 927 laborum
853 855 1103 954 perpessionem
1132 855 1281 929 dolorum

213 962 343 1038 efficit⁶
365 958 555 1032 faciliorem.
607 967 663 1036 36.
688 957 802 1056 ltaque
818 956 876 1043 illi,
903 957 959 1057 qui
970 957 1131 1031 Graeciae
1145 958 1282 1032 formam

211 1093 323 1140 rerum
341 1060 547 1161 publicarum
565 1059 735 1145 dederunt,
762 1087 903 1158 corpora
919 1060 1073 1133 iuvenum
1093 1059 1224 1133 firmari
1240 1060 1282 1134 la·

212 1169 294 1241 bore
314 1163 495 1237 voluerunt.
521 1162 610 1260 quod
628 1161 812 1260 Spartiatae
834 1161 929 1235 etiam
958 1161 992 1234 in
1020 1161 1165 1236 feminas
1182 1181 1281 1236 traua

212 1270 373 1352 tulerunt:
400 1295 482 1364 quae
504 1263 620 1338 ceteris
644 1264 679 1336 in
692 1263 833 1336 urbibus
854 1262 1050 1337 mollissimo
1070 1262 1162 1338 cultu
1179 1265 1281 1366 parie-

212 1390 283 1445 tum
308 1369 436 1444 umbris
462 1365 663 1441 occuluntur.
713 1365 767 1438 Illi
789 1382 897 1439 autem
924 1364 1097 1443 voluerum
1111 1367 1200 1441 nihil
1227 1367 1280 1441 bo

212 1503 286 1549 rum
301 1471 409 1547 simile
426 1498 498 1544 esse

709 1560 791 1669 apud
812 1591 959 1650 Lacaenas
980 1590 1131 1669 virgines3

281 1678 391 1753 ,Queis
412 1676 499 1753 magi‘
520 1674 687 1754 palaestra,
709 1677 840 1747 Eurota,
862 1676 925 1749 sol,
947 1676 1069 1756 pulvis,
1089 1677 1183 1737 labor

298 1762 424 1824 unisse
438 1759 538 1820 uum
561 1769 621 1834 at,
644 1778 733 1837 quam
754 1759 890 1819 sennim
911 1760 1079 1823 annuat.
1312 1732 1314 1825 l

212 1883 302 1978 Ergo
332 1877 384 1950 his
410 1873 587 1947 laboriosis
613 1872 903 1946 exercitationibus
933 1892 964 1948 et
978 1874 1075 1948 dolor
1091 1873 1274 1949 intercurrit

212 2000 478 2078 nonnumquam:
514 1974 745 2075 impelluntur,
779 1975 957 2063 feriuntur,
985 1976 1205 2066 abiiciuntur,
1230 2005 1273 2049 ca-

213 2087 312 2171 dunt3
338 2098 370 2156 et
385 2081 457 2180 ipse
472 2079 567 2152 labor
582 2077 674 2177 quasi
690 2076 809 2151 callum
824 2079 992 2179 quoddam
1007 2079 1149 2154 obducit
1165 2078 1272 2154 dolori

278 2293 294 2344 5
312 2290 354 2337 Or.
372 2303 393 2335 c.
401 2285 430 2333 R.
439 2286 470 2333 D.
488 2281 617 2352 quaedam
632 2294 727 2331 tamen.
760 2286 778 2340 6
796 2281 838 2333 Sic
853 2282 1003 2350 cumpaucis
1017 2293 1042 2334 et
1056 2281 1185 2349 vulgar-ib.
1204 2281 1273 2336 esda

212 2354 293 2407 Gebh.
310 2338 369 2403 u'm.
383 2381 415 2390 -
432 2353 463 2401 D.
482 2352 542 2401 eIi.
561 2360 587 2400 et
600 2350 639 2399 El.
657 2359 716 2401 tert.
734 2348 844 2416 efficiat.
866 2350 1007 2419 Perperam.
1024 2349 1160 2469 -Maed
1179 2349 1214 2401 ali
1232 2357 1275 2400 .ct

1150 2435 1206 2470 uno

210 2424 346 2542 pleraeque
360 2419 423 2498 Edd.
437 2428 499 2469 vett.
517 2416 624 2486 efficiet.
642 2420 684 2467 Or.
702 2434 768 2485 susp.
786 2415 934 2485 efficiebat,
959 2427 988 2469 ut
1005 2418 1037 2468 de
1261 2416 1274 2466 i
1311 2420 1314 2517 q

222 2500 311 2543 ocutus
327 2499 359 2539 sit
375 2488 426 2539 Cic.
461 2488 525 2544 7V.
544 2485 609 2536 adn.

260 2621 373 2688 varices)
396 2622 428 2672 V.
447 2620 546 2670 Ernesti
563 2619 630 2670 Clav.
648 2619 728 2670 Cicer.
764 2621 933 2672 bormilitiae
946 2620 1162 2688 noncapiendum
1171 2631 1275 2690 estpro-

211 2716 230 2744 ι.
250 2710 274 2741 v.
298 2694 337 2741 De
353 2684 451 2753 reipsa
467 2687 501 2736 ai.
518 2686 584 2735 infra
599 2704 621 2736 c.
638 2692 680 2747 22,
697 2692 731 2745 53
763 2689 818 2757 pria
831 2688 966 2750 sententia,
984 2686 1029 2738 sed
1046 2687 1079 2738 de
1098 2688 1192 2756 quavis
1208 2688 1274 2739 lubo-

211 2760 275 2812 Plin.
292 2760 325 2807 H.
341 2757 374 2805 N.
391 2757 445 2815 XI,
468 2756 509 2810 45.
527 2752 654 2803 Plutarch.
664 2756 728 2804 Mar.
764 2756 830 2806 n‘osa
854 2755 1050 2806 exercitatione:
1077 2755 1169 2823 quales
1182 2753 1274 2807 institui

211 2829 347 2896 p.408.-
367 2823 429 2871 Mox
444 2820 476 2870 dc
494 2820 570 2870 verbo
588 2819 729 2872 laborandi
762 2824 846 2873 solent
872 2842 887 2873 a
911 2822 1042 2873 militibus.
1095 2823 1207 2875 Scilicet
1233 2822 1275 2872 hoa

210 2895 288 2944 docte
310 2900 434 2956 acuteque
458 2887 510 2954 egit
533 2889 675 2940 Gernhard.
696 2889 729 2939 ad
762 2909 838 2941 unum
859 2891 964 2941 verbum
992 2891 1177 2969 complectitur
1199 2889 1274 2942 studia

211 2962 268 3011 Cat.
283 2957 343 3008 Mai.
360 2958 415 3018 VII,
432 2957 474 3014 24.
493 2974 518 3023 p·
533 2955 576 3013 46.
762 2975 827 3026 quae
859 2957 963 3023 singuiis
987 2958 1131 3009 nomrmbus
1156 2958 1273 3010 denotata

259 3028 303 3082 36.
330 3022 402 3094 apud
431 3027 570 3074 Lacaenas
597 3024 727 3094 virgineo)
761 3026 1011 3093 praemissasunt.-
1026 3024 1273 3078 Fertilitasbarba·

111 3108 114 3113 ⁴
210 3094 252 3146 sic
260 3093 307 3143 has
315 3090 452 3142 versiculos
462 3091 572 3141 senarios
588 3092 621 3142 ad
638 3109 728 3141 nume-
761 3111 802 3143 ra.
828 3094 983 3144 Hoecverba
998 3092 1134 3160 insigniter
1148 3099 1273 3146 torserunt

211 3179 254 3213 ros
269 3176 328 3210 suos
341 3162 391 3209 los.
411 3159 523 3223 Scaliger
546 3159 659 3225 redegit,
680 3158 727 3209 nisi
762 3163 930 3228 interpretes:
949 3160 992 3228 qui
1000 3161 1115 3229 plerique
1131 3177 1224 3213 omues
1237 3159 1273 3209 in·

210 3227 279 3298 quod
295 3244 348 3277 non
368 3236 438 3277 recte
455 3226 489 3276 ad
503 3225 611 3293 primum
628 3244 726 3277 versum
759 3237 933 3297 terpretantur
956 3225 1135 3296 fertilitatem
1167 3234 1272 3284 uoluat·

210 3296 287 3347 verba
307 3294 380 3345 nitil
399 3295 492 3344 horum
514 3294 615 3355 simile,
635 3293 726 3344 omissa
759 3301 849 3357 uulua,
867 3306 909 3357 et,
927 3305 956 3345 ut
972 3296 1045 3346 addit
1060 3296 1174 3347 Orellius
1199 3309 1272 3366 „quse

209 3380 273 3414 voce
295 3380 354 3413 esse
374 3362 478 3423 retulit,
502 3359 528 3410 in
542 3360 633 3410 ultimo
651 3379 724 3411 versu
759 3362 812 3414 eius
831 3380 917 3413 caussa
942 3363 1076 3413 videbator
1099 3375 1215 3433 poetae,
1229 3380 1271 3431 μα·

209 3431 339 3497 vulgatam
352 3430 490 3481 lectionem
509 3427 630 3477 retinuit:
649 3446 725 3495 quam
758 3431 902 3498 χλοσύνην.
946 3431 1154 3482 Obversabantur
1183 3431 1208 3482 ei
1236 3446 1271 3480 se·

209 3509 280 3549 reate
295 3498 397 3548 ridetur
414 3495 552 3549 correxisse
567 3494 678 3545 Wollius
694 3495 725 3545 de
758 3498 911 3567 ptemdecim
917 3499 1039 3557 Hecubae
1050 3497 1132 3563 liberi,
1150 3499 1271 3568 quinqua·

209 3565 289 3616 Bouh.
307 3566 372 3616 coni.
391 3566 418 3615 in
434 3565 549 3615 militiae
568 3562 671 3624 studio,
696 3573 726 3612 ut
758 3567 830 3633 ginta
859 3566 967 3628 Priami,
1002 3565 1101 3628 Danai,
1135 3565 1271 3635 Aegypti·“

209 3632 335 3699 genitivus
352 3633 464 3700 pendeat
478 3649 527 3682 ar.
541 3630 623 3681 labor.
658 3629 725 3679 Vul-
758 3632 891 3684 Sententia
907 3633 986 3700 igitur
999 3633 1048 3684 erit
1063 3632 1143 3685 haec:
1170 3638 1272 3703 Spum-

228 3715 261 3760 a,
279 3716 328 3749 nec
345 3700 420 3750 aliter
436 3699 463 3749 in
479 3698 589 3749 Ernestii
604 3698 724 3761 editione,
758 3703 797 3752 nis
810 3700 947 3769 virginibus
962 3700 1214 3781 magiscamefuisse
1245 3716 1271 3749 e·

210 3716 658 3834 iaecprosaicotenarelegebantur
674 3765 724 3815 sio:
758 3768 868 3819 laestrae
884 3768 1098 3830 exercitationes,
1116 3768 1229 3838 quamh
1282 3780 1288 3789 '

210 3832 283 3902 opud
303 3835 335 3883 L.
355 3833 493 3904 uirgines:
539 3832 614 3884 uibus
637 3833 739 3902 aragia
759 3854 843 3887 rorum
860 3836 1078 3904 procreationem:
1096 3853 1165 3919 quse
1181 3834 1272 3889 scilieet

208 3919 247 3970 μ,
263 3903 395 3962 Eurotas,
412 3918 449 3963 a,
463 3917 501 3968 μ,
547 3899 605 3964 bor,
625 3902 724 3951 militia
757 3914 919 3955 externorum
933 3904 1087 3972 populorum
1102 3903 1269 3955 laminiana-

209 3971 240 4020 in
261 3968 352 4020 studio
376 3980 430 4030 est,
455 3985 532 4035 quam
548 3965 575 4036 s.
596 3967 620 4019 b.
645 3967 723 4019 Orell.
756 3970 825 4021 ximo
847 3971 932 4022 studio
965 3971 1007 4023 sit.
1041 3970 1190 4024 Ridiculum
1214 3984 1269 4023 sm
1311 3984 1314 4047 l

211 4036 305 4087 cumL.
319 4038 350 4086 D.
358 4033 509 4099 LalLlegit:
526 4033 608 4098 labor,
618 4034 724 4087 Militia
757 4048 941 4101 commentum,
965 4056 1048 4108 neque
1071 4056 1104 4090 ex
1126 4039 1213 4092 verbis
1226 4053 1267 4088 ex·
1310 4058 1314 4097 r

209 4103 396 4155 studiaeat.-·
412 4101 722 4155 Eurotalatinadecliua-
755 4105 924 4158 tundendum!
942 4107 1005 4158 Com
1020 4106 1143 4159 Turuebo
1157 4104 1265 4177 aiiifsr·
1312 4142 1314 4155 .

208 4172 281 4223 done
295 4189 346 4242 pro
370 4175 494 4221 Eurotas.
529 4172 560 4222 V.
580 4167 721 4221 liamsborn
755 4173 880 4225 tilitatem
893 4174 1023 4244 proluxu,
1041 4174 1140 4228 deliciis
1156 4185 1264 4229 etism

196 4240 257 4292 Lat.
276 4241 391 4294 Graium.
409 4243 433 4316 ᾗ.
448 4242 491 4303 26.
509 4258 536 4312 p.
549 4242 634 4301 38.-
669 4239 726 4291 Ira·
759 4240 916 4294 abundantia
928 4253 1094 4311 acceperam:
1120 4260 1198 4313 quam
1212 4255 1263 4295 sta·
