2640 4626
408 191 516 241 uinux
532 190 651 240 neuun
667 190 710 240 rc
726 180 900 243 sonuum.
1075 246 1078 253 ,
1125 178 1189 246 393

108 295 267 372 ¹Cordatus‚
283 309 389 377 sapiens.
407 325 432 373 p.
448 311 488 365 61.
505 325 527 357 a.
701 298 1108 385 Describerepropriediciturde
1122 325 1190 374 geo-.

119 377 273 429 Cornicibus
296 377 348 427 vitu
369 373 519 442 longissima
541 373 635 425 tribui-
701 385 837 426 metrurum
850 375 936 441 figuris
949 376 990 425 vel
1003 375 1185 426 delineationi-

154 458 204 496 tur.
223 465 248 513 p.
265 449 321 504 109.
337 444 361 493 b.
701 443 756 492 bus.
773 448 814 500 76.
832 445 857 494 b.

98 557 101 561 .
120 519 232 564 Corona.
249 533 275 581 p.
290 519 329 570 55.
345 512 370 562 b.
667 511 764 563 Dicere
786 510 818 560 de
839 510 1001 579 philosophis
1019 528 1067 580 pro
1085 509 1185 562 docere.

119 587 251 650 Corpora,
269 582 402 630 elementa.
420 597 445 645 p.
461 581 502 636 78.
520 597 544 628 u.
701 598 726 646 p.
745 579 802 636 224.
822 596 844 628 u.

120 654 235 699 Crantor
260 649 292 698 dc
316 647 386 698 luctu
410 646 501 696 librum
523 644 634 713 scripsit.
668 649 787 723 Dictatu.
804 663 830 723 p.
850 649 908 724 162.
925 645 951 696 b.
1024 713 1030 725 .
1110 705 1112 709 Ι

119 723 293 834 Crlidrioriiilri.
325 783 356 832 V.
374 801 394 831 s.
409 799 433 831 v.
451 781 618 830 mihicrede.
667 713 1186 850 311110111111111113511011111138.1011111111

120 853 206 902 Credo
221 851 327 911 ironice,
344 860 414 898 extra
430 866 520 898 nexum
536 849 635 898 oratio-
702 867 727 915 p.
746 852 804 906 363.
820 849 845 898 b.

122 928 126 933 '
153 919 193 969 nis
210 918 326 984 positum.
344 935 370 984 p.
387 922 428 974 88.
444 934 465 966 u.
480 916 506 965 b.
523 921 583 974 223.
597 915 621 965 b.
668 917 777 984 Digna,
802 915 902 966 leviter.
927 934 951 983 p.
975 920 1032 974 337.
1051 918 1076 968 b.
1094 917 1188 987 Digiio

120 987 207 1041 Credo
239 986 333 1035 urbane
366 1001 412 1052 pro
445 984 517 1033 liaud
551 983 635 1033 dubie.
702 983 832 1050 lmpellere
848 984 955 1032 ianuam.
973 1003 999 1053 p.
1017 988 1077 1043 298.
1095 984 1120 1035 b.

154 1073 179 1120 p.
197 1057 253 1111 162.
271 1070 293 1101 a.
668 1051 800 1116 Dionysii
812 1050 872 1099 duo.
890 1069 916 1117 p.
934 1056 993 1108 215.
1012 1070 1035 1101 a.

120 1122 315 1190 Cresphontes,
365 1117 450 1168 fabula
499 1117 635 1185 Euripidis.
668 1119 798 1183 Dionysii
812 1135 910 1167 uxores.
929 1137 952 1184 p.
968 1123 1026 1176 339.
1044 1119 1069 1169 b.

155 1208 180 1256 p.
199 1189 306 1245 14011.Ι
396 1184 398 1192 '
667 1188 807 1254 Dispicere
829 1184 889 1252 quid
908 1185 1042 1250 significet,
1058 1205 1085 1253 p.
1102 1191 1143 1243 82.
1162 1187 1192 1245 b.

120 1257 236 1306 Critolai
251 1253 329 1303 libra.
345 1271 371 1320 p.
386 1256 443 1309 336.
458 1252 484 1302 b.
667 1255 814 1321 Disputare
829 1253 865 1301 od
881 1253 991 1320 aliquid.
1008 1272 1034 1320 p.
1052 1259 1110 1309 210.
1128 1255 1152 1303 b.

120 1321 284 1375 Cuicuimodi
299 1332 354 1380 est,
371 1331 440 1369 sunt.
458 1339 483 1387 p.
498 1324 562 1378 251.
570 1321 595 1371 b.
667 1321 837 1381 Dissoloere,
855 1321 973 1370 reiuture.
990 1339 1016 1387 p.
1033 1323 1092 1378 24-1.
1111 1338 1133 1369 a.

121 1391 266 1460 cuppedia.
283 1408 309 1454 p.
324 1392 381 1447 269.
398 1387 423 1436 b.
668 1387 825 1453 Distribute.
843 1406 869 1454 p.
889 1391 945 1443 149.
965 1391 988 1436 a'.

120 1464 208 1507 Curae
216 1457 248 1508 de
257 1455 342 1505 studio
352 1454 502 1503 litterarum.
512 1471 537 1519 p.
545 1455 602 1511 345.
610 1453 635 1503 b.
669 1456 814 1506 Divinitas.
832 1474 858 1521 p.
876 1458 933 1510 253.
952 1472 975 1503 a.

120 1531 271 1596 Cygnorum
286 1522 314 1571 in
329 1531 411 1570 morte
428 1509 523 1571 subtus.
540 1540 566 1589 p.
579 1526 636 1579 104.
668 1524 788 1582 Diuisus,
801 1522 882 1582 dutus,
898 1520 1054 1570 distributus.
1063 1540 1088 1589 p.
1097 1525 1153 1578 160.
1162 1521 1187 1571 b.

154 1613 177 1642 u.
195 1594 220 1641 b.
669 1592 752 1640 Dolor
782 1587 881 1655 (ἄλγος)
913 1598 939 1638 et
971 1588 1045 1638 labor
1077 1587 1188 1654 (πόνος).

120 1658 254 1728 Cyrenaei
269 1667 296 1707 et
313 1656 464 1724 Cyrenaici.
482 1674 507 1722 p.
524 1659 580 1714 130.
596 1674 619 1706 a.
705 1677 729 1724 p.
749 1660 805 1713 169.
826 1675 849 1705 a.
867 1656 892 1705 b.

327 1752 338 1775 s
670 1725 823 1774 Domestica
839 1724 915 1773 uitia.
933 1741 958 1789 p.
981 1723 1080 1780 10411.
1173 1762 1180 1772 „

259 1794 267 1802 “
359 1829 395 1876 Β·
670 1794 799 1845 Dominus
825 1791 1048 1908 bgladiatorum,
1088 1790 1188 1840 lanista.

725 1864 807 1916 ·175·
844 1895 851 1907 ·

122 1934 211 1989 Dare,
229 1927 375 1978 concedere.
393 1944 418 1994 p.
437 1930 478 1984 66.
498 1943 521 1975 a.
672 1879 785 1988 Dribito,
819 1943 854 1974 an
890 1942 936 1992 pro
963 1924 1066 1988 dubito,
1092 1943 1188 1976 annon.

123 1995 228 2045 Deberi.
246 1995 304 2045 Tibi
324 1995 373 2045 hoc
393 1993 469 2044 video
489 2009 541 2043 non
565 2008 640 2060 posse
706 2014 731 2062 p.
750 1999 809 2051 285.
828 2012 851 2042 a.
868 1993 893 2042 b.

149 2063 250 2112 :deberi
268 2082 294 2130 p.
313 2066 371 2121 194.
389 2061 415 2111 b.
672 2061 784 2122 Dudum,
795 2060 880 2119 modo,
895 2059 982 2127 paullo
989 2070 1090 2127 antep.
1100 2063 1156 2117 108.
1164 2060 1192 2109 b.-

121 2134 280 2180 Decantore.
297 2150 322 2198 p.
336 2136 394 2187 232.
412 2131 437 2180 b.
672 2133 749 2190 Dum,
766 2127 922 2194 imperativis
935 2121 1062 2187 additum,
1079 2138 1107 2176 ut
1122 2145 1189 2197 age-

120 2199 259 2248 Deeedere.
276 2217 301 2266 p.
316 2203 372 2256 188.
392 2197 417 2247 b.
707 2197 775 2258 dum,
793 2195 922 2246 tacedum.
937 2213 963 2263 p.
982 2199 1038 2252 177.
1053 2194 1078 2244 b.
1095 2198 1151 2252 178.
1167 2213 1190 2245 a.
1258 2235 1260 2239 ,
1303 2224 1317 2249 a

119 2268 197 2317 Decii
214 2279 276 2315 tres.
295 2285 320 2332 p-
340 2272 398 2323 120·
672 2267 730 2314 Duo
756 2274 782 2313 et
806 2262 879 2312 antbo
904 2261 1074 2312 accusativum
1097 2261 1192 2311 habent

118 2335 302 2393 Declamatio,
319 2330 503 2400 disputationes
519 2330 638 2399 philoso-
706 2342 750 2380 aut
775 2331 826 2380 duo
851 2341 874 2380 et
897 2328 986 2389 ambo,
1008 2340 1053 2379 aut
1078 2329 1143 2380 duos
1164 2337 1192 2379 et

152 2401 254 2467 phicae.
272 2419 297 2466 p.
314 2403 356 2458 54.
375 2418 398 2449 a.
706 2397 801 2448 ambos.
819 2417 845 2466 p.
866 2401 924 2456 137.
941 2399 967 2448 b·
987 2400 1044 2455 138·
1062 2415 1085 2448 u.

118 2469 306 2519 Declarnitar'e.
324 2487 348 2536 p.
366 2473 406 2525 53.
424 2469 449 2517 b.
587 2482 589 2489 ’
1187 2472 1190 2479 ’

119 2536 232 2585 Decolor
249 2535 309 2602 quid
325 2535 456 2601 significet.
473 2554 500 2602 p.
519 2537 576 2593 158.
591 2552 613 2585 a.

119 2605 225 2654 Dedere
241 2621 270 2653 se
284 2602 439 2654 libidinibus
454 2603 553 2668 grevius
569 2618 643 2669 quum
919 2605 950 2651 Ε.

157 2672 233 2721 dare.
250 2688 275 2737 p.
296 2675 351 2728 104.
371 2688 394 2719 a.

120 2740 225 2788 Dedere
250 2756 279 2786 se
295 2740 325 2787 in
345 2738 457 2806 aliquid.
475 2755 500 2804 p.
517 2741 559 2796 53.
578 2755 600 2786 a.
615 2736 644 2803 b.
675 2736 795 2786 Ebullire
817 2736 849 2786 dc
869 2736 1013 2787 virtutibus.
1039 2754 1065 2804 p.
1090 2739 1150 2794 226.
1168 2752 1191 2784 a.

120 2808 263 2855 Dedocere.
278 2823 303 2870 p.
324 2810 383 2863 187.
403 2806 425 2853 b.
675 2809 713 2854 Ec
729 2804 802 2866 erre,
821 2804 931 2855 vincere}
949 2823 975 2872 p.
994 2808 1053 2862 296.
1073 2804 1098 2852 b.

121 2873 307 2942 Defensioues.
326 2892 351 2940 p.
370 2875 410 2929 45.
429 2889 451 2920 a.
674 2877 697 2924 E
706 2873 792 2938 ficere
806 2871 963 2921 construitur
977 2881 1005 2920 et
1018 2889 1074 2920 curn
1087 2887 1194 2920 accuss-
1251 2923 1254 2928 .

121 2942 248 3008 DeJluere
271 2939 304 2989 ad
324 2938 490 3005 elegantiora.
514 2958 539 3006 p.
556 2943 597 2996 96.
615 2956 638 2988 u.
706 2939 764 2990 tivo
787 2948 813 2988 et
829 2939 961 2989 infinitivo
972 2948 1000 2988 et
1014 2957 1070 2988 cum
1084 2936 1193 2987 coniun-

154 3039 186 3046 —
202 3025 249 3075 pro
266 3008 365 3056 sensim
380 3006 476 3056 delabi.
496 3025 521 3074 p.
537 3011 595 3064 341.
613 3007 639 3056 b.
707 3007 793 3069 ctiuns
816 3016 885 3056 utet
901 3005 1074 3056 coniunctius.
1090 3023 1116 3072 p.
1137 3008 1193 3061 109.

119 3077 251 3126 Deiicere.
269 3093 295 3141 p.
314 3079 355 3132 58.
373 3076 398 3124 b.
708 3093 732 3123 a:
748 3075 774 3124 b.

120 3145 212 3193 Deiici
230 3143 261 3191 de
276 3143 410 3192 sententia.
429 3161 455 3210 p.
475 3142 531 3198 154.
550 3158 572 3190 u.
674 3145 767 3211 Egone
775 3153 804 3191 ut
813 3154 839 3190 te
851 3141 1037 3210 interpellem?
1053 3157 1078 3209 p.
1095 3143 1151 3198 176.
1167 3136 1194 3187 b.

121 3212 248 3280 Deligere
269 3220 296 3258 et
320 3211 420 3278 eligere
434 3208 495 3275 quid
511 3208 639 3258 diuersus.
674 3211 780 3260 Eilcere
794 3226 889 3259 vocem,
907 3229 934 3278 p.
954 3214 1010 3267 185.
1028 3209 1053 3257 b.

152 3298 179 3346 P·
198 3280 255 3335 145·
274 3279 298 3326 b·
318 3279 376 3334 146.
395 3296 416 3327 a.
674 3277 828 3338 Eiusmodi,
847 3278 962 3326 absolute
985 3275 1110 3343 positum,
1128 3291 1196 3323 nun·

119 3348 277 3396 Deminuere
301 3355 326 3394 et
349 3346 496 3404 diminuere
516 3343 576 3412 quid
589 3343 643 3393 dif—
710 3363 784 3412 quum
811 3362 858 3411 pro
885 3346 938 3406 sie,
964 3356 1019 3404 ita,
1046 3344 1095 3390 lioc
1121 3340 1197 3390 modo
1276 3381 1281 3393 .

155 3415 245 3462 ferant.
263 3431 289 3479 p.
307 3417 365 3470 100.
383 3414 407 3463 b.
710 3412 791 3479 accipi
807 3421 902 3478 potest.
920 3430 946 3481 p.
961 3415 1020 3468 306.
1038 3411 1069 3460 V.
1088 3409 1119 3456 L.

119 3483 317 3537 Deminutiourn
332 3498 388 3529 cum
403 3479 559 3536 deminutivo
577 3496 642 3529 con-
675 3482 845 3550 Eleganter,·
883 3478 1033 3548 elegantia,
1076 3475 1194 3546 elegans.

155 3548 275 3598 iunctum.
294 3567 319 3615 p.
339 3553 395 3607 196.
415 3549 440 3597 b.
709 3567 734 3616 p.
749 3552 791 3605 90.
810 3564 833 3596 a.
851 3546 877 3596 b.

119 3619 338 3665 Demonstratiuo
342 3612 499 3685 pronomina
512 3613 641 3666 omittun-
675 3617 813 3665 Elementa
829 3623 957 3681 quattuor.
975 3632 1001 3680 p.
1019 3613 1060 3669 64.
1079 3629 1102 3660 a.

155 3694 205 3745 tur,
224 3693 343 3750 sequente
359 3682 511 3751 pronomine
524 3680 641 3731 relativo.
674 3684 800 3743 Elidere,
819 3682 950 3748 frangere,
968 3687 996 3729 u't
1019 3679 1119 3729 elidere
1133 3695 1196 3726 ner-

153 3769 180 3817 p.
198 3755 256 3808 319.
276 3767 297 3799 a.
315 3752 340 3799 b.
707 3768 755 3801 nos
778 3750 895 3800 uirtutis.
922 3767 947 3817 p.
973 3752 1029 3805 163
1056 3765 1078 3796 a.
1096 3749 1154 3803 316.
1172 3745 1197 3794 b.

119 3819 286 3887 Deponentia
293 3817 400 3885 passive.
409 3837 435 3886 p.
443 3819 505 3876 217.
512 3815 537 3865 b.
546 3819 605 3873 218.
616 3833 639 3864 a.
709 3819 809 3867 elidere
824 3817 974 3886 stirpesp.
991 3819 1050 3873 251.
1069 3833 1091 3864 a.
1111 3814 1137 3862 b.

122 3887 290 3954 Deprecari,
338 3885 456 3954 precibus
504 3883 639 3952 depellere.
674 3886 784 3955 Eligere
807 3894 833 3934 et
856 3885 975 3954 deligere
992 3882 1053 3953 quid
1070 3881 1198 3938 differant.

173 3958 255 4011 338·
274 3970 297 4002 a.
727 3955 810 4012 0115·
831 3954 855 4003 b·
876 3954 932 4010 146-
951 3969 974 4002 a.
1267 3967 1269 3971 ·

120 3972 277 4089 Deiirrimere
307 4019 340 4069 de
368 4020 442 4071 lance
466 4008 641 4087 metaphorice
674 3972 787 4088 Eliigia,
804 4029 1025 4077 monumentorum
1058 4015 1130 4068 tituli
1159 4013 1199 4065 vel

138 4089 259 4143 'dictunu
277 4107 302 4155 p.
321 4092 379 4147 336.
401 4088 425 4137 b.
709 4086 899 4157 inscriptiones.
916 4107 942 4155 p.
955 4091 1001 4145 71.
1020 4088 1045 4136 b.

121 4157 335 4226 Descriptiones,
353 4156 449 4207 formae
464 4154 640 4222 geometricae.
676 4156 803 4206 Eminens
819 4153 923 4223 effigies.
941 4173 966 4222 p.
985 4159 1044 4214 198.
1061 4153 1087 4203 b.
