2640 4626
108 4144 139 4193 1

197 224 262 293 278
443 230 727 284 ruscumusuuu
742 228 1025 281 ursrurrrrouun

199 352 344 450 gestiens
363 348 582 449 deliqueseat,
608 348 637 420 is
653 363 703 420 est
717 347 869 446 sapiens,
895 373 993 447 quern
1012 345 1223 445 quaerimus,
1245 345 1271 417 is

201 470 250 528 est
271 454 405 529 beatus:
434 451 488 524 cui
511 448 596 523 nibil
622 451 840 522 burnauarnrn
862 477 974 529 rerum
997 464 1053 521 aut
1068 447 1271 521 intolerabile

201 557 244 629 ad
269 554 507 628 demittendum
527 554 692 639 animum,
718 568 772 624 aut
789 552 888 624 nimis
902 550 1055 625 laetabile
1074 551 1119 623 ad
1136 549 1269 624 ettenn-

201 659 281 731 durn
306 657 410 730 videri
434 672 551 756 potest.
577 654 660 755 quid
681 654 770 728 enirn
785 654 935 727 videatur
951 656 981 728 ei
999 682 1161 751 magnum
1178 653 1268 726 inre-

199 761 264 834 bus
297 760 469 846 humanis,
504 759 557 830 cui
591 756 766 831 aeternitas
803 758 929 844 omnis,
961 756 1132 855 totiusque
1160 756 1267 828 muudi

200 878 277 935 nota
301 863 343 934 sit
367 860 586 960 magnitudo?
610 888 689 932 nans
710 858 821 959 quid⁸
848 861 954 932 autin
971 858 1092 932 studiis
1111 858 1266 943 humanis,
1312 871 1313 906 v

201 965 313 1037 autin
338 981 406 1037 taur
433 964 549 1061 exigua
572 963 731 1036 brevitate
756 963 861 1049 vitae,
886 989 1042 1059 maguum
1067 961 1213 1060 sapienti
1227 961 1266 1032 ri·
1310 969 1313 1009 t

202 1067 273 1140 deri
295 1081 423 1166 potest,
449 1065 507 1167 qui
529 1092 661 1165 semper
688 1063 799 1137 anirno
830 1066 879 1137 sic
903 1064 1060 1150 excubat,
1086 1079 1125 1135 ut
1146 1064 1177 1137 ei
1194 1062 1265 1136 nitit
1309 1070 1313 1112 ¹

200 1169 419 1268 improvisum
464 1167 612 1241 accidere
654 1166 778 1267 possit,
810 1166 894 1239 nihil
930 1167 1162 1266 inopinatum,
1193 1165 1266 1238 nibil

202 1271 338 1343 omuino
363 1272 510 1344 novurn?
562 1275 619 1349 38.
653 1271 763 1368 Atque
789 1269 877 1370 idem
903 1269 948 1341 ita
971 1286 1087 1342 aereus
1104 1270 1144 1341 in
1169 1269 1265 1341 omnis
1308 1276 1313 1317 ¹

201 1373 306 1472 partis
328 1373 429 1446 aciem
448 1371 606 1457 intendit,
631 1388 668 1443 ut
685 1398 817 1471 semper
834 1371 942 1445 videat
960 1371 1156 1446 sedem'sibi
1173 1398 1209 1444 ae
1227 1369 1266 1443 lo
1308 1382 1313 1420 ¹'

202 1494 277 1548 cum
303 1476 375 1549 siue
397 1474 549 1548 molestia
571 1490 669 1572 atque
694 1474 979 1572 angotevivendi;
1005 1490 1057 1561 ut,
1084 1501 1266 1573 quemcum-

202 1606 266 1677 que
290 1606 403 1650 cosunr
428 1577 561 1650 fortuna
586 1576 763 1663 invexerit,
789 1576 878 1649 hunc
900 1592 975 1677 apte
995 1593 1027 1651 et
1045 1577 1157 1676 quiete
1173 1575 1264 1649 ferat:
1308 1620 1313 1652 ι

202 1680 294 1780 quod
327 1679 385 1778 qui
419 1678 536 1765 iaciet,
567 1688 636 1750 non
672 1678 879 1777 aegritudine
902 1678 1010 1753 solum
1033 1679 1185 1766 vacabit,
1218 1678 1266 1752 sed

202 1781 300 1855 etiarn
324 1780 631 1881 perturbationibus
653 1779 790 1882 reliquis
815 1781 979 1855 omuibus.
1012 1781 1068 1854 his
1089 1798 1202 1855 autern
1223 1809 1266 1854 va·
1309 1792 1312 1837 ἓ

192 1911 285 1956 ‚cuus
300 1883 429 1956 animus
444 1882 589 1984 perfecte
607 1898 703 1981 atque
720 1881 871 1958 absolute
890 1884 1006 1957 beatos
1027 1883 1148 1972 efficit3
1174 1883 1267 1957 idem·
1310 1884 1312 1957 Ϊ

199 2012 266 2090 qne
290 1986 473 2059 concitatus
498 2002 529 2058 et
552 1985 735 2058 abstractus
758 1984 801 2058 ab
819 1986 946 2085 integra
966 2002 1121 2086 certaque
1137 1987 1266 2071 ratione,
1310 2080 1312 2087 Ι

200 2115 269 2161 non
286 2088 504 2161 constantiam
528 2087 634 2160 solum
653 2088 791 2177 amittit,
816 2117 928 2162 verunt
946 2089 1044 2165 etiam
1061 2089 1244 2165 sanitatem.

220 2275 222 2279 Ι
301 2189 468 2287 Quocirca
481 2189 590 2262 mollis
606 2207 637 2263 ct
652 2207 802 2265 enervata
819 2191 966 2290 putanda
983 2192 1266 2292 estPeripatetico

200 2319 274 2363 rum
298 2292 383 2365 ratio
408 2309 439 2366 et
457 2293 582 2379 orati03
609 2294 664 2392 qui
683 2293 872 2393 perturbari
894 2293 1023 2368 anirnos
1045 2323 1186 2369 necesse
1207 2320 1265 2369 esse

201 2393 316 2467 dicunt
327 2405 358 2483 ⁰,
385 2395 444 2468 sed
461 2394 620 2468 adhibent
639 2396 776 2469 modum
793 2396 968 2496 quendam,
986 2425 1085 2497 quern
1099 2397 1189 2471 ultra
1201 2425 1266 2498 pro

203 2496 298 2594 gredi
325 2525 392 2571 nou
421 2513 579 2598 oporteat.
631 2506 688 2576 39.
713 2498 855 2571 Modum
875 2516 911 2572 tu
935 2499 1075 2574 adhibes
1097 2499 1205 2575 vitio?
1235 2526 1265 2572 au

219 2680 223 2686 .
268 2703 287 2758 8
303 2699 360 2750 Sch.
382 2700 414 2750 de
435 2700 515 2751 Bouh.
533 2700 661 2752 sententia
677 2704 736 2752 Iam
751 2703 824 2772 quid.
834 2730 868 2742 -
884 2702 966 2755 Bentl.
986 2703 1053 2755 coni.
1071 2702 1222 2774 Numquid,
1236 2700 1264 2753 uti

203 2766 284 2818 estin
301 2771 364 2827 otx.
385 2769 460 2834 Vulg.
482 2778 551 2819 recte
567 2788 594 2819 se
610 2768 696 2819 habet.
731 2774 748 2828 9
766 2774 807 2820 Or.
826 2788 848 2820 c.
866 2771 897 2820 B.
914 2772 946 2822 D.
965 2771 1057 2822 dicunt
1073 2790 1143 2823 esse.

252 2885 388 2951 sitienter)
412 2885 451 2934 De
469 2882 594 2935 adverbiis
614 2885 640 2935 in
664 2899 723 2936 nter
755 2885 881 2938 babuisse.
916 2888 989 2940 Adde
1005 2888 1113 2940 eundern
1128 2908 1156 2958 p.
1172 2895 1230 2950 275.
1244 2887 1265 2937 de

203 2951 354 3002 exeuntibus
364 2971 387 3003 v.
396 2952 469 3003 Beier
478 2953 510 3002 ad
519 2953 591 3003 effic.
601 2956 670 3014 L10,
680 2958 721 3013 33.
754 2955 839 3005 Divin.
857 2957 897 3018 tt,
916 2965 943 3018 2.
970 2955 1010 3007 his
1026 2957 1182 3024 praesertim
1198 2957 1266 3008 mori-

202 3036 229 3086 p.
244 3024 286 3076 77.
303 3037 340 3098 sq.
365 3020 408 3088 qui
424 3020 522 3099 inipso
539 3022 723 3072 conscribenda
757 3022 804 3073 bus
834 3034 910 3089 etque
941 3024 1102 3095 temporibus
1125 3053 1161 3065 -
1187 3036 1216 3077 ut
1238 3041 1267 3075 rue

203 3084 379 3162 pbservatrone
402 3087 434 3136 de
450 3088 501 3137 illrs
519 3088 644 3138 adverbiis
661 3091 722 3139 satis
756 3108 829 3141 meae
837 3091 990 3170 poeniteret.
1005 3093 1037 3142 de
1045 3095 1149 3143 Seneot.
1161 3097 1203 3153 11.
1217 3110 1267 3145 cerr·

202 3151 349 3202 roculariter
376 3154 490 3204 omnibus
517 3157 570 3205 sere
599 3156 722 3208 eiusmodi
755 3161 806 3209 sim
822 3175 977 3211 srneaensu.
999 3159 1156 3222 Academi,
1175 3166 1201 3223 1.
1225 3163 1269 3212 Nec

203 3232 267 3286 qnae
286 3219 352 3286 apud
366 3222 461 3299 probos
478 3221 613 3290 scriptores
628 3224 722 3290 legun·
755 3236 841 3276 tamen
865 3225 942 3276 istum
966 3245 1087 3289 cessure,
1114 3227 1162 3279 sed
1184 3229 1268 3287 celare,

202 3295 246 3335 tur
260 3286 385 3337 adverbiis
403 3305 461 3337 usus
478 3299 524 3338 est.
559 3289 642 3340 Minus
660 3301 722 3344 uota
756 3311 820 3361 qnae
844 3293 951 3356 scribat,
976 3294 1107 3347 existim.
1140 3295 1177 3347 de
1202 3298 1269 3377 [seqe-

201 3363 274 3404 snnt:
302 3355 439 3417 audenter,
463 3356 652 3423 intelligenter,
677 3377 721 3410 sa·
754 3363 784 3422 I,
802 3367 842 3419 15.
868 3361 889 3410 si
908 3375 1006 3412 natura
1023 3363 1222 3429 confirmatura
1239 3379 1269 3413 ru

201 3420 318 3489 pientes,
351 3434 511 3485 reverenter,
543 3425 720 3492 obsequenter,
754 3446 807 3479 non
831 3427 892 3478 erit:
919 3430 963 3480 nbi
985 3430 1019 3480 ot.
1037 3432 1167 3483 Goerenu.
1191 3448 1220 3501 p·
1235 3436 1268 3490 67·

201 3489 340 3604 pudenter,
363 3492 541 3554 observanter,
565 3492 720 3558 ignoranter,
756 3496 831 3546 Cuius
855 3497 955 3561 generis
979 3497 1095 3565 exempla
1112 3499 1189 3567 larga
1205 3513 1271 3549 manu

214 3568 328 3620 urenter,
347 3559 471 3635 latenter,
491 3568 641 3628 appetenter
656 3571 705 3613 etc.
755 3563 903 3631 suppeditat
917 3564 990 3614 Beier
1008 3565 1042 3617 ad
1054 3565 1129 3618 Offio.
1144 3567 1166 3617 1.
1185 3570 1225 3628 18,
1237 3571 1269 3623 61·

381 3662 385 3671 .
664 3664 670 3674 .
755 3649 781 3698 p.
798 3634 857 3688 143.
889 3632 1007 3699 Apprime
1024 3632 1080 3683 noti
1096 3644 1160 3683 sunt
1176 3646 1202 3686 et
1218 3651 1270 3702 per·

248 3660 293 3715 33'
312 3661 400 3710 ''mm“
416 3672 441 3711 ‘t
459 3674 588 3712 mmmm
604 3665 722 3733 Pmpa'
756 3696 852 3763 vulgati
874 3698 913 3748 illi
939 3716 1025 3750 versos
1047 3699 1212 3752 Ciceroniant
1234 3702 1268 3765 (tt

202 3725 338 3776 tetieorum
352 3728 431 3795 ratio)
448 3731 477 3780 V.
487 3747 562 3798 supra
573 3732 616 3780 ΙΙΙ.
626 3738 668 3793 10,
677 3737 721 3790 22.
757 3764 866 3826 Quintil·
889 3767 944 3827 XI,
964 3772 987 3825 1.
1020 3767 1101 3818 Cicer·
1119 3768 1153 3819 de
1169 3769 1269 3820 Μαι

252 3827 323 3875 ratio
338 3840 365 3877 et
382 3830 477 3891 oratio)
494 3831 589 3881 Nobis:
607 3832 723 3883 Ansicbt
755 3838 804 3893 22,
822 3837 863 3891 77.
899 3835 1009 3885 Iuvenal.
1027 3836 1070 3895 X,
1092 3837 1182 3903 1230:

202 3891 258 3941 und
273 3895 424 3945 Arradruele.
459 3897 565 3965 Saepius
585 3898 723 3965 iunguntur
789 3900 982 3952 Ofortunutam
1000 3911 1085 3952 natam
1109 3920 1152 3953 rue
1175 3901 1269 3956 consule

200 3959 269 4028 apud
286 3961 433 4012 Ciceronem
449 3963 512 4013 haec
535 3964 585 4013 duo
610 3968 720 4028 nomina,
1075 3971 1196 4023 Romam.

199 4036 230 4076 ut
255 4027 324 4080 iufra
346 4032 389 4079 tv.
414 4035 463 4091 28,
480 4035 523 4089 60.
549 4032 581 4082 de
602 4033 675 4085 Offic.
699 4039 720 4085 t.
787 4035 887 4089 Cedant
917 4054 986 4088 arma
1016 4048 1110 4105 togae,
1153 4036 1267 4090 concedat

202 4099 248 4155 16,
267 4102 316 4152 50..
338 4096 370 4146 dc
387 4099 487 4147 Invertt.
509 4101 534 4159 Ι,
552 4105 577 4157 2.
608 4101 722 4157 Ochsner
1064 4105 1152 4157 laurea
1167 4105 1241 4157 laudi.

196 4162 224 4213 in
235 4163 288 4214 uct.
302 4163 352 4216 cic.
367 4170 441 4234 p.83.
459 4177 554 4229 monet,
573 4167 721 4221 Ciceronem
805 4189 880 4240 quem
897 4171 982 4240 ultra)
1003 4175 1035 4224 V.
1052 4173 1186 4224 Adnotatu
1201 4173 1226 4223 in
1239 4172 1264 4220 tt.

190 4232 320 4287 eiusmodi
335 4234 529 4308 παρηχήματα
548 4236 577 4289 iu
596 4237 727 4289 amoribus
759 4242 795 4299 (s,
810 4244 853 4295 ttr.
