2640 4626
476 185 605 236 nrorn
622 186 653 236 v.
670 167 715 242 32.
1070 179 1133 246 357
1209 239 1218 257 ,

58 306 157 391 bent,
184 331 282 403 quam
302 301 491 400 Epicurus?
518 302 559 381 an
583 303 625 374 ad
648 319 774 388 cetera,
800 331 883 402 quae
904 303 991 376 mala
1012 321 1132 403 put-an·

56 424 128 494 tur,
154 434 223 476 non
248 421 278 488 et
295 404 480 503 Epicurus,
508 421 537 477 et
558 404 677 503 reliqui
698 404 892 504 philosophi
918 406 997 478 satis
1023 408 1131 506 parati

56 509 235 582 videntur?
262 506 415 604 quisnon
429 508 656 606 paupertatem
675 507 877 581 extimescit?
902 535 1010 608 neque
1019 525 1129 585 tamen

56 612 233 712 quisquam
252 607 540 707 philosophorum.
943 621 945 626 '

158 712 301 784 XXXII.
361 711 425 783 Hie
459 738 535 783 vero
572 710 644 810 ipse
671 739 769 809 quam
795 739 897 811 parvo
922 728 1129 805 cstconten-

55 817 134 888 tus?
159 843 257 886 nenio
276 813 317 885 de
342 813 432 884 tenui
457 813 545 885 victu
570 813 669 912 plura
693 813 783 903 dixit.
824 813 943 887 etenim
967 812 1128 914 quaeres

55 917 218 1020 pecuniae
245 914 457 1014 cupiditatem
484 915 643 1003 afferunt,
669 931 704 986 ut
738 915 859 1002 amori,
885 931 921 989 ut
944 917 1128 1005 ambitioni,

56 1038 94 1094 ut
109 1018 312 1119 quotidianis
329 1017 516 1116 sumptibus
532 1018 648 1117 copiae
670 1033 864 1117 suppetant,
891 1046 991 1117 quum
1011 1020 1127 1118 procul

58 1122 199 1207 abhis1
221 1119 376 1192 omnibus
394 1120 494 1192 rebus
518 1120 620 1195 absit:
649 1148 706 1192 cur
726 1120 900 1220 pecuniam
926 1125 1127 1219 magnopere

58 1225 234 1311 desideret,
255 1221 305 1294 vel
320 1222 442 1321 potius,
469 1231 664 1301 cur2‘curet
681 1222 840 1294 omnino?
891 1231 946 1300 90.
973 1224 1029 1295 An
1044 1225 1127 1328 Scy-

56 1329 131 1400 thes
146 1325 349 1399 Anacharsis
368 1324 477 1422 potuit
491 1353 553 1424 pro
568 1324 674 1397 nihilo
699 1325 873 1424 pecuniam
901 1324 1040 1412 ducere,
1065 1356 1126 1397 no-

56 1447 174 1503 strates
196 1426 389 1527 philosophi
407 1427 544 1500 sacere³
565 1443 634 1499 non
650 1429 828 1526 poterunt?
878 1425 971 1498 Illius
988 1428 1127 1527 epistola

56 1535 162 1606 fertur
178 1531 232 1603 his
244 1529 371 1602 verbis:
396 1547 637 1602 »antoninus
654 1547 820 1602 nannum
837 1546 1009 1623 saturnu.
1059 1526 1126 1602 Mi-

56 1635 94 1708 hi
111 1632 245 1728 amictui
261 1649 310 1704 est
325 1631 517 1734 Scythicum
535 1636 719 1730 tegmen43
747 1624 1010 1718 calciamentum,
1037 1632 1125 1705 solo·
1192 1645 1197 1651 '

56 1767 132 1810 runs
150 1734 285 1822 callum;
312 1732 436 1820 cubile,
461 1749 567 1821 terra;
592 1735 859 1833 pulpamentum,
884 1733 1006 1822 fames3
1033 1732 1124 1822 lactc,
1227 1744 1230 1749 ’
1281 1812 1285 1825 ,

57 1867 174 1928 caseo,
201 1865 297 1910 carne
315 1863 439 1908 vescor.
491 1835 603 1931 Quare
619 1853 656 1907 ut
671 1836 714 1908 ad
731 1836 877 1935 quietum
894 1863 947 1909 me
974 1838 1049 1911 licet
1071 1867 1126 1917 ve·

56 1942 142 2015 nias.
188 1940 330 2013 Munera
348 1955 455 2010 autem
472 1938 552 2026 ista,
577 1938 698 2038 quibus
711 1966 759 2010 ‘es
783 1937 978 2027 delectatus,
1004 1939 1054 2012 vel
1079 1940 1125 2013 ci-

60 2044 160 2116 vibus
179 2043 263 2142 tois,
296 2039 347 2114 vel
375 2040 440 2112 diis
467 2040 709 2113 immortalibus
732 2041 845 2112 dona«
909 2040 1124 2115 Omncs'iere

129 2261 204 2323 isio
216 2263 265 2313 SD.
287 2261 364 2312 Male.
379 2262 462 2322 Recte
476 2262 535 2311 Ern.
554 2278 576 2311 c.
593 2259 660 2326 vulg.
678 2261 723 2311 iis.
767 2221 793 2318 v2
810 2260 852 2310 Sic
877 2261 962 2328 plures
979 2233 1058 2311 Codd.
1072 2261 1124 2310 ΡΙ).
1210 2294 1214 2301 -

56 2361 92 2372 -
107 2333 167 2382 Em.
184 2349 206 2381 c.
222 2330 290 2397 vulg.
308 2328 381 2380 omis.
405 2347 460 2379 car.
511 2330 577 2386 3V.
595 2327 660 2378 Adn.
712 2329 788 2386 40r.
812 2346 835 2377 c.
860 2329 892 2378 R.
917 2329 1025 2397 aliisque
1045 2328 1123 2378 Codd.

56 2403 89 2451 D.
106 2401 230 2470 tegmen.
585 2440 588 2447 .

24 2543 25 2546 ¹
108 2527 293 2586 nequctomcn
307 2515 452 2585 quisquam)
467 2517 578 2579 Senten·
610 2515 707 2564 Stoicis
731 2514 800 2583 ipsis
821 2513 892 2563 inter
915 2531 945 2562 se
968 2513 1124 2585 disceptare,

56 2585 151 2637 timum
179 2601 278 2634 nexus:
321 2583 407 2633 Virtus
441 2582 578 2632 secundum
611 2583 677 2633 milri
694 2600 751 2631 cum
767 2583 803 2631 iis
818 2597 870 2630 non
884 2581 992 2630 licebit?

58 2671 147 2704 omnes
164 2651 309 2718 disciplinas
327 2650 516 2719 philosophicas
534 2668 578 2701 sa·
660 2650 828 2702 Anacharsis
852 2649 994 2715 Hannoni]
1029 2650 1126 2700 Graeca

41 2720 91 2770 'tis
112 2720 140 2769 in
164 2736 192 2768 se
212 2718 289 2767 habet
309 2717 417 2784 praesidi
446 2717 478 2766 ad
499 2717 578 2766 vitam
611 2716 649 2768 sic
666 2717 812 2767 sehabent:
828 2713 1124 2782 ἈνάχαρσιςἈννωαι.

56 2788 167 2838 beatam.
202 2784 277 2848 Quod
298 2785 335 2834 ita
360 2803 414 2834 esse
438 2803 469 2834 ex
488 2785 578 2835 coin·
611 2783 925 2852 ’Epolpl-vatoffltppo
944 2784 1125 2850 χλαῖναΣκυ·

58 2855 199 2920 telligitur,
217 2852 285 2920 qnod
300 2851 509 2919 philosophorum
529 2869 579 2901 ne·
598 2851 697 2918 ’θικὶμ
730 2850 862 2917 ὑπόδημα
892 2851 980 2917 δέρμα
1012 2851 1125 2902 ποδῶν·

56 2940 100 2973 mo
119 2921 263 2971 extimescit
279 2937 317 2980 ea,
343 2937 406 2986 quae
423 2920 515 2981 abiis,
533 2918 576 2985 qui
611 2924 690 2982 κοίτη
719 2917 748 2972 δὲ
771 2920 847 2970 πᾶσα
868 2921 917 2984 γῆ,
943 2917 1056 2969 δεῖπνον
1078 2913 1126 2968 καὶ

56 2988 223 3057 philosophia
240 3005 292 3037 non
314 2996 372 3036 sunt
391 2987 495 3047 imbuti,
512 2987 578 3036 mala
611 2986 725 3051 ἄριστον
739 2986 810 3052 γάλα
826 2985 874 3037 καὶ
886 2983 969 3050 τυρὸς
980 2983 1029 3037 καὶ
1043 2984 1126 3049 κρέας

56 3065 199 3126 putantum
220 3065 249 3104 ut
272 3055 321 3104 hoc
341 3065 411 3104 utar:
437 3071 523 3103 omnes
540 3053 578 3102 ti·
612 3052 708 3115 ὀπτὸν,
724 3057 799 3105 πιεῖν
813 3051 899 3119 ὕδωρ.
922 3055 974 3112 ‘stc
987 3047 1126 3115 ctetica·

56 3133 131 3176 ment
153 3131 344 3190 paupertatem,
370 3121 578 3188 philosophorum
610 3122 659 3181 πός
682 3139 736 3186 μου
756 3119 870 3186 σχολὴν,
895 3113 935 3172 ὦν
956 3118 983 3171 οἱ
1004 3123 1128 3171 πλεῖστοι

55 3207 234 3260 quamcunque
263 3199 392 3238 sectantur
421 3189 579 3255 disciplinam
612 3187 701 3242 ἕνεκεν
737 3185 935 3254 ἀσχολοῦνται.
969 3187 1127 3254 παραγίνου

10 3262 12 3267 ’
30 3270 33 3277 ’
54 3275 144 3311 nemo.
612 3254 682 3320 πρός
690 3272 731 3320 με,
749 3255 841 3307 slavo
847 3256 943 3322 χρείαν
951 3250 1034 3322 ἔχεις·
1050 3254 1128 3322 δῶρα

110 3326 171 3376 Ctl’·
181 3325 294 3374 XXXII·
303 3327 343 3381 90-
346 3321 450 3392 facere)
461 3324 517 3371 Hoc
525 3339 578 3370 ver·
612 3323 657 3387 δὲ,
675 3320 718 3382 οἷς
734 3319 903 3389 ἐντρυφᾶτε,
921 3319 1128 3387 α’ντιδωροῦμαί

10 3368 15 3457 i
55 3389 576 3456 bumDavisiocumaliisglossematissu·
612 3408 670 3452 σοις
688 3389 766 3454 ὑμεῖς
786 3389 811 3441 δ’
834 3387 895 3442 ὅσοι
919 3391 1126 3456 Καρχηδονίων,

55 3472 164 3532 pectam
187 3458 302 3519 videtur,
327 3468 353 3507 et
375 3475 434 3507 sane
457 3457 529 3506 abest
546 3456 577 3506 ab
612 3459 652 3518 εἰς
682 3457 763 3524 χάριν
790 3454 840 3523 σὴν
867 3455 1011 3508 dediscite
1040 3459 1126 3515 θεοῖς.

57 3533 124 3587 011.
157 3529 207 3588 At,
225 3535 255 3575 ut
272 3543 347 3592 supra
363 3525 512 3585 monuimus,
529 3523 579 3573 hoc
611 3528 741 3590 Leguntur
761 3524 823 3573 haec
854 3523 881 3573 in
903 3523 978 3592 epist.
1011 3526 1128 3574 Genovao

56 3597 166 3647 verbum
180 3610 257 3661 saepe
272 3593 335 3644 alius
353 3592 423 3642 verbi
438 3593 507 3642 vices
521 3609 579 3641 sus·
612 3593 686 3643 editis
699 3609 724 3658 p.
740 3593 807 3653 349„
823 3591 1066 3641 mouenteDavisio:
1084 3589 1128 3658 qui

58 3665 134 3720 tinet.
176 3663 226 3712 Pro
248 3678 300 3711 uon
319 3673 443 3728 poterunt
465 3658 581 3708 Davisius
612 3660 700 3710 ultima
725 3658 761 3708 sic
786 3659 870 3724 legere
893 3659 961 3708 vult:
992 3657 1070 3724 ὑμεῖς
1099 3654 1129 3709 dl

57 3730 173 3782 etribus
195 3728 248 3778 suis
267 3727 346 3778 Codd.
365 3727 474 3778 coniecit
485 3739 580 3794 potuc-
612 3731 671 3787 τοῖς
697 3726 900 3792 Καρχηδονίοις
923 3726 1082 3792 χαρίζεσθε,
1110 3721 1128 3790 ἢ

57 3810 133 3858 runs.
152 3797 293 3864 Perperam.
310 3798 431 3846 Futurum
440 3795 504 3843 enirn
514 3793 581 3860 apud
615 3794 756 3847 dvoic‘ieor‘ls
781 3796 876 3854 θεοῖςε
908 3793 969 3843 satis
985 3792 1128 3860 probabili·
1215 3795 1216 3798 ’

59 3867 212 3917 Ciceronem
226 3863 368 3928 saepissime
376 3862 485 3928 ponitur
497 3861 523 3910 in
532 3861 581 3911 ob·
613 3873 661 3912 ter.

58 3933 174 3985 iectione
189 3941 215 3981 et
230 3930 281 3980 levi
296 3930 478 3994 obiurgatione,
498 3928 581 3995 inpri-
665 3929 816 3994 Scythicum
838 3928 957 3998 tegmen)
969 3926 1073 3977 ··iustin.
1098 3928 1129 3986 II,

59 4001 109 4053 mis
128 3998 155 4048 in
178 4015 211 4049 ea·
223 3999 357 4048 verborum
369 3997 506 4068 iunctura,
532 4013 582 4062 qua
614 4003 639 4054 2.
658 3997 690 4045 de
703 3997 815 4063 Scythis:
836 3995 952 4065 pellibus
964 3993 1070 4064 ferinis
1084 4006 1130 4044 aut

59 4066 173 4137 protasis
186 4082 232 4132 per
246 4066 362 4116 voctdam
374 4064 583 4129 interrogativam
615 4065 728 4115 murinis
744 4076 860 4114 utuntur.

61 4152 100 4186 an
115 4132 277 4185 conformata
293 4144 345 4195 est,
368 4132 405 4182 uti
420 4132 496 4181 docet
511 4133 583 4182 Goe-
666 4131 779 4182 solorum
798 4131 920 4198 callum)
952 4133 984 4181 H.
1007 4147 1029 4179 e.
1060 4127 1130 4197 pedis

61 4221 134 4254 rena.
154 4201 188 4252 ad
200 4199 281 4253 Acad.
296 4202 327 4250 11.
344 4201 385 4258 41.
411 4218 437 4267 p.
453 4203 515 4257 228.
548 4215 584 4249 on
616 4199 711 4268 planta.
