2640 4626
120 205 180 271 tao
363 171 941 265 rosconmmumntseunamouuu

118 334 254 415 Brutus,
279 351 396 399 arcens
411 351 486 396 eum
502 318 612 394 reditu
625 334 824 422 tyrannum,
850 344 949 416 quem
962 316 1045 418 ipse.
1057 315 1193 418 expule.

40 415 45 424 ⁵
101 450 189 519 rat,
222 432 257 502 in
278 425 406 528 proelio
431 421 649 509 concidisset3
673 448 843 494 nonnum
867 419 996 494 Latinis
1018 420 1193 495 decertum

120 552 215 636 pater
228 531 363 616 Decius,
388 556 464 600 cum
478 524 628 598 Etruscis
641 521 740 610 lilius,
765 551 842 596 cum
861 523 994 627 Pyrrho
1013 551 1134 624 nepos,
1159 551 1194 598 se

120 635 268 733 hostium
289 631 364 706 telis
383 629 601 714 obiecissent3
625 654 696 699 non
718 653 786 697 uno
812 623 901 698 bello
924 654 987 726 pro
1000 624 1122 726 ¹patria
1144 656 1196 701 ca·

123 737 251 824 dentis,
284 733 461 834 Scipiones
480 727 643 830 Hispania
660 727 814 815 vidisset,
847 727 999 802 Paullum
1022 747 1055 802 et
1082 729 1195 803 Gemi-

123 866 204 916 num
220 842 364 925 Cannae,
388 833 537 908 Venusia
558 829 773 918 Marcellum,
797 829 909 903 Latini
923 829 1105 920 Albinum,
1130 833 1196 911 Lu·

125 942 200 1018 cani
219 939 416 1015 Gracchum.
466 938 556 1009 Num
574 933 649 1033 quis
664 933 785 1014 horum
800 932 902 1006 miser
917 932 1043 1008 hodie?
1068 962 1113 1009 ne
1126 950 1195 1008 tum

125 1045 260 1146 quidem
284 1058 362 1142 post
384 1037 538 1140 spiritum
567 1052 756 1111 extremum.
789 1047 852 1110 'nee
877 1035 965 1111 enim
989 1053 1196 1139 potestesse

126 1148 227 1221 miser
245 1144 438 1245 quisquam,
463 1168 562 1225 sensu
579 1153 761 1240 perempto.

171 1325 175 1337 ,
229 1257 286 1326 90.
321 1249 367 1319 At
397 1244 433 1318 id
462 1244 573 1343 ipsum
604 1241 759 1315 odiosum
785 1255 850 1327 est,
884 1240 956 1315 sine
984 1267 1088 1314 sensu
1119 1268 1198 1317 esse.
1244 1300 1246 1311 .

128 1352 304 1436 Odiosum,
330 1348 359 1421 si
374 1347 410 1420 id
425 1361 511 1420 esset
525 1371 644 1418 carere.
695 1342 808 1439 Quum
822 1370 900 1416 vero
916 1343 1135 1443 perspicuum
1149 1344 1210 1433 sit,-

127 1453 212 1528 nihil
227 1480 326 1553 posse
341 1451 377 1523 in
394 1476 531 1535 coesse,
557 1445 614 1545 qni
637 1444 710 1545 ipse
726 1474 794 1517 non
817 1446 877 1520 sit:
903 1445 985 1546 quid
1000 1463 1113 1546 potest
1130 1474 1200 1522 esse

129 1558 166 1631 iu
182 1585 222 1629 co
242 1555 407 1638 odiosum,
433 1550 490 1649 qui
506 1564 697 1634 neccareat,
722 1576 784 1621 nec
803 1549 946 1622 sentiat?
988 1547 1201 1650 Quamquam

129 1659 194 1732 hoc
210 1657 344 1756 quidem
358 1653 457 1727 nimis
468 1679 582 1751 saepe:
603 1649 664 1731 scd
681 1677 731 1737 eo,
751 1651 841 1749 quod
857 1651 893 1723 in
907 1651 973 1723 hoc
988 1651 1075 1724 inest
1092 1653 1201 1726 omnis

131 1760 233 1834 animi
263 1755 443 1833 contractio
470 1781 509 1826 ex
531 1768 600 1827 met
681 1752 771 1825 ortis.
807 1753 864 1853 qui
892 1754 980 1827 enim
1005 1754 1088 1828 satis
1110 1756 1202 1831 vidc-

57 1856 60 1864 ’
131 1863 185 1948 rit,
211 1860 248 1932 id
264 1858 355 1961 quod
372 1873 421 1930 est
436 1854 508 1929 luce
519 1780 786 1942 claribmanimo
798 1873 829 1928 et
838 1883 978 1956 corpore
992 1874 1203 1958 consumpto,

100 1980 113 1999 ‘
131 1981 267 2062 totoque
283 1960 448 2041 animante
466 1957 591 2045 deleto,
617 1973 648 2030 et
665 1957 753 2030 lacto
770 1957 904 2057 interitu
920 1959 1094 2050 universo,
1119 1960 1203 2034 illud

132 2064 273 2152 animal,
299 2062 390 2163 quod
403 2060 521 2147 fuerit,
545 2032 678 2132 factumi
693 2088 764 2134 esse
784 2060 883 2133 nihil:
910 2060 939 2133 is
954 2061 1053 2161 plane
1072 2063 1203 2165 perspi-

134 2169 214 2256 ciet,
239 2166 325 2239 inter
339 2165 663 2264 Hippocentaurum,
690 2163 746 2262 qui
771 2191 951 2262 numquam
967 2163 1077 2253 fuerit,
1104 2181 1137 2239 et
1154 2194 1205 2240 re·

73 2329 75 2333 .
134 2297 209 2369 gem
230 2270 513 2366 Agamemnonem
537 2263 622 2337 nihil
639 2264 817 2354 interesse;
842 2294 904 2339 ncc
922 2265 1029 2366 pluris
1043 2295 1137 2342 nuuc
1158 2269 1204 2341 fa·

135 2400 208 2446 cere
222 2371 269 2445 M.
286 2368 460 2444 Camillum
473 2368 539 2441 hoc
563 2366 656 2467 civile
670 2366 803 2456 bellum,
828 2396 928 2467 quam
940 2386 1015 2466 ego,
1040 2368 1100 2443 illo
1120 2371 1205 2458 vivo,

134 2474 268 2550 fecerim
287 2475 428 2546 Romam
443 2486 587 2571 captam.

238 2577 306 2648 Cur
322 2574 424 2673 igitur
440 2589 472 2647 et
492 2569 651 2646 Camillus
668 2570 813 2660 doleret,
838 2573 867 2645 si
885 2572 967 2646 haec
984 2591 1063 2674 post
1079 2590 1206 2650 trecen-

186 2729 247 2779 Cun.
264 2727 404 2777 XXXVII.
422 2728 464 2783 89.
482 2740 540 2775 cum
547 2722 655 2790 Pyrrho
688 2724 775 2774 credo.
809 2726 842 2775 V.
859 2726 984 2776 Goerenz.
996 2725 1029 2777 ed
1038 2726 1163 2778 leudem.
1177 2729 1208 2777 Π.

137 2797 225 2866 nepos)
243 2794 285 2845 sio
298 2794 352 2844 Fiu.
372 2794 404 2845 11.
421 2796 469 2855 19,
486 2796 528 2850 61.
554 2807 654 2858 „ucque
686 2796 735 2855 23,
751 2792 794 2850 74.
812 2810 838 2860 p.
857 2797 914 2852 137.
931 2793 1012 2844 Beier.
1026 2793 1059 2844 ud
1074 2795 1152 2847 offic.
1167 2797 1207 2846 ΙΙΙ.

136 2881 214 2981 porro
230 2878 262 2912 ex
275 2878 306 2912 eo
319 2871 402 2923 natus,
420 2877 476 2913 oum
491 2857 655 2937 Pprphobel-
687 2864 720 2924 9,
740 2863 781 2917 39.
798 2879 824 2928 p.
841 2862 901 2918 249.
921 2865 971 2924 33,
989 2865 1055 2920 121..
1067 2881 1094 2930 p,
1110 2864 1176 2922 417,

148 2948 190 2980 um
213 2945 320 2995 genuus,
351 2927 440 2978 consul
471 2924 613 2977 cecidisset'
628 2943 655 2976 ιιι
737 2944 787 2978 nec
797 2928 888 2997 pluria
892 2927 1001 3045 ¹facere)
1019 2931 1050 2979 Η.
1061 2947 1084 2981 e.
1093 2948 1208 2982 neomu—

137 2997 250 3065 proelio,
279 3011 356 3062 seque
373 3012 388 3044 e
405 2993 547 3046 continenti
563 3008 656 3060 genere
688 2995 728 3062 gie
741 3012 808 3045 nuno
822 2996 890 3047 Comi
901 2996 928 3047 lo
942 3014 1016 3047 curae
1030 3014 1085 3048 esse
1101 2997 1157 3051 hoo
1171 2997 1209 3049 oi·

137 3065 246 3115 tertiam
261 3061 388 3112 victimam
400 3062 437 3112 rei
451 3061 566 3130 publicae
579 3078 657 3140 prae·
688 3061 740 3114 vile
753 3062 863 3124 bellum,
881 3081 956 3130 quom
970 3063 1031 3114 mihi
1048 3064 1155 3117 Camilli
1165 3084 1210 3116 ae·

137 3130 262 3180 buisset.“
298 3130 414 3179 Ceterum
430 3129 500 3199 tqrtii
515 3129 596 3192 Deoia,
614 3129 658 3197 qui
689 3139 746 3180 tete
770 3146 846 3180 corae
871 3131 948 3181 fuerit
970 3133 1068 3195 Roma,
1095 3151 1111 3183 a
1128 3133 1210 3185 catti·

139 3215 166 3249 ue
179 3197 327 3257 devoverit,
346 3206 448 3264 praetor
461 3199 586 3247 Zonaram
601 3199 657 3249 An-
690 3197 755 3248 duee
771 3200 871 3249 Brenno
887 3210 969 3266 capto.

139 3264 189 3315 nal.
197 3266 238 3325 11,
254 3262 332 3314 ceteri
339 3263 474 3331 scriptores
481 3263 575 3314 nullam
583 3281 658 3315 meu·
741 3267 794 3314 Gur
808 3265 894 3335 igetur
915 3278 941 3316 et
956 3267 1086 3318 Oaruillue
1107 3268 1212 3320 doleret

138 3332 235 3383 tionem
249 3331 359 3382 fuciunt:
379 3331 475 3399 etipse
493 3330 659 3383 Ciceroelibi
691 3332 750 3397 etc.)
777 3332 963 3384 Sententiarum
983 3353 1062 3385 umus
1088 3334 1133 3387 hio
1160 3347 1211 3387 est:

137 3400 212 3451 binos
230 3409 328 3450 tentum
350 3399 443 3449 Decios
467 3409 656 3451 commemorat.
690 3399 788 3450 Mortui
796 3399 862 3450 nulli
870 3410 937 3463 sunt,
951 3419 999 3454 nco
1013 3402 1129 3455 sentiunt
1137 3403 1211 3472 quio-

140 3468 179 3518 Cf.
193 3467 226 3519 de
242 3467 315 3518 offic.
325 3469 369 3516 ΠΙ.
384 3467 409 3530 4,
427 3470 468 3525 16.
486 3467 576 3519 Perad.
593 3469 614 3530 I,
628 3471 656 3524 2.
690 3484 780 3535 quam:
798 3485 821 3516 v.
839 3485 861 3518 o.
880 3469 1000 3520 Camillus
1014 3486 1149 3522 uuncuon
1157 3489 1211 3523 mn·

140 3536 204 3586 Cato
218 3534 277 3586 mei.
295 3535 360 3595 XX,
376 3537 418 3592 75·
452 3535 516 3585 Rem
525 3533 658 3586 enucleare
690 3533 729 3601 gis
744 3534 855 3586 afficitur
867 3534 918 3586 hoc
934 3537 1003 3589 civiti
1018 3537 1106 3600 bello,
1125 3555 1212 3607 quem

141 3603 227 3653 conati
250 3611 308 3651 sunt
323 3602 447 3652 Goerenz.
472 3601 506 3653 ad
521 3603 577 3653 Fin.
595 3600 612 3651 l.
630 3600 657 3652 d.
692 3619 740 3669 ego
757 3602 857 3654 Camilli
880 3604 1091 3661 [contendemus
1111 3605 1212 3668 fuerim,

140 3688 166 3737 p.
176 3671 236 3728 214.
254 3678 282 3720 et
290 3667 486 3722 BeierudOffic.
494 3669 512 3720 l.
521 3669 547 3719 d.
562 3673 654 3737 p.208.
690 3668 772 3720 Romal
788 3688 804 3721 u
822 3670 903 3722 Gallis
924 3671 1008 3740 capel.
1045 3672 1148 3737 Quodsi
1163 3673 1213 3743 igi-

191 3741 234 3795 90.
252 3736 333 3789 nimis
350 3740 442 3807 caepe)
465 3740 506 3791 So.
524 3754 540 3787 u
556 3753 597 3786 me
611 3734 654 3786 di·
689 3745 741 3798 tur,
750 3736 833 3789 animo
842 3748 869 3789 et
881 3755 987 3807 corpore
997 3752 1144 3805 consumto,
1154 3741 1212 3794 unl-

141 3803 221 3862 oitur;
238 3803 284 3855 sed
298 3803 366 3855 eade
375 3823 461 3857 causeo
469 3803 496 3854 id
504 3821 580 3871 saepe
589 3803 656 3854 dico.
689 3802 743 3856 lum
757 3823 797 3855 am
815 3805 863 3860 lius
880 3806 991 3858 habituri
1004 3826 1089 3859 snmus
1096 3826 1212 3861 aeneum:

140 3871 282 3921 Particulue
302 3889 458 3942 quamquam
471 3899 504 3910 -
519 3871 567 3921 ced
582 3887 657 3938 saepe
690 3887 783 3938 quomo
803 3890 818 3924 o
832 3873 886 3924 fieri
899 3884 994 3941 potest,
1012 3887 1040 3928 ut
1056 3875 1107 3927 huc
1122 3874 1214 3930 imbuti

140 3938 189 3989 sibi
204 3956 244 3989 ree
263 3941 368 3991 ondent.
402 3939 477 3989 Infra·
486 3940 529 3987 111.
546 3944 596 4001 22,
611 3943 655 3995 52.
691 3938 811 4007 opinione
834 3959 875 3992 ree
899 3942 1048 4005 moliamur,
1074 3948 1142 4011 quae
1163 3961 1213 3996 nou

140 4007 175 4057 N.
191 4005 224 4057 D.
241 3957 285 4061 lu.
300 4011 343 4065 36.
378 4008 536 4084 Quemquem
559 4004 658 4084 Ifytha-
691 4007 725 4056 ad
749 4024 797 4059 nos
830 4018 967 4078 nostroque
988 4011 1125 4063 commoda
1154 4029 1214 4081 ope-

140 4091 232 4140 gores,
250 4092 326 4143 quum
341 4073 521 4140 ingeometrm
537 4072 658 4139 quiddam
692 4083 777 4138 etant,
803 4076 848 4129 sed
867 4076 900 4127 ed
921 4078 1115 4144 posteritatem,
1143 4080 1212 4132 cuiue

141 4140 202 4192 novi
222 4141 376 4202 invenisset,
402 4138 481 4191 Musis
499 4139 591 4194 bovem
606 4140 658 4191 im·
691 4159 792 4194 seucum
811 4142 922 4197 hebioni
937 4162 990 4196 uon
1005 4165 1105 4209 sumus,
1130 4146 1212 4216 perti-

139 4208 249 4260 molasse
262 4207 369 4258 dicitur:
387 4204 432 4258 sed
446 4206 473 4258 id
490 4206 591 4277 quidem
606 4226 658 4261 uon
690 4208 774 4263 nent?
808 4213 848 4263 Au
863 4221 938 4278 putu
963 4214 1002 4280 (ut
1017 4214 1123 4275 iisdem,
1151 4231 1214 4285 quae
