<?xml version="1.0" encoding="UTF-8"?>
<!DOCTYPE html PUBLIC "-//W3C//DTD XHTML 1.0 Transitional//EN"
    "http://www.w3.org/TR/xhtml1/DTD/xhtml1-transitional.dtd">
<html xmlns="http://www.w3.org/1999/xhtml" xml:lang="en" lang="en">
 <head>
  <title>
</title>
<meta http-equiv="Content-Type" content="text/html;charset=utf-8" />
  <meta name='ocr-system' content='tesseract 3.04.00' />
  <meta name='ocr-capabilities' content='ocr_page ocr_carea ocr_par ocr_line ocrx_word'/>
</head>
<body>
  <div class='ocr_page' id='page_1' title='image "./mtulliiciceroni18cicegoog_0116.png"; bbox 0 0 2640 4626; ppageno 0'>
   <div class='ocr_carea' id='block_1_1' title="bbox 465 209 1199 280">
    <p class='ocr_par' dir='ltr' id='par_1_1' title="bbox 465 209 1199 280">
     <span class='ocr_line' id='line_1_1' title="bbox 465 209 1199 280; baseline 0 -10"><span class='ocrx_word' id='word_1_1' title='bbox 465 255 469 263; x_wconf 83' lang='lat'><em>-</em></span> <span class='ocrx_word' id='word_1_2' title='bbox 548 220 776 280; x_wconf 62' lang='lat' dir='ltr'>musana</span> <span class='ocrx_word' id='word_1_3' title='bbox 797 228 806 263; x_wconf 88' lang='lat'>&#39;·</span> <span class='ocrx_word' id='word_1_4' title='bbox 1156 209 1199 276; x_wconf 83' lang='grc'>95</span> 
     </span>
    </p>
   </div>
   <div class='ocr_carea' id='block_1_2' title="bbox 118 334 1290 2278">
    <p class='ocr_par' dir='ltr' id='par_1_2' title="bbox 118 334 1200 1358">
     <span class='ocr_line' id='line_1_2' title="bbox 120 334 1200 438; baseline 0 -27"><span class='ocrx_word' id='word_1_5' title='bbox 120 338 161 411; x_wconf 87' lang='lat' dir='ltr'>id</span> <span class='ocrx_word' id='word_1_6' title='bbox 188 336 345 438; x_wconf 78' lang='lat' dir='ltr'>quidem3</span> <span class='ocrx_word' id='word_1_7' title='bbox 370 353 414 424; x_wconf 86' lang='lat' dir='ltr'>at,</span> <span class='ocrx_word' id='word_1_8' title='bbox 438 352 597 436; x_wconf 87' lang='lat' dir='ltr'>quantum</span> <span class='ocrx_word' id='word_1_9' title='bbox 623 336 676 424; x_wconf 88' lang='lat' dir='ltr'>sit,</span> <span class='ocrx_word' id='word_1_10' title='bbox 702 336 853 437; x_wconf 83' lang='lat' dir='ltr'>profecto</span> <span class='ocrx_word' id='word_1_11' title='bbox 868 334 971 410; x_wconf 84' lang='lat' dir='ltr'>rides.</span> <span class='ocrx_word' id='word_1_12' title='bbox 1022 343 1079 416; x_wconf 88' lang='lat'>61.</span> <span class='ocrx_word' id='word_1_13' title='bbox 1103 336 1200 434; x_wconf 79' lang='lat' dir='ltr'>Quid</span> 
     </span>
     <span class='ocr_line' id='line_1_3' title="bbox 118 438 1197 539; baseline 0.002 -27"><span class='ocrx_word' id='word_1_14' title='bbox 118 441 248 539; x_wconf 87' lang='lat' dir='ltr'>igitur?</span> <span class='ocrx_word' id='word_1_15' title='bbox 275 457 393 513; x_wconf 89' lang='lat' dir='ltr'>utrum</span> <span class='ocrx_word' id='word_1_16' title='bbox 429 439 643 538; x_wconf 68' lang='lat' dir='ltr'><strong>capacitatem</strong></span> <span class='ocrx_word' id='word_1_17' title='bbox 669 438 812 539; x_wconf 84' lang='lat' dir='ltr'>aliquam</span> <span class='ocrx_word' id='word_1_18' title='bbox 841 439 877 511; x_wconf 93' lang='lat' dir='ltr'>in</span> <span class='ocrx_word' id='word_1_19' title='bbox 907 439 1018 511; x_wconf 90' lang='lat' dir='ltr'>animo</span> <span class='ocrx_word' id='word_1_20' title='bbox 1042 456 1197 539; x_wconf 91' lang='lat' dir='ltr'>putamus</span> 
     </span>
     <span class='ocr_line' id='line_1_4' title="bbox 118 540 1198 642; baseline 0 -27"><span class='ocrx_word' id='word_1_21' title='bbox 118 571 207 630; x_wconf 77' lang='lat' dir='ltr'>esse,</span> <span class='ocrx_word' id='word_1_22' title='bbox 233 572 310 642; x_wconf 87' lang='lat' dir='ltr'>quo,</span> <span class='ocrx_word' id='word_1_23' title='bbox 335 558 503 641; x_wconf 90' lang='lat' dir='ltr'>tamquam</span> <span class='ocrx_word' id='word_1_24' title='bbox 519 541 556 613; x_wconf 90' lang='lat' dir='ltr'>in</span> <span class='ocrx_word' id='word_1_25' title='bbox 575 540 710 641; x_wconf 84' lang='lat' dir='ltr'>aliquod</span> <span class='ocrx_word' id='word_1_26' title='bbox 723 569 791 630; x_wconf 89' lang='lat' dir='ltr'>vas,</span> <span class='ocrx_word' id='word_1_27' title='bbox 812 570 860 627; x_wconf 88' lang='lat' dir='ltr'>ea,</span> <span class='ocrx_word' id='word_1_28' title='bbox 877 569 960 640; x_wconf 88' lang='lat' dir='ltr'>quae</span> <span class='ocrx_word' id='word_1_29' title='bbox 975 541 1198 630; x_wconf 88' lang='lat' dir='ltr'>meminimus,</span> 
     </span>
     <span class='ocr_line' id='line_1_5' title="bbox 118 642 1196 743; baseline 0 -25"><span class='ocrx_word' id='word_1_30' title='bbox 118 645 364 718; x_wconf 77' lang='lat' dir='ltr'>infundantur?</span> <span class='ocrx_word' id='word_1_31' title='bbox 390 644 574 716; x_wconf 88' lang='lat' dir='ltr'>absurdum</span> <span class='ocrx_word' id='word_1_32' title='bbox 583 642 620 716; x_wconf 88' lang='lat' dir='ltr'>id</span> <span class='ocrx_word' id='word_1_33' title='bbox 631 644 774 743; x_wconf 86' lang='lat' dir='ltr'>quidem.</span> <span class='ocrx_word' id='word_1_34' title='bbox 800 644 858 743; x_wconf 91' lang='lat' dir='ltr'>qui</span> <span class='ocrx_word' id='word_1_35' title='bbox 874 644 962 718; x_wconf 92' lang='lat' dir='ltr'>enim</span> <span class='ocrx_word' id='word_1_36' title='bbox 979 644 1113 731; x_wconf 84' lang='lat' dir='ltr'>fundus,</span> <span class='ocrx_word' id='word_1_37' title='bbox 1140 662 1196 718; x_wconf 91' lang='lat' dir='ltr'>aut</span> 
     </span>
     <span class='ocr_line' id='line_1_6' title="bbox 119 745 1197 848; baseline -0.001 -27"><span class='ocrx_word' id='word_1_38' title='bbox 119 775 208 848; x_wconf 87' lang='lat' dir='ltr'>quae</span> <span class='ocrx_word' id='word_1_39' title='bbox 233 746 308 820; x_wconf 93' lang='lat' dir='ltr'>talis</span> <span class='ocrx_word' id='word_1_40' title='bbox 333 746 436 820; x_wconf 89' lang='lat' dir='ltr'>animi</span> <span class='ocrx_word' id='word_1_41' title='bbox 458 746 566 844; x_wconf 88' lang='lat' dir='ltr'>figura</span> <span class='ocrx_word' id='word_1_42' title='bbox 589 745 729 844; x_wconf 82' lang='lat' dir='ltr'>intelligi</span> <span class='ocrx_word' id='word_1_43' title='bbox 752 748 885 848; x_wconf 85' lang='lat' dir='ltr'>potest?</span> <span class='ocrx_word' id='word_1_44' title='bbox 920 762 975 819; x_wconf 91' lang='lat' dir='ltr'>aut</span> <span class='ocrx_word' id='word_1_45' title='bbox 1000 775 1084 846; x_wconf 91' lang='lat' dir='ltr'>quae</span> <span class='ocrx_word' id='word_1_46' title='bbox 1105 763 1197 821; x_wconf 84' lang='lat' dir='ltr'>tanta</span> 
     </span>
     <span class='ocr_line' id='line_1_7' title="bbox 120 848 1197 950; baseline 0.001 -29"><span class='ocrx_word' id='word_1_47' title='bbox 120 850 262 922; x_wconf 91' lang='lat' dir='ltr'>omniuo</span> <span class='ocrx_word' id='word_1_48' title='bbox 280 850 468 950; x_wconf 74' lang='lat' dir='ltr'>capacitas?</span> <span class='ocrx_word' id='word_1_49' title='bbox 495 878 537 921; x_wconf 91' lang='lat' dir='ltr'>an</span> <span class='ocrx_word' id='word_1_50' title='bbox 551 848 708 949; x_wconf 86' lang='lat' dir='ltr'>imprimi,</span> <span class='ocrx_word' id='word_1_51' title='bbox 726 850 821 948; x_wconf 90' lang='lat' dir='ltr'>quasi</span> <span class='ocrx_word' id='word_1_52' title='bbox 835 877 955 936; x_wconf 87' lang='lat' dir='ltr'>ceram,</span> <span class='ocrx_word' id='word_1_53' title='bbox 973 850 1120 922; x_wconf 90' lang='lat' dir='ltr'>animum</span> <span class='ocrx_word' id='word_1_54' title='bbox 1133 879 1197 950; x_wconf 89' lang='lat' dir='ltr'>pu·</span> 
     </span>
     <span class='ocr_line' id='line_1_8' title="bbox 119 950 1197 1049; baseline 0.001 -24"><span class='ocrx_word' id='word_1_55' title='bbox 119 969 243 1038; x_wconf 85' lang='lat' dir='ltr'>tamus,</span> <span class='ocrx_word' id='word_1_56' title='bbox 269 969 301 1026; x_wconf 87' lang='lat' dir='ltr'>et</span> <span class='ocrx_word' id='word_1_57' title='bbox 316 951 512 1024; x_wconf 82' lang='lat' dir='ltr'>memoriam</span> <span class='ocrx_word' id='word_1_58' title='bbox 530 979 602 1024; x_wconf 87' lang='lat' dir='ltr'>esse</span> <span class='ocrx_word' id='word_1_59' title='bbox 621 950 825 1049; x_wconf 89' lang='lat' dir='ltr'>signatarum</span> <span class='ocrx_word' id='word_1_60' title='bbox 841 979 952 1024; x_wconf 87' lang='lat' dir='ltr'>rerum</span> <span class='ocrx_word' id='word_1_61' title='bbox 966 951 1002 1024; x_wconf 94' lang='lat' dir='ltr'>in</span> <span class='ocrx_word' id='word_1_62' title='bbox 1021 968 1129 1025; x_wconf 89' lang='lat' dir='ltr'>mente</span> <span class='ocrx_word' id='word_1_63' title='bbox 1142 981 1197 1026; x_wconf 86' lang='lat' dir='ltr'>ve-</span> 
     </span>
     <span class='ocr_line' id='line_1_9' title="bbox 120 1053 1198 1154; baseline 0.002 -27"><span class='ocrx_word' id='word_1_64' title='bbox 120 1055 246 1152; x_wconf 84' lang='lat' dir='ltr'>stigia?</span> <span class='ocrx_word' id='word_1_65' title='bbox 271 1082 355 1153; x_wconf 90' lang='lat' dir='ltr'>quae</span> <span class='ocrx_word' id='word_1_66' title='bbox 369 1070 512 1153; x_wconf 89' lang='lat' dir='ltr'>possunt</span> <span class='ocrx_word' id='word_1_67' title='bbox 526 1053 713 1141; x_wconf 79' lang='lat' dir='ltr'>verborum,</span> <span class='ocrx_word' id='word_1_68' title='bbox 739 1083 822 1153; x_wconf 87' lang='lat' dir='ltr'>quae</span> <span class='ocrx_word' id='word_1_69' title='bbox 837 1082 949 1127; x_wconf 87' lang='lat' dir='ltr'>rerum</span> <span class='ocrx_word' id='word_1_70' title='bbox 960 1054 1108 1154; x_wconf 90' lang='lat' dir='ltr'>ipsarum</span> <span class='ocrx_word' id='word_1_71' title='bbox 1126 1082 1198 1129; x_wconf 87' lang='lat' dir='ltr'>esse</span> 
     </span>
     <span class='ocr_line' id='line_1_10' title="bbox 122 1156 1197 1256; baseline 0.003 -28"><span class='ocrx_word' id='word_1_72' title='bbox 122 1156 291 1254; x_wconf 83' lang='lat' dir='ltr'>vestigia?</span> <span class='ocrx_word' id='word_1_73' title='bbox 316 1185 400 1256; x_wconf 78' lang='lat' dir='ltr'>quae</span> <span class='ocrx_word' id='word_1_74' title='bbox 415 1184 517 1256; x_wconf 89' lang='lat' dir='ltr'>porro</span> <span class='ocrx_word' id='word_1_75' title='bbox 536 1171 602 1227; x_wconf 90' lang='lat' dir='ltr'>tam</span> <span class='ocrx_word' id='word_1_76' title='bbox 618 1156 780 1229; x_wconf 88' lang='lat' dir='ltr'>immensa</span> <span class='ocrx_word' id='word_1_77' title='bbox 801 1156 1012 1254; x_wconf 80' lang='lat' dir='ltr'>magnitude,</span> <span class='ocrx_word' id='word_1_78' title='bbox 1037 1184 1121 1256; x_wconf 87' lang='lat' dir='ltr'>quae</span> <span class='ocrx_word' id='word_1_79' title='bbox 1141 1156 1197 1231; x_wconf 90' lang='lat' dir='ltr'>illa</span> 
     </span>
     <span class='ocr_line' id='line_1_11' title="bbox 121 1257 634 1358; baseline -0.002 -27"><span class='ocrx_word' id='word_1_80' title='bbox 121 1275 194 1332; x_wconf 91' lang='lat' dir='ltr'>tam</span> <span class='ocrx_word' id='word_1_81' title='bbox 211 1257 312 1332; x_wconf 90' lang='lat' dir='ltr'>multa</span> <span class='ocrx_word' id='word_1_82' title='bbox 328 1259 438 1358; x_wconf 79' lang='lat' dir='ltr'>possit</span> <span class='ocrx_word' id='word_1_83' title='bbox 455 1257 634 1354; x_wconf 85' lang='lat' dir='ltr'>effingere?</span> 
     </span>
    </p>

    <p class='ocr_par' dir='ltr' id='par_1_3' title="bbox 118 1359 1290 2278">
     <span class='ocr_line' id='line_1_12' title="bbox 227 1359 1197 1461; baseline 0 -28"><span class='ocrx_word' id='word_1_84' title='bbox 227 1359 346 1457; x_wconf 85' lang='lat' dir='ltr'>Quid?</span> <span class='ocrx_word' id='word_1_85' title='bbox 371 1360 428 1433; x_wconf 90' lang='lat' dir='ltr'>illa</span> <span class='ocrx_word' id='word_1_86' title='bbox 443 1359 493 1432; x_wconf 89' lang='lat' dir='ltr'>vis</span> <span class='ocrx_word' id='word_1_87' title='bbox 514 1388 597 1459; x_wconf 89' lang='lat' dir='ltr'>quae</span> <span class='ocrx_word' id='word_1_88' title='bbox 612 1359 745 1432; x_wconf 87' lang='lat' dir='ltr'>tamlem</span> <span class='ocrx_word' id='word_1_89' title='bbox 760 1376 833 1447; x_wconf 83' lang='lat' dir='ltr'>est,</span> <span class='ocrx_word' id='word_1_90' title='bbox 851 1387 942 1461; x_wconf 78' lang='lat' dir='ltr'>quae</span> <span class='ocrx_word' id='word_1_91' title='bbox 952 1360 1126 1458; x_wconf 87' lang='lat' dir='ltr'>investigat</span> <span class='ocrx_word' id='word_1_92' title='bbox 1141 1389 1197 1433; x_wconf 91' lang='lat' dir='ltr'>oc-</span> 
     </span>
     <span class='ocr_line' id='line_1_13' title="bbox 123 1462 1197 1562; baseline 0 -26"><span class='ocrx_word' id='word_1_93' title='bbox 123 1462 232 1550; x_wconf 87' lang='lat' dir='ltr'>culta,</span> <span class='ocrx_word' id='word_1_94' title='bbox 259 1491 342 1562; x_wconf 92' lang='lat' dir='ltr'>quae</span> <span class='ocrx_word' id='word_1_95' title='bbox 364 1462 510 1535; x_wconf 85' lang='lat' dir='ltr'>inventio</span> <span class='ocrx_word' id='word_1_96' title='bbox 532 1478 629 1560; x_wconf 87' lang='lat' dir='ltr'>atque</span> <span class='ocrx_word' id='word_1_97' title='bbox 651 1463 849 1558; x_wconf 76' lang='lat' dir='ltr'>excogitatio</span> <span class='ocrx_word' id='word_1_98' title='bbox 869 1462 1012 1534; x_wconf 86' lang='lat' dir='ltr'>dicitur?</span> <span class='ocrx_word' id='word_1_99' title='bbox 1039 1491 1077 1534; x_wconf 83' lang='lat' dir='ltr'>ex</span> <span class='ocrx_word' id='word_1_100' title='bbox 1091 1463 1197 1536; x_wconf 90' lang='lat' dir='ltr'>hacne</span> 
     </span>
     <span class='ocr_line' id='line_1_14' title="bbox 118 1562 1198 1663; baseline 0.001 -26"><span class='ocrx_word' id='word_1_101' title='bbox 118 1566 187 1637; x_wconf 92' lang='lat' dir='ltr'>tibi</span> <span class='ocrx_word' id='word_1_102' title='bbox 202 1581 332 1638; x_wconf 86' lang='lat' dir='ltr'>terrena</span> <span class='ocrx_word' id='word_1_103' title='bbox 346 1562 542 1663; x_wconf 77' lang='lat' dir='ltr'>mortalique</span> <span class='ocrx_word' id='word_1_104' title='bbox 555 1581 672 1636; x_wconf 88' lang='lat' dir='ltr'>natura</span> <span class='ocrx_word' id='word_1_105' title='bbox 689 1565 860 1637; x_wconf 86' lang='lat' dir='ltr'>etcaduca</span> <span class='ocrx_word' id='word_1_106' title='bbox 876 1580 1028 1637; x_wconf 87' lang='lat' dir='ltr'>concreta</span> <span class='ocrx_word' id='word_1_107' title='bbox 1052 1593 1090 1637; x_wconf 91' lang='lat' dir='ltr'>ea</span> <span class='ocrx_word' id='word_1_108' title='bbox 1107 1565 1198 1638; x_wconf 85' lang='lat' dir='ltr'>ride-</span> 
     </span>
     <span class='ocr_line' id='line_1_15' title="bbox 118 1663 1236 1771; baseline -0.001 -31"><span class='ocrx_word' id='word_1_109' title='bbox 118 1669 202 1740; x_wconf 84' lang='lat' dir='ltr'>tur?</span> <span class='ocrx_word' id='word_1_110' title='bbox 235 1677 292 1747; x_wconf 77' lang='lat'>62.</span> <span class='ocrx_word' id='word_1_111' title='bbox 319 1684 375 1740; x_wconf 88' lang='lat' dir='ltr'>aut</span> <span class='ocrx_word' id='word_1_112' title='bbox 397 1665 455 1766; x_wconf 87' lang='lat' dir='ltr'>qui</span> <span class='ocrx_word' id='word_1_113' title='bbox 475 1666 620 1766; x_wconf 88' lang='lat' dir='ltr'>primus,</span> <span class='ocrx_word' id='word_1_114' title='bbox 646 1667 738 1765; x_wconf 90' lang='lat' dir='ltr'>quod</span> <span class='ocrx_word' id='word_1_115' title='bbox 762 1679 909 1739; x_wconf 82' lang='lat' dir='ltr'>summae</span> <span class='ocrx_word' id='word_1_116' title='bbox 931 1663 1113 1766; x_wconf 83' lang='lat' dir='ltr'>sapientiae</span> <span class='ocrx_word' id='word_1_117' title='bbox 1130 1669 1198 1771; x_wconf 83' lang='lat' dir='ltr'>Py.</span> <span class='ocrx_word' id='word_1_118' title='bbox 1229 1678 1236 1698; x_wconf 57' lang='lat'>‘</span> 
     </span>
     <span class='ocr_line' id='line_1_16' title="bbox 119 1768 1198 1869; baseline 0.003 -28"><span class='ocrx_word' id='word_1_119' title='bbox 119 1768 283 1867; x_wconf 83' lang='lat' dir='ltr'>thagorae</span> <span class='ocrx_word' id='word_1_120' title='bbox 308 1768 414 1841; x_wconf 89' lang='lat' dir='ltr'>visum</span> <span class='ocrx_word' id='word_1_121' title='bbox 445 1785 511 1856; x_wconf 87' lang='lat' dir='ltr'>est,</span> <span class='ocrx_word' id='word_1_122' title='bbox 551 1768 706 1841; x_wconf 91' lang='lat' dir='ltr'>omnibus</span> <span class='ocrx_word' id='word_1_123' title='bbox 729 1768 830 1842; x_wconf 89' lang='lat' dir='ltr'>rebus</span> <span class='ocrx_word' id='word_1_124' title='bbox 854 1768 1014 1869; x_wconf 91' lang='lat' dir='ltr'>imposuit</span> <span class='ocrx_word' id='word_1_125' title='bbox 1037 1770 1198 1844; x_wconf 80' lang='lat' dir='ltr'>nomina?</span> 
     </span>
     <span class='ocr_line' id='line_1_17' title="bbox 123 1869 1290 1971; baseline 0.002 -27"><span class='ocrx_word' id='word_1_126' title='bbox 123 1887 183 1944; x_wconf 91' lang='lat' dir='ltr'>aut</span> <span class='ocrx_word' id='word_1_127' title='bbox 200 1872 257 1970; x_wconf 90' lang='lat' dir='ltr'>qui</span> <span class='ocrx_word' id='word_1_128' title='bbox 277 1871 458 1971; x_wconf 89' lang='lat' dir='ltr'>dissipatos</span> <span class='ocrx_word' id='word_1_129' title='bbox 474 1869 626 1944; x_wconf 87' lang='lat' dir='ltr'>homines</span> <span class='ocrx_word' id='word_1_130' title='bbox 643 1871 870 1970; x_wconf 84' lang='lat' dir='ltr'>congregavit,</span> <span class='ocrx_word' id='word_1_131' title='bbox 896 1887 929 1944; x_wconf 86' lang='lat' dir='ltr'>et</span> <span class='ocrx_word' id='word_1_132' title='bbox 948 1871 991 1944; x_wconf 86' lang='lat' dir='ltr'>ad</span> <span class='ocrx_word' id='word_1_133' title='bbox 1006 1873 1197 1946; x_wconf 88' lang='lat' dir='ltr'>societatem</span> <span class='ocrx_word' id='word_1_134' title='bbox 1287 1929 1290 1938; x_wconf 88' lang='lat'><strong>.</strong></span> 
     </span>
     <span class='ocr_line' id='line_1_18' title="bbox 121 1973 1197 2072; baseline 0 -24"><span class='ocrx_word' id='word_1_135' title='bbox 121 1974 212 2048; x_wconf 87' lang='lat' dir='ltr'>vitae</span> <span class='ocrx_word' id='word_1_136' title='bbox 237 1973 452 2047; x_wconf 82' lang='lat' dir='ltr'>convocarit?</span> <span class='ocrx_word' id='word_1_137' title='bbox 477 1988 533 2045; x_wconf 92' lang='lat' dir='ltr'>aut</span> <span class='ocrx_word' id='word_1_138' title='bbox 552 1974 609 2071; x_wconf 91' lang='lat' dir='ltr'>qui</span> <span class='ocrx_word' id='word_1_139' title='bbox 627 2001 729 2045; x_wconf 90' lang='lat' dir='ltr'>sonos</span> <span class='ocrx_word' id='word_1_140' title='bbox 751 1973 861 2062; x_wconf 87' lang='lat' dir='ltr'>vocis,</span> <span class='ocrx_word' id='word_1_141' title='bbox 886 1974 944 2072; x_wconf 91' lang='lat' dir='ltr'>qui</span> <span class='ocrx_word' id='word_1_142' title='bbox 969 1974 1089 2046; x_wconf 88' lang='lat' dir='ltr'>infiniti</span> <span class='ocrx_word' id='word_1_143' title='bbox 1105 1975 1197 2048; x_wconf 85' lang='lat' dir='ltr'>vide-</span> 
     </span>
     <span class='ocr_line' id='line_1_19' title="bbox 121 2075 1198 2176; baseline 0 -28"><span class='ocrx_word' id='word_1_144' title='bbox 121 2077 263 2164; x_wconf 87' lang='lat' dir='ltr'>bantur,</span> <span class='ocrx_word' id='word_1_145' title='bbox 288 2076 405 2176; x_wconf 90' lang='lat' dir='ltr'>paucis</span> <span class='ocrx_word' id='word_1_146' title='bbox 427 2075 608 2148; x_wconf 85' lang='lat' dir='ltr'>litterarum</span> <span class='ocrx_word' id='word_1_147' title='bbox 630 2076 720 2148; x_wconf 89' lang='lat' dir='ltr'>notis</span> <span class='ocrx_word' id='word_1_148' title='bbox 741 2076 950 2149; x_wconf 76' lang='lat' dir='ltr'>temrinavit?</span> <span class='ocrx_word' id='word_1_149' title='bbox 983 2094 1039 2148; x_wconf 90' lang='lat' dir='ltr'>aut</span> <span class='ocrx_word' id='word_1_150' title='bbox 1063 2077 1120 2176; x_wconf 91' lang='lat' dir='ltr'>qui</span> <span class='ocrx_word' id='word_1_151' title='bbox 1146 2106 1198 2150; x_wconf 88' lang='lat' dir='ltr'>er-</span> 
     </span>
     <span class='ocr_line' id='line_1_20' title="bbox 121 2178 1193 2278; baseline 0.002 -27"><span class='ocrx_word' id='word_1_152' title='bbox 121 2178 270 2254; x_wconf 88' lang='lat' dir='ltr'>rantium</span> <span class='ocrx_word' id='word_1_153' title='bbox 292 2178 460 2252; x_wconf 88' lang='lat' dir='ltr'>stellarum</span> <span class='ocrx_word' id='word_1_154' title='bbox 485 2206 618 2266; x_wconf 89' lang='lat' dir='ltr'>cursus,</span> <span class='ocrx_word' id='word_1_155' title='bbox 643 2178 948 2278; x_wconf 79' lang='lat' dir='ltr'>progressiones⁶,</span> <span class='ocrx_word' id='word_1_156' title='bbox 978 2178 1193 2253; x_wconf 87' lang='lat' dir='ltr'>institiones⁷</span> 
     </span>
    </p>
   </div>
   <div class='ocr_carea' id='block_1_3' title="bbox 120 2364 1198 2639">
    <p class='ocr_par' dir='ltr' id='par_1_4' title="bbox 120 2364 1198 2639">
     <span class='ocr_line' id='line_1_21' title="bbox 193 2364 1197 2435; baseline 0 -19"><span class='ocrx_word' id='word_1_157' title='bbox 193 2365 269 2424; x_wconf 76' lang='grc' dir='ltr'>68ἰο</span> <span class='ocrx_word' id='word_1_158' title='bbox 285 2366 370 2433; x_wconf 86' lang='lat' dir='ltr'>vulgo.</span> <span class='ocrx_word' id='word_1_159' title='bbox 389 2368 431 2416; x_wconf 90' lang='lat' dir='ltr'>Or.</span> <span class='ocrx_word' id='word_1_160' title='bbox 451 2383 473 2416; x_wconf 89' lang='lat' dir='ltr'>e.</span> <span class='ocrx_word' id='word_1_161' title='bbox 496 2366 527 2416; x_wconf 85' lang='lat' dir='ltr'>R.</span> <span class='ocrx_word' id='word_1_162' title='bbox 544 2364 583 2415; x_wconf 88' lang='lat' dir='ltr'>El.</span> <span class='ocrx_word' id='word_1_163' title='bbox 608 2381 659 2416; x_wconf 86' lang='lat' dir='ltr'>sac.</span> <span class='ocrx_word' id='word_1_164' title='bbox 681 2364 915 2435; x_wconf 80' lang='lat' dir='ltr'>praegressiones,</span> <span class='ocrx_word' id='word_1_165' title='bbox 942 2373 1088 2431; x_wconf 87' lang='lat' dir='ltr'>comparato</span> <span class='ocrx_word' id='word_1_166' title='bbox 1113 2366 1147 2416; x_wconf 88' lang='lat' dir='ltr'>N.</span> <span class='ocrx_word' id='word_1_167' title='bbox 1165 2367 1197 2416; x_wconf 87' lang='grc' dir='ltr'>Ι).</span> 
     </span>
     <span class='ocr_line' id='line_1_22' title="bbox 121 2432 1198 2501; baseline -0.002 -17"><span class='ocrx_word' id='word_1_168' title='bbox 121 2435 158 2494; x_wconf 83' lang='grc' dir='ltr'>Π,</span> <span class='ocrx_word' id='word_1_169' title='bbox 175 2439 218 2492; x_wconf 77' lang='grc'>20.</span> <span class='ocrx_word' id='word_1_170' title='bbox 252 2435 312 2484; x_wconf 85' lang='lat' dir='ltr'>Iirn.</span> <span class='ocrx_word' id='word_1_171' title='bbox 329 2450 414 2501; x_wconf 86' lang='lat' dir='ltr'>recep.</span> <span class='ocrx_word' id='word_1_172' title='bbox 432 2433 498 2484; x_wconf 84' lang='lat' dir='ltr'>coni.</span> <span class='ocrx_word' id='word_1_173' title='bbox 517 2432 611 2483; x_wconf 82' lang='lat' dir='ltr'>Davisii</span> <span class='ocrx_word' id='word_1_174' title='bbox 627 2432 818 2501; x_wconf 81' lang='lat' dir='ltr'>regressiones,</span> <span class='ocrx_word' id='word_1_175' title='bbox 835 2432 869 2483; x_wconf 91' lang='lat' dir='ltr'>ob</span> <span class='ocrx_word' id='word_1_176' title='bbox 886 2449 974 2481; x_wconf 84' lang='lat' dir='ltr'>vocem</span> <span class='ocrx_word' id='word_1_177' title='bbox 992 2449 1091 2481; x_wconf 87' lang='lat' dir='ltr'>cursus.</span> <span class='ocrx_word' id='word_1_178' title='bbox 1125 2433 1198 2491; x_wconf 85' lang='lat' dir='ltr'>7Sie</span> 
     </span>
     <span class='ocr_line' id='line_1_23' title="bbox 121 2498 1198 2570; baseline -0.001 -19"><span class='ocrx_word' id='word_1_179' title='bbox 121 2502 163 2552; x_wconf 81' lang='lat' dir='ltr'>M.</span> <span class='ocrx_word' id='word_1_180' title='bbox 179 2504 212 2552; x_wconf 81' lang='lat'>1).</span> <span class='ocrx_word' id='word_1_181' title='bbox 229 2530 262 2540; x_wconf 88' lang='lat'>-</span> <span class='ocrx_word' id='word_1_182' title='bbox 279 2503 310 2551; x_wconf 88' lang='lat'>1..</span> <span class='ocrx_word' id='word_1_183' title='bbox 329 2519 351 2552; x_wconf 88' lang='lat' dir='ltr'>c.</span> <span class='ocrx_word' id='word_1_184' title='bbox 371 2501 514 2551; x_wconf 80' lang='lat' dir='ltr'>camerario</span> <span class='ocrx_word' id='word_1_185' title='bbox 531 2501 744 2570; x_wconf 80' lang='lat' dir='ltr'>institionesqne.</span> <span class='ocrx_word' id='word_1_186' title='bbox 775 2499 860 2566; x_wconf 82' lang='lat' dir='ltr'>Vulgo</span> <span class='ocrx_word' id='word_1_187' title='bbox 878 2517 900 2549; x_wconf 91' lang='lat' dir='ltr'>c.</span> <span class='ocrx_word' id='word_1_188' title='bbox 918 2498 1000 2550; x_wconf 88' lang='lat' dir='ltr'>Codd.</span> <span class='ocrx_word' id='word_1_189' title='bbox 1017 2500 1198 2550; x_wconf 77' lang='lat' dir='ltr'>institutiones</span> 
     </span>
     <span class='ocr_line' id='line_1_24' title="bbox 120 2567 564 2639; baseline -0.002 -20"><span class='ocrx_word' id='word_1_190' title='bbox 120 2568 168 2619; x_wconf 84' lang='lat' dir='ltr'>vel</span> <span class='ocrx_word' id='word_1_191' title='bbox 184 2569 424 2639; x_wconf 76' lang='lat' dir='ltr'>instinctionesque.</span> <span class='ocrx_word' id='word_1_192' title='bbox 443 2570 481 2620; x_wconf 84' lang='lat' dir='ltr'>cf.</span> <span class='ocrx_word' id='word_1_193' title='bbox 499 2567 564 2618; x_wconf 82' lang='lat' dir='ltr'>adn.</span> 
     </span>
    </p>
   </div>
   <div class='ocr_carea' id='block_1_4' title="bbox 119 2683 1235 3632">
    <p class='ocr_par' dir='ltr' id='par_1_5' title="bbox 119 2683 1198 3025">
     <span class='ocr_line' id='line_1_25' title="bbox 122 2683 1198 2766; baseline -0.002 -29"><span class='ocrx_word' id='word_1_194' title='bbox 122 2686 241 2766; x_wconf 67' lang='lat' dir='ltr'>persulcat</span> <span class='ocrx_word' id='word_1_195' title='bbox 269 2685 395 2766; x_wconf 45' lang='lat' dir='ltr'>Nubis</span> <span class='ocrx_word' id='word_1_196' title='bbox 411 2683 521 2755; x_wconf 67' lang='lat' dir='ltr'>fateri,</span> <span class='ocrx_word' id='word_1_197' title='bbox 548 2684 646 2765; x_wconf 71' lang='lat' dir='ltr'>dicere,</span> <span class='ocrx_word' id='word_1_198' title='bbox 678 2685 804 2760; x_wconf 77' lang='lat' dir='ltr'>thagoraa</span> <span class='ocrx_word' id='word_1_199' title='bbox 825 2683 905 2764; x_wconf 67' lang='lat' dir='ltr'>risum</span> <span class='ocrx_word' id='word_1_200' title='bbox 930 2694 977 2735; x_wconf 86' lang='lat' dir='ltr'>est.</span> <span class='ocrx_word' id='word_1_201' title='bbox 1027 2686 1119 2766; x_wconf 30' lang='lat' dir='ltr'>Denre</span> <span class='ocrx_word' id='word_1_202' title='bbox 1143 2685 1198 2753; x_wconf 88' lang='lat' dir='ltr'>ipsa</span> 
     </span>
     <span class='ocr_line' id='line_1_26' title="bbox 119 2752 1197 2889; baseline 0.001 -16"><span class='ocrx_word' id='word_1_203' title='bbox 119 2754 417 2888; x_wconf 58' lang='lat' dir='ltr'>tattatttlt&#39;tt</span> <span class='ocrx_word' id='word_1_204' title='bbox 432 2753 647 2871; x_wconf 62' lang='lat' dir='ltr'>...itttt‘ttl</span> <span class='ocrx_word' id='word_1_205' title='bbox 679 2753 858 2888; x_wconf 63' lang='lat' dir='ltr'>,liiidi&#39;aiff</span> <span class='ocrx_word' id='word_1_206' title='bbox 872 2752 1197 2889; x_wconf 55' lang='lat' dir='ltr'>littttittttl&#39;tt</span> 
     </span>
     <span class='ocr_line' id='line_1_27' title="bbox 122 2886 1197 2957; baseline 0 -16"><span class='ocrx_word' id='word_1_207' title='bbox 122 2907 174 2941; x_wconf 88' lang='lat' dir='ltr'>nus</span> <span class='ocrx_word' id='word_1_208' title='bbox 189 2899 276 2956; x_wconf 88' lang='lat' dir='ltr'>potest</span> <span class='ocrx_word' id='word_1_209' title='bbox 292 2888 436 2952; x_wconf 84' lang='lat' dir='ltr'>oll&#39;endere,</span> <span class='ocrx_word' id='word_1_210' title='bbox 454 2887 524 2957; x_wconf 87' lang='lat' dir='ltr'>quod</span> <span class='ocrx_word' id='word_1_211' title='bbox 538 2905 647 2956; x_wconf 86' lang='lat' dir='ltr'>praeee-</span> <span class='ocrx_word' id='word_1_212' title='bbox 680 2886 769 2955; x_wconf 79' lang='grc' dir='ltr'>μόνον</span> <span class='ocrx_word' id='word_1_213' title='bbox 785 2887 964 2955; x_wconf 70' lang='grc' dir='ltr'><strong><em>λογιώτατον,</em></strong></span> <span class='ocrx_word' id='word_1_214' title='bbox 981 2886 1051 2941; x_wconf 68' lang='grc' dir='ltr'>ἀλλὰ</span> <span class='ocrx_word' id='word_1_215' title='bbox 1065 2888 1113 2940; x_wconf 81' lang='grc' dir='ltr'>καὶ</span> <span class='ocrx_word' id='word_1_216' title='bbox 1134 2907 1197 2954; x_wconf 76' lang='grc' dir='ltr'><em>πρε·</em></span> 
     </span>
     <span class='ocr_line' id='line_1_28' title="bbox 121 2954 1198 3025; baseline 0.001 -18"><span class='ocrx_word' id='word_1_217' title='bbox 121 2957 165 3007; x_wconf 86' lang='lat' dir='ltr'>dit</span> <span class='ocrx_word' id='word_1_218' title='bbox 184 2974 225 3006; x_wconf 88' lang='lat' dir='ltr'>me</span> <span class='ocrx_word' id='word_1_219' title='bbox 236 2957 327 3025; x_wconf 80' lang='lat' dir='ltr'>pudet.</span> <span class='ocrx_word' id='word_1_220' title='bbox 679 2954 820 3023; x_wconf 65' lang='lat' dir='ltr'>spirator</span> <span class='ocrx_word' id='word_1_221' title='bbox 835 2955 842 2974; x_wconf 82' lang='lat'><em>‘</em></span> <span class='ocrx_word' id='word_1_222' title='bbox 863 2957 957 3008; x_wconf 72' lang='grc' dir='ltr'><strong><em>εῖσθαι</em></strong></span> <span class='ocrx_word' id='word_1_223' title='bbox 972 2957 1133 3023; x_wconf 63' lang='lat' dir='ltr'>educenda</span> <span class='ocrx_word' id='word_1_224' title='bbox 1148 2955 1198 3010; x_wconf 81' lang='lat' dir='ltr'>riv</span> 
     </span>
    </p>

    <p class='ocr_par' dir='ltr' id='par_1_6' title="bbox 121 3020 1235 3294">
     <span class='ocr_line' id='line_1_29' title="bbox 176 3020 1197 3092; baseline 0.004 -20"><span class='ocrx_word' id='word_1_225' title='bbox 176 3027 220 3082; x_wconf 86' lang='lat'>61.</span> <span class='ocrx_word' id='word_1_226' title='bbox 247 3023 389 3073; x_wconf 82' lang='lat' dir='ltr'>absurdum</span> <span class='ocrx_word' id='word_1_227' title='bbox 417 3023 447 3074; x_wconf 83' lang='lat' dir='ltr'>id</span> <span class='ocrx_word' id='word_1_228' title='bbox 472 3021 586 3092; x_wconf 74' lang='lat' dir='ltr'>quidem)</span> <span class='ocrx_word' id='word_1_229' title='bbox 611 3023 646 3072; x_wconf 90' lang='lat' dir='ltr'>N.</span> <span class='ocrx_word' id='word_1_230' title='bbox 679 3021 830 3090; x_wconf 70' lang='lat' dir='ltr'>itinerare</span> <span class='ocrx_word' id='word_1_231' title='bbox 864 3020 992 3088; x_wconf 77' lang='grc' dir='ltr'><em>ὀνόματα</em></span> <span class='ocrx_word' id='word_1_232' title='bbox 1001 3026 1059 3083; x_wconf 75' lang='grc' dir='ltr'>τοῖς</span> <span class='ocrx_word' id='word_1_233' title='bbox 1073 3022 1197 3090; x_wconf 75' lang='grc' dir='ltr'><strong><em>πράγμα-</em></strong></span> 
     </span>
     <span class='ocr_line' id='line_1_30' title="bbox 121 3089 1198 3170; baseline -0.002 -28"><span class='ocrx_word' id='word_1_234' title='bbox 121 3093 158 3142; x_wconf 87' lang='lat' dir='ltr'>D.</span> <span class='ocrx_word' id='word_1_235' title='bbox 172 3093 211 3152; x_wconf 83' lang='lat'>11,</span> <span class='ocrx_word' id='word_1_236' title='bbox 228 3096 270 3150; x_wconf 82' lang='lat'>53.</span> <span class='ocrx_word' id='word_1_237' title='bbox 304 3096 339 3141; x_wconf 80' lang='lat' dir='ltr'>At</span> <span class='ocrx_word' id='word_1_238' title='bbox 355 3091 383 3140; x_wconf 88' lang='lat' dir='ltr'>id</span> <span class='ocrx_word' id='word_1_239' title='bbox 397 3091 499 3170; x_wconf 80' lang='lat' dir='ltr'>(pridem</span> <span class='ocrx_word' id='word_1_240' title='bbox 512 3090 647 3143; x_wconf 88' lang='lat' dir='ltr'>absurdum</span> <span class='ocrx_word' id='word_1_241' title='bbox 679 3106 732 3142; x_wconf 77' lang='lat' dir='ltr'>eur.</span> <span class='ocrx_word' id='word_1_242' title='bbox 768 3089 892 3152; x_wconf 82' lang='lat' dir='ltr'>Davisius,</span> <span class='ocrx_word' id='word_1_243' title='bbox 909 3090 976 3140; x_wconf 88' lang='lat' dir='ltr'>hunc</span> <span class='ocrx_word' id='word_1_244' title='bbox 988 3091 1073 3141; x_wconf 85' lang='lat' dir='ltr'>locum</span> <span class='ocrx_word' id='word_1_245' title='bbox 1088 3092 1198 3141; x_wconf 80' lang='lat' dir='ltr'>maximo</span> 
     </span>
     <span class='ocr_line' id='line_1_31' title="bbox 122 3157 1235 3227; baseline -0.003 -18"><span class='ocrx_word' id='word_1_246' title='bbox 122 3159 309 3219; x_wconf 72' lang='lat' dir='ltr'>est.111,&#39;17.</span> <span class='ocrx_word' id='word_1_247' title='bbox 344 3163 379 3210; x_wconf 76' lang='lat' dir='ltr'>At</span> <span class='ocrx_word' id='word_1_248' title='bbox 402 3159 429 3208; x_wconf 85' lang='lat' dir='ltr'>rd</span> <span class='ocrx_word' id='word_1_249' title='bbox 443 3159 545 3227; x_wconf 85' lang='lat' dir='ltr'>quidem</span> <span class='ocrx_word' id='word_1_250' title='bbox 567 3175 647 3226; x_wconf 82' lang='lat' dir='ltr'>repu—</span> <span class='ocrx_word' id='word_1_251' title='bbox 681 3157 830 3208; x_wconf 81' lang='lat' dir='ltr'>eruditionis</span> <span class='ocrx_word' id='word_1_252' title='bbox 856 3157 989 3224; x_wconf 86' lang='lat' dir='ltr'>dispendio</span> <span class='ocrx_word' id='word_1_253' title='bbox 1038 3168 1197 3209; x_wconf 70' lang='lat' dir='ltr'>mnacmns:</span> <span class='ocrx_word' id='word_1_254' title='bbox 1227 3191 1235 3201; x_wconf 31' lang='grc' dir='ltr'>κ</span> 
     </span>
     <span class='ocr_line' id='line_1_32' title="bbox 128 3175 1197 3294; baseline -0.001 -18"><span class='ocrx_word' id='word_1_255' title='bbox 128 3225 263 3285; x_wconf 81' lang='lat' dir='ltr'>diandum.</span> <span class='ocrx_word' id='word_1_256' title='bbox 297 3227 329 3276; x_wconf 89' lang='lat' dir='ltr'>V.</span> <span class='ocrx_word' id='word_1_257' title='bbox 347 3225 469 3277; x_wconf 89' lang='lat' dir='ltr'>Ochsner.</span> <span class='ocrx_word' id='word_1_258' title='bbox 485 3226 504 3276; x_wconf 90' lang='lat' dir='ltr'>l.</span> <span class='ocrx_word' id='word_1_259' title='bbox 519 3227 544 3277; x_wconf 91' lang='lat' dir='ltr'>d.</span> <span class='ocrx_word' id='word_1_260' title='bbox 680 3225 761 3290; x_wconf 84' lang='lat' dir='ltr'>„Inde</span> <span class='ocrx_word' id='word_1_261' title='bbox 776 3235 837 3276; x_wconf 85' lang='lat' dir='ltr'>nata</span> <span class='ocrx_word' id='word_1_262' title='bbox 851 3235 898 3286; x_wconf 84' lang='lat' dir='ltr'>est,</span> <span class='ocrx_word' id='word_1_263' title='bbox 916 3225 1007 3293; x_wconf 88' lang='lat' dir='ltr'>iuquit,</span> <span class='ocrx_word' id='word_1_264' title='bbox 1019 3175 1084 3276; x_wconf 67' lang='lat' dir='ltr'>iaec</span> <span class='ocrx_word' id='word_1_265' title='bbox 1101 3226 1197 3294; x_wconf 87' lang='lat' dir='ltr'>opinio,</span> 
     </span>
    </p>

    <p class='ocr_par' dir='ltr' id='par_1_7' title="bbox 122 3292 1199 3632">
     <span class='ocr_line' id='line_1_33' title="bbox 180 3292 1198 3363; baseline 0.001 -21"><span class='ocrx_word' id='word_1_266' title='bbox 180 3293 277 3356; x_wconf 85' lang='lat' dir='ltr'>Quid?</span> <span class='ocrx_word' id='word_1_267' title='bbox 300 3293 351 3344; x_wconf 83' lang='lat' dir='ltr'>itta</span> <span class='ocrx_word' id='word_1_268' title='bbox 379 3296 422 3344; x_wconf 78' lang='lat' dir='ltr'>vis</span> <span class='ocrx_word' id='word_1_269' title='bbox 447 3311 515 3363; x_wconf 83' lang='lat' dir='ltr'>quae</span> <span class='ocrx_word' id='word_1_270' title='bbox 538 3293 648 3344; x_wconf 77' lang='lat' dir='ltr'>tandem</span> <span class='ocrx_word' id='word_1_271' title='bbox 698 3294 752 3343; x_wconf 92' lang='lat' dir='ltr'>uod</span> <span class='ocrx_word' id='word_1_272' title='bbox 765 3292 927 3344; x_wconf 82' lang='lat' dir='ltr'>nominarim</span> <span class='ocrx_word' id='word_1_273' title='bbox 941 3292 1031 3360; x_wconf 88' lang='lat' dir='ltr'>cuique</span> <span class='ocrx_word' id='word_1_274' title='bbox 1043 3293 1082 3343; x_wconf 84' lang='lat' dir='ltr'>rei</span> <span class='ocrx_word' id='word_1_275' title='bbox 1094 3293 1198 3343; x_wconf 85' lang='lat' dir='ltr'>insitam</span> 
     </span>
     <span class='ocr_line' id='line_1_34' title="bbox 123 3311 1197 3427; baseline -0.003 -15"><span class='ocrx_word' id='word_1_276' title='bbox 123 3361 181 3427; x_wconf 81' lang='lat' dir='ltr'>est)</span> <span class='ocrx_word' id='word_1_277' title='bbox 200 3359 284 3411; x_wconf 83' lang='lat' dir='ltr'>Diria.</span> <span class='ocrx_word' id='word_1_278' title='bbox 305 3363 326 3410; x_wconf 87' lang='lat' dir='ltr'>I.-</span> <span class='ocrx_word' id='word_1_279' title='bbox 348 3367 390 3419; x_wconf 82' lang='lat'>27.</span> <span class='ocrx_word' id='word_1_280' title='bbox 426 3361 518 3425; x_wconf 81' lang='lat' dir='ltr'>Quid?</span> <span class='ocrx_word' id='word_1_281' title='bbox 533 3361 579 3412; x_wconf 85' lang='lat' dir='ltr'>illa</span> <span class='ocrx_word' id='word_1_282' title='bbox 596 3362 647 3412; x_wconf 85' lang='lat' dir='ltr'>duo</span> <span class='ocrx_word' id='word_1_283' title='bbox 680 3311 810 3411; x_wconf 73' lang='lat' dir='ltr'>ieclarare</span> <span class='ocrx_word' id='word_1_284' title='bbox 825 3359 982 3420; x_wconf 87' lang='lat' dir='ltr'>censuerint,</span> <span class='ocrx_word' id='word_1_285' title='bbox 1011 3360 1125 3426; x_wconf 82' lang='lat' dir='ltr'>adeoque</span> <span class='ocrx_word' id='word_1_286' title='bbox 1144 3376 1197 3410; x_wconf 88' lang='lat' dir='ltr'>nou</span> 
     </span>
     <span class='ocr_line' id='line_1_35' title="bbox 123 3426 1198 3497; baseline -0.003 -18"><span class='ocrx_word' id='word_1_287' title='bbox 123 3427 243 3488; x_wconf 83' lang='lat' dir='ltr'>somnia,</span> <span class='ocrx_word' id='word_1_288' title='bbox 274 3444 340 3497; x_wconf 88' lang='lat' dir='ltr'>quae</span> <span class='ocrx_word' id='word_1_289' title='bbox 363 3428 513 3478; x_wconf 88' lang='lat' dir='ltr'>creberrimo</span> <span class='ocrx_word' id='word_1_290' title='bbox 533 3445 648 3480; x_wconf 53' lang='lat' dir='ltr'>comme</span> <span class='ocrx_word' id='word_1_291' title='bbox 680 3427 809 3479; x_wconf 87' lang='lat' dir='ltr'>hominum</span> <span class='ocrx_word' id='word_1_292' title='bbox 834 3426 1008 3489; x_wconf 85' lang='lat' dir='ltr'>institutione,</span> <span class='ocrx_word' id='word_1_293' title='bbox 1039 3426 1086 3476; x_wconf 81' lang='lat' dir='ltr'>sed</span> <span class='ocrx_word' id='word_1_294' title='bbox 1106 3437 1198 3476; x_wconf 87' lang='lat' dir='ltr'>natura</span> 
     </span>
     <span class='ocr_line' id='line_1_36' title="bbox 122 3493 1198 3566; baseline -0.004 -19"><span class='ocrx_word' id='word_1_295' title='bbox 122 3504 287 3548; x_wconf 87' lang='lat' dir='ltr'>morantura</span> <span class='ocrx_word' id='word_1_296' title='bbox 316 3495 425 3557; x_wconf 84' lang='lat' dir='ltr'>Stoicis,</span> <span class='ocrx_word' id='word_1_297' title='bbox 456 3497 517 3566; x_wconf 86' lang='lat' dir='ltr'>quis</span> <span class='ocrx_word' id='word_1_298' title='bbox 540 3496 649 3547; x_wconf 76' lang='lat' dir='ltr'>eundern</span> <span class='ocrx_word' id='word_1_299' title='bbox 680 3495 824 3561; x_wconf 82' lang='lat' dir='ltr'>significare</span> <span class='ocrx_word' id='word_1_300' title='bbox 844 3493 1029 3544; x_wconf 83' lang='lat' dir='ltr'>decreverint.“</span> <span class='ocrx_word' id='word_1_301' title='bbox 1061 3493 1198 3544; x_wconf 81' lang='lat' dir='ltr'>Audiamus</span> 
     </span>
     <span class='ocr_line' id='line_1_37' title="bbox 123 3560 1199 3632; baseline -0.004 -18"><span class='ocrx_word' id='word_1_302' title='bbox 123 3571 217 3632; x_wconf 88' lang='lat' dir='ltr'>potest</span> <span class='ocrx_word' id='word_1_303' title='bbox 237 3561 420 3614; x_wconf 80' lang='lat' dir='ltr'>contemnere?</span> <span class='ocrx_word' id='word_1_304' title='bbox 682 3561 794 3612; x_wconf 83' lang='lat' dir='ltr'>Gellium</span> <span class='ocrx_word' id='word_1_305' title='bbox 810 3562 845 3611; x_wconf 87' lang='lat' dir='ltr'>N.</span> <span class='ocrx_word' id='word_1_306' title='bbox 858 3562 889 3611; x_wconf 80' lang='grc' dir='ltr'>Δ.</span> <span class='ocrx_word' id='word_1_307' title='bbox 904 3562 941 3623; x_wconf 88' lang='lat' dir='ltr'>X,</span> <span class='ocrx_word' id='word_1_308' title='bbox 956 3560 983 3618; x_wconf 79' lang='lat'>4.</span> <span class='ocrx_word' id='word_1_309' title='bbox 1001 3560 1199 3623; x_wconf 78' lang='lat' dir='ltr'>„Nominareu-</span> 
     </span>
    </p>
   </div>
   <div class='ocr_carea' id='block_1_5' title="bbox 110 3620 1212 3814">
    <p class='ocr_par' dir='ltr' id='par_1_8' title="bbox 110 3620 1212 3814">
     <span class='ocr_line' id='line_1_38' title="bbox 110 3620 1212 3748; baseline -0.002 -67"><span class='ocrx_word' id='word_1_310' title='bbox 110 3664 114 3681; x_wconf 83' lang='lat'><strong>.</strong></span> <span class='ocrx_word' id='word_1_311' title='bbox 176 3634 221 3689; x_wconf 76' lang='grc'>62.</span> <span class='ocrx_word' id='word_1_312' title='bbox 239 3643 287 3681; x_wconf 76' lang='lat' dir='ltr'>nur</span> <span class='ocrx_word' id='word_1_313' title='bbox 310 3631 356 3748; x_wconf 75' lang='lat' dir='ltr'>gui</span> <span class='ocrx_word' id='word_1_314' title='bbox 376 3631 489 3700; x_wconf 77' lang='lat' dir='ltr'>primusl</span> <span class='ocrx_word' id='word_1_315' title='bbox 514 3632 580 3694; x_wconf 83' lang='lat' dir='ltr'>Aut,</span> <span class='ocrx_word' id='word_1_316' title='bbox 606 3620 650 3697; x_wconf 84' lang='lat' dir='ltr'>qui</span> <span class='ocrx_word' id='word_1_317' title='bbox 682 3629 773 3680; x_wconf 86' lang='lat' dir='ltr'>borum</span> <span class='ocrx_word' id='word_1_318' title='bbox 796 3645 850 3678; x_wconf 90' lang='lat' dir='ltr'>non</span> <span class='ocrx_word' id='word_1_319' title='bbox 871 3627 959 3706; x_wconf 83' lang='lat' dir='ltr'>positu</span> <span class='ocrx_word' id='word_1_320' title='bbox 987 3628 1113 3690; x_wconf 83' lang='lat' dir='ltr'>fortuito,</span> <span class='ocrx_word' id='word_1_321' title='bbox 1152 3628 1212 3695; x_wconf 38' lang='lat' dir='ltr'>sed·</span> 
     </span>
     <span class='ocr_line' id='line_1_39' title="bbox 122 3695 1199 3814; baseline -0.001 -66"><span class='ocrx_word' id='word_1_322' title='bbox 122 3697 225 3767; x_wconf 80' lang='lat' dir='ltr'>primus</span> <span class='ocrx_word' id='word_1_323' title='bbox 241 3698 310 3749; x_wconf 84' lang='lat' dir='ltr'>omui</span> <span class='ocrx_word' id='word_1_324' title='bbox 327 3717 357 3748; x_wconf 82' lang='lat' dir='ltr'>us</span> <span class='ocrx_word' id='word_1_325' title='bbox 372 3699 448 3748; x_wconf 88' lang='lat' dir='ltr'>rebus</span> <span class='ocrx_word' id='word_1_326' title='bbox 472 3699 576 3748; x_wconf 86' lang='lat' dir='ltr'>nomina</span> <span class='ocrx_word' id='word_1_327' title='bbox 598 3697 649 3747; x_wconf 90' lang='lat' dir='ltr'>im·</span> <span class='ocrx_word' id='word_1_328' title='bbox 681 3696 791 3814; x_wconf 70' lang='lat' dir='ltr'>gaudum</span> <span class='ocrx_word' id='word_1_329' title='bbox 804 3695 1051 3746; x_wconf 80' lang='lat' dir='ltr'>virauonenaturae</span> <span class='ocrx_word' id='word_1_330' title='bbox 1064 3696 1133 3747; x_wconf 76' lang='lat' dir='ltr'>facta</span> <span class='ocrx_word' id='word_1_331' title='bbox 1144 3713 1199 3747; x_wconf 82' lang='lat' dir='ltr'>esse</span> 
     </span>
    </p>
   </div>
   <div class='ocr_carea' id='block_1_6' title="bbox 121 3761 1285 4311">
    <p class='ocr_par' dir='ltr' id='par_1_9' title="bbox 121 3761 1285 4311">
     <span class='ocr_line' id='line_1_40' title="bbox 121 3761 1199 3834; baseline 0 -20"><span class='ocrx_word' id='word_1_332' title='bbox 121 3764 222 3834; x_wconf 62' lang='lat' dir='ltr'>mouit,</span> <span class='ocrx_word' id='word_1_333' title='bbox 239 3765 295 3816; x_wconf 84' lang='lat' dir='ltr'>isne</span> <span class='ocrx_word' id='word_1_334' title='bbox 310 3765 357 3817; x_wconf 88' lang='lat' dir='ltr'>tibi</span> <span class='ocrx_word' id='word_1_335' title='bbox 373 3783 404 3815; x_wconf 83' lang='lat' dir='ltr'>ex</span> <span class='ocrx_word' id='word_1_336' title='bbox 419 3766 468 3816; x_wconf 87' lang='lat' dir='ltr'>hac</span> <span class='ocrx_word' id='word_1_337' title='bbox 482 3776 584 3817; x_wconf 86' lang='lat' dir='ltr'>terrena</span> <span class='ocrx_word' id='word_1_338' title='bbox 599 3783 649 3815; x_wconf 89' lang='lat' dir='ltr'>ua·</span> <span class='ocrx_word' id='word_1_339' title='bbox 703 3799 710 3813; x_wconf 92' lang='lat'><strong>.</strong></span> <span class='ocrx_word' id='word_1_340' title='bbox 725 3761 843 3830; x_wconf 84' lang='lat' dir='ltr'>Nigidius</span> <span class='ocrx_word' id='word_1_341' title='bbox 859 3790 892 3802; x_wconf 92' lang='lat'><em>—</em></span> <span class='ocrx_word' id='word_1_342' title='bbox 909 3763 1001 3825; x_wconf 86' lang='lat' dir='ltr'>docet,</span> <span class='ocrx_word' id='word_1_343' title='bbox 1021 3780 1076 3814; x_wconf 86' lang='lat' dir='ltr'>rem</span> <span class='ocrx_word' id='word_1_344' title='bbox 1097 3764 1199 3814; x_wconf 85' lang='lat' dir='ltr'>sanein</span> 
     </span>
     <span class='ocr_line' id='line_1_41' title="bbox 122 3828 1202 3949; baseline -0.002 -66"><span class='ocrx_word' id='word_1_345' title='bbox 122 3843 185 3883; x_wconf 85' lang='lat' dir='ltr'>tura</span> <span class='ocrx_word' id='word_1_346' title='bbox 202 3842 338 3884; x_wconf 76' lang='lat' dir='ltr'>cosmatus</span> <span class='ocrx_word' id='word_1_347' title='bbox 350 3833 471 3884; x_wconf 84' lang='lat' dir='ltr'>videtur?</span> <span class='ocrx_word' id='word_1_348' title='bbox 487 3863 519 3873; x_wconf 93' lang='lat'><em>-</em></span> <span class='ocrx_word' id='word_1_349' title='bbox 553 3832 648 3886; x_wconf 85' lang='lat' dir='ltr'>Eadem</span> <span class='ocrx_word' id='word_1_350' title='bbox 681 3828 859 3949; x_wconf 73' lang='lat' dir='ltr'>philosophiae</span> <span class='ocrx_word' id='word_1_351' title='bbox 889 3830 1105 3898; x_wconf 53' lang='lat' dir='ltr'>disquisitionibus</span> <span class='ocrx_word' id='word_1_352' title='bbox 1128 3831 1202 3882; x_wconf 85' lang='lat' dir='ltr'>cele-</span> 
     </span>
     <span class='ocr_line' id='line_1_42' title="bbox 123 3898 1285 3968; baseline 0.003 -18"><span class='ocrx_word' id='word_1_353' title='bbox 123 3899 647 3968; x_wconf 75' lang='lat' dir='ltr'>verborumcousequutioDirin.1,11.</span> <span class='ocrx_word' id='word_1_354' title='bbox 698 3914 765 3965; x_wconf 61' lang='lat' dir='ltr'>rema</span> <span class='ocrx_word' id='word_1_355' title='bbox 816 3898 886 3950; x_wconf 85' lang='lat' dir='ltr'>uaeri</span> <span class='ocrx_word' id='word_1_356' title='bbox 908 3900 976 3949; x_wconf 84' lang='lat' dir='ltr'>enim</span> <span class='ocrx_word' id='word_1_357' title='bbox 1004 3898 1108 3951; x_wconf 85' lang='lat' dir='ltr'>solitum</span> <span class='ocrx_word' id='word_1_358' title='bbox 1131 3898 1200 3967; x_wconf 87' lang='lat' dir='ltr'>apud</span> <span class='ocrx_word' id='word_1_359' title='bbox 1275 3936 1285 3953; x_wconf 39' lang='lat' dir='ltr'>a</span> 
     </span>
     <span class='ocr_line' id='line_1_43' title="bbox 124 3916 1200 4035; baseline 0 -17"><span class='ocrx_word' id='word_1_360' title='bbox 124 3966 199 4030; x_wconf 87' lang='lat' dir='ltr'>Quid</span> <span class='ocrx_word' id='word_1_361' title='bbox 219 3984 281 4019; x_wconf 86' lang='lat' dir='ltr'>vero</span> <span class='ocrx_word' id='word_1_362' title='bbox 308 3967 406 4021; x_wconf 86' lang='lat' dir='ltr'>Phoebi</span> <span class='ocrx_word' id='word_1_363' title='bbox 426 3968 490 4019; x_wconf 78' lang='lat' dir='ltr'>fax?</span> <span class='ocrx_word' id='word_1_364' title='bbox 511 3997 546 4009; x_wconf 94' lang='lat'><em>-</em></span> <span class='ocrx_word' id='word_1_365' title='bbox 596 3971 649 4018; x_wconf 80' lang='lat' dir='ltr'>Aut</span> <span class='ocrx_word' id='word_1_366' title='bbox 680 3916 864 4035; x_wconf 72' lang='lat' dir='ltr'>philosopios,</span> <span class='ocrx_word' id='word_1_367' title='bbox 897 3966 980 4035; x_wconf 72' lang='lat' dir='ltr'>spiere</span> <span class='ocrx_word' id='word_1_368' title='bbox 1006 3965 1043 4019; x_wconf 73' lang='grc' dir='ltr'>τὰ</span> <span class='ocrx_word' id='word_1_369' title='bbox 1074 3964 1200 4034; x_wconf 69' lang='grc' dir='ltr'><strong><em>ὀνόματα</em></strong></span> 
     </span>
     <span class='ocr_line' id='line_1_44' title="bbox 125 4033 1200 4102; baseline -0.002 -17"><span class='ocrx_word' id='word_1_370' title='bbox 125 4053 185 4086; x_wconf 89' lang='lat' dir='ltr'>cum</span> <span class='ocrx_word' id='word_1_371' title='bbox 200 4034 254 4086; x_wconf 75' lang='lat' dir='ltr'>-i</span> <span class='ocrx_word' id='word_1_372' title='bbox 271 4038 340 4085; x_wconf 62' lang='lat' dir='ltr'>unt</span> <span class='ocrx_word' id='word_1_373' title='bbox 355 4053 412 4086; x_wconf 87' lang='lat' dir='ltr'>cnm</span> <span class='ocrx_word' id='word_1_374' title='bbox 428 4035 481 4086; x_wconf 76' lang='lat' dir='ltr'>-i</span> <span class='ocrx_word' id='word_1_375' title='bbox 681 4033 775 4086; x_wconf 81' lang='lat' dir='ltr'>eintnn</span> <span class='ocrx_word' id='word_1_376' title='bbox 789 4033 897 4088; x_wconf 54' lang='grc' dir='ltr'>θύσειέ(</span> <span class='ocrx_word' id='word_1_377' title='bbox 925 4036 962 4084; x_wconf 80' lang='lat' dir='ltr'>Ac</span> <span class='ocrx_word' id='word_1_378' title='bbox 976 4033 1086 4102; x_wconf 79' lang='lat' dir='ltr'>priorem</span> <span class='ocrx_word' id='word_1_379' title='bbox 1098 4034 1200 4102; x_wconf 86' lang='lat' dir='ltr'>quidem</span> 
     </span>
     <span class='ocr_line' id='line_1_45' title="bbox 178 4100 1200 4174; baseline -0.005 -19"><span class='ocrx_word' id='word_1_380' title='bbox 178 4103 372 4172; x_wconf 82' lang='lat' dir='ltr'>quodsummae</span> <span class='ocrx_word' id='word_1_381' title='bbox 384 4103 649 4174; x_wconf 75' lang='lat' dir='ltr'>snpientiaePyelrn-</span> <span class='ocrx_word' id='word_1_382' title='bbox 682 4101 835 4153; x_wconf 82' lang='lat' dir='ltr'>sententiam</span> <span class='ocrx_word' id='word_1_383' title='bbox 850 4101 925 4152; x_wconf 83' lang='lat' dir='ltr'>Plato</span> <span class='ocrx_word' id='word_1_384' title='bbox 939 4102 968 4151; x_wconf 89' lang='lat' dir='ltr'>in</span> <span class='ocrx_word' id='word_1_385' title='bbox 978 4102 1081 4169; x_wconf 76' lang='lat' dir='ltr'>cratylo</span> <span class='ocrx_word' id='word_1_386' title='bbox 1095 4100 1200 4152; x_wconf 87' lang='lat' dir='ltr'>mirifice</span> 
     </span>
     <span class='ocr_line' id='line_1_46' title="bbox 124 4166 1204 4240; baseline -0.004 -20"><span class='ocrx_word' id='word_1_387' title='bbox 124 4187 213 4240; x_wconf 82' lang='lat' dir='ltr'>gorne</span> <span class='ocrx_word' id='word_1_388' title='bbox 235 4173 324 4222; x_wconf 81' lang='lat' dir='ltr'>visum</span> <span class='ocrx_word' id='word_1_389' title='bbox 349 4171 398 4238; x_wconf 79' lang='lat' dir='ltr'>est)</span> <span class='ocrx_word' id='word_1_390' title='bbox 428 4173 462 4222; x_wconf 88' lang='grc' dir='ltr'>Η.</span> <span class='ocrx_word' id='word_1_391' title='bbox 484 4189 507 4222; x_wconf 89' lang='lat' dir='ltr'>e.</span> <span class='ocrx_word' id='word_1_392' title='bbox 529 4171 557 4221; x_wconf 91' lang='lat' dir='ltr'>id</span> <span class='ocrx_word' id='word_1_393' title='bbox 580 4170 649 4239; x_wconf 89' lang='lat' dir='ltr'>quod</span> <span class='ocrx_word' id='word_1_394' title='bbox 674 4170 847 4237; x_wconf 62' lang='lat' dir='ltr'>&lt;amplexatus</span> <span class='ocrx_word' id='word_1_395' title='bbox 873 4177 930 4230; x_wconf 83' lang='lat' dir='ltr'>est,</span> <span class='ocrx_word' id='word_1_396' title='bbox 971 4169 1082 4235; x_wconf 65' lang='lat' dir='ltr'>immune</span> <span class='ocrx_word' id='word_1_397' title='bbox 1108 4166 1204 4217; x_wconf 61' lang='lat' dir='ltr'>staini.</span> 
     </span>
     <span class='ocr_line' id='line_1_47' title="bbox 124 4234 1118 4311; baseline -0.007 -22"><span class='ocrx_word' id='word_1_398' title='bbox 124 4238 422 4311; x_wconf 75' lang='lat' dir='ltr'>summam&#39;rapientiam</span> <span class='ocrx_word' id='word_1_399' title='bbox 446 4238 578 4291; x_wconf 70' lang='lat' dir='ltr'>declarare</span> <span class='ocrx_word' id='word_1_400' title='bbox 596 4241 650 4308; x_wconf 85' lang='lat' dir='ltr'>Py·</span> <span class='ocrx_word' id='word_1_401' title='bbox 684 4236 814 4292; x_wconf 59' lang='lat' dir='ltr'>Gulosus</span> <span class='ocrx_word' id='word_1_402' title='bbox 827 4234 972 4290; x_wconf 59' lang='lat' dir='ltr'>susum</span> <span class='ocrx_word' id='word_1_403' title='bbox 981 4235 1118 4305; x_wconf 66' lang='lat' dir='ltr'>prolutus.</span> 
     </span>
    </p>
   </div>
   <div class='ocr_carea' id='block_1_7' title="bbox 0 0 1329 4626">
    <p class='ocr_par' dir='ltr' id='par_1_10' title="bbox 0 0 1329 4626">
     <span class='ocr_line' id='line_1_48' title="bbox 0 0 1329 4626; baseline 0 0"><span class='ocrx_word' id='word_1_404' title='bbox 0 0 1329 4626; x_wconf 95' lang='lat' dir='ltr'> </span> 
     </span>
    </p>
   </div>
  </div>
 </body>
</html>
