2640 4626
481 248 731 307 erasurum
864 226 921 267 ·'
1076 243 1144 310 217·

65 383 144 440 ante
169 366 301 440 videris.
326 367 438 466 itaque
454 365 547 475 apud
562 366 792 467 Euripidema
813 368 944 441 Theseo
960 369 1048 444 dieta
1070 371 1140 445 lau-

66 469 210 544 danture
236 469 312 542 lieet
340 469 446 557 euim,
471 485 509 543 ut
535 495 636 568 saepe
662 468 821 558 facimus,
848 470 884 542 in
908 473 1063 548 Latinum
1083 474 1139 550 illa

65 588 274 649 convertere:
987 594 993 605 '

151 695 229 754 Nam
250 693 305 772 qui
324 692 399 752 haee
420 693 523 753 audita
545 713 562 750 a
583 692 672 752 docto
693 693 890 753 meminissem
910 697 996 772 viro,

152 779 283 839 Futuras
304 798 423 840 meeum
444 778 667 837 commentabar
687 779 838 838 miserias:

151 864 216 923 Aut
235 873 362 923 mortem
384 864 537 938 acerbam,
561 870 614 920 aut
635 862 723 921 exsili
742 874 883 931 maestam
903 865 1019 944 sugam,

152 948 214 1007 Aut
234 969 351 1027 semper
371 948 502 1025 aliquam
523 947 633 1006 molem
654 947 820 1006 meditabar
844 949 935 1008 mali:

151 1033 213 1108 Ut,
236 1033 262 1091 si
284 1053 342 1110 qua
363 1033 483 1092 invecta
505 1032 609 1090 diritas
632 1034 742 1090 casus⁵
764 1034 859 1108 soret',

152 1118 196 1175 Ne
216 1117 466 1196 me-imparatum
487 1137 560 1175 cura
581 1117 727 1175 laceraret
747 1138 863 1196 repens.

64 1222 123 1293 30.
163 1213 266 1310 Quod
310 1232 417 1288 autem
448 1214 597 1287 Theseus
632 1243 649 1285 a
683 1215 794 1286 docto·
813 1243 849 1287 se
885 1216 1017 1290 audisse
1045 1217 1136 1308 dicit,

65 1316 103 1388 id
144 1316 186 1390 de
219 1316 352 1418 seipso
375 1317 523 1417 loquitur
546 1316 732 1416 Euripides.
758 1315 865 1390 suerat
891 1320 979 1391 enim
1004 1322 1137 1394 auditor

64 1417 301 1516 Anaxagorae:
334 1448 432 1519 quern
457 1419 582 1507 ferunt,
608 1419 756 1491 nuntiata
780 1436 884 1492 nrorte
911 1420 976 1509 fili,
1003 1423 1136 1513 dixisse,

66 1522 231 1593 Sciebam
253 1550 310 1593 me
325 1527 492 1618 genuisse
506 1522 700 1594 mortalem.
726 1550 809 1623 quae
827 1552 890 1594 vox
905 1522 1068 1614 declarat,
1093 1527 1135 1600 iis

64 1650 139 1697 esse
154 1623 236 1696 haec
256 1625 394 1711 acerba,
419 1624 540 1724 quibus
555 1634 624 1697 non
638 1623 761 1696 fiaerint
777 1626 926 1724 cogitata.

120 1756 122 1763 ·
164 1726 255 1823 Ergo
279 1726 315 1799 id
340 1727 474 1826 quidem
497 1755 566 1799 non
592 1726 749 1815 dubium,
782 1729 864 1827 quin
884 1727 1019 1817 omnia,
1051 1757 1136 1829 quae

62 1826 150 1900 mala
179 1844 353 1928 putentur,
378 1830 445 1902 sint
472 1829 651 1928 improvisa
675 1829 833 1927 graviora.
867 1832 994 1931 itaque,
1020 1836 1136 1933 quam-

63 1958 163 2028 quam
173 1958 242 2003 non
253 1932 332 2004 haec
350 1960 416 2004 una
430 1942 482 2005 re's
500 1930 600 2004 efficit
612 1933 789 2005 maximam
805 1933 1061 2030 aegritudinem
1085 1951 1135 2010 ta·

62 2060 161 2120 men,
186 2033 343 2131 quoniam
367 2032 506 2106 multum
530 2049 640 2132 potest
660 2033 808 2133 provisio
827 2035 929 2107 animi
946 2051 978 2108 et
994 2063 1133 2136 praepa-

61 2135 148 2207 ratio
174 2135 218 2226 ad
238 2136 455 2210 minuendum
479 2135 645 2222 dolorem,
671 2135 737 2208 sint
755 2164 886 2236 semper
901 2137 1012 2209 omnia
1027 2137 1133 2210 homi-

60 2237 96 2309 ni
122 2237 267 2337 humana
292 2239 516 2333 meditataet
538 2237 697 2311 nimirum
719 2237 800 2312 haec
824 2255 872 2312 est
889 2239 945 2313 illa
960 2257 1132 2340 praestans
1159 2331 1162 2337 .

129 2446 146 2500 5
162 2440 205 2492 Sis
217 2440 249 2494 de
262 2441 342 2493 Bouh.
357 2441 482 2493 sententia
496 2441 541 2492 W.
556 2469 591 2480 -
606 2444 647 2492 Or.
663 2441 731 2508 vulg.
748 2432 812 2492 easu
826 2441 913 2508 redux.
937 2442 1026 2493 Recte.

112 2560 172 2609 Gla.
184 2560 255 2610 XIV.
273 2563 314 2616 29.
333 2559 406 2628 apud
415 2558 579 2628 Euripidem)
614 2560 654 2610 fra
680 2577 701 2609 o.
716 2565 763 2623 22,
781 2566 823 2629 52.
850 2577 999 2627 quamquam
1021 2559 1132 2611 hostium
1174 2568 1176 2573 ’

60 2624 87 2676 in
104 2627 240 2695 deperdita
256 2627 359 2688 fabula,
377 2644 442 2705 quae
458 2626 581 2693 inscripta
614 2645 709 2696 repens
741 2627 862 2677 adventus
891 2627 972 2692 magis
1000 2627 1135 2695 aliquanto

61 2704 101 2744 est
133 2695 258 2745 Theseus.
310 2694 439 2762 Euriprd.=.
454 2697 579 2760 Fragmm.
614 2695 763 2758 conturbat,
781 2712 854 2762 quam
870 2704 1037 2761 exspectatus.

60 2780 85 2829 p.
104 2762 165 2820 478.
191 2762 231 2812 ed.
254 2761 349 2813 Beekii.
384 2763 468 2815 Verba
489 2777 582 2830 graecu
663 2767 706 2820 30.
734 2781 812 2882 puem
834 2761 946 2831 ferunt)
980 2763 1019 2812 cf.
1045 2763 1130 2824 Valet.
1158 2770 1161 2775 '

59 2829 96 2879 sic
113 2847 140 2878 se
156 2828 264 2880 habent:
612 2830 716 2881 Maxim.
759 2835 833 2890 .10,
848 2835 955 2888 3.,extr.
1049 2840 1054 2851 '

94 2893 147 2964 ἐγὼ
163 2895 193 2950 δὲ
207 2899 292 2951 τοῦτο
306 2895 384 2966 παρὰ
400 2897 492 2962 σοφοῦ
504 2910 582 2959 um
662 2898 770 2948 multum
781 2900 876 2966 potest)
894 2900 923 2947 ln
938 2897 1062 2948 eiusmodi
1073 2898 1131 2949 for-

377 2965 481 3031 μοιθών
613 2965 687 3015 mulis
713 2977 738 3016 et
758 2984 838 3034 posse
861 2976 888 3015 et
912 2966 1003 3015 valere
1029 2966 1130 3016 dicitur.
1182 3002 1188 3007 -

93 3030 136 3091 eis
162 3031 315 3099 φροντίδας
341 3034 410 3086 νοῦν
434 3027 581 3098 συμφοράς
610 3033 655 3082 Sic
670 3032 777 3085 multum
793 3052 813 3083 s.
829 3033 963 3101 plurimum
978 3033 1131 3084 auctoritate

336 3099 359 3152 τ’
374 3095 531 3168 ἐβαλλόμὴν
610 3118 690 3170 posse
710 3119 729 3151 s.
747 3101 853 3150 valere:
878 3101 936 3168 plus
949 3119 1028 3169 posse
1042 3121 1061 3151 s.
1080 3120 1131 3151 va-

95 3163 189 3234 φνγοὶς
221 3164 247 3219 τ’
277 3165 386 3251 ἐμαυτῷ
420 3163 580 3233 προετιθεὶς
614 3170 676 3218 lere.
696 3169 799 3218 Terent.
815 3170 909 3219 Heaut.
922 3169 991 3218 Prol.
1007 3175 1048 3227 13.
1066 3169 1131 3219 dixit

336 3252 447 3300 πατρας
463 3231 531 3301 ἐμῆς
646 3237 711 3287 terit
727 3255 742 3286 a
757 3235 889 3295 facundia3
907 3245 934 3285 at
949 3237 1029 3286 Plaut.
1045 3237 1139 3303 Aulula

92 3297 241 3363 θανάτους
253 3298 277 3354 τ’
296 3298 405 3367 deipnos
421 3300 470 3354 καὶ
487 3301 580 3353 κακῶν
637 3340 645 3355 .
666 3310 698 3366 2,
721 3307 746 3360 9.
780 3303 849 3354 haud
876 3321 890 3353 a
916 3304 1024 3371 pecunia
1047 3305 1129 3355 valeo.

334 3370 419 3428 ἄλλοις
436 3367 534 3433 ὁδοὺς,Δ
552 3402 555 3408 ι
612 3372 644 3421 V.
657 3371 740 3421 Bremi
754 3371 786 3423 ud
797 3371 871 3422 Corn.
882 3371 948 3438 Nep.
958 3371 1034 3421 Dion.
1049 3373 1092 3420 ΙΙΙ.
1105 3375 1129 3427 3.

92 3434 132 3499 ὡς
148 3435 216 3490 εἴτι
232 3434 361 3505 πάσχοιμ’
385 3431 424 3489 ὦν
447 3431 579 3500 ἐδόξαζόν
612 3457 638 3507 p.
657 3443 714 3496 155.

378 3520 446 3558 ποτε
478 3523 494 3553 ο
662 3505 799 3571 nuditate)
833 3504 997 3572 Participium
1014 3504 1131 3555 medita-

93 3568 134 3640 μή
149 3582 199 3638 μοι
213 3569 326 3640 νέορτον
339 3568 496 3640 προςπεοὸν
510 3569 578 3636 satt-
612 3584 656 3622 sus
675 3586 750 3640 saepe
773 3572 841 3641 apud
859 3572 1005 3623 Ciceronem
1030 3571 1130 3640 passiva

336 3642 386 3692 λον
403 3640 494 3692 δάκοι.
569 3654 573 3661 ·
612 3639 795 3706 significatione
808 3640 948 3708 reperitur:
965 3650 995 3690 ut
1013 3641 1044 3690 de
1055 3640 1129 3690 Offie.

111 3707 175 3758 licet
190 3706 273 3769 enim)
295 3707 423 3759 Particula
447 3707 516 3755 enim
532 3721 579 3754 ex·
613 3710 632 3757 Ι.
652 3711 683 3769 8,
700 3713 742 3764 27.
766 3708 892 3758 ‘Leviora
917 3708 982 3757 enim
1007 3725 1037 3758 ea
1063 3718 1131 3770 sunt,

58 3775 181 3844 plioaudu
194 3783 233 3826 est
248 3774 298 3824 sio:
323 3775 413 3844 itaque
428 3773 499 3843 apud
514 3775 579 3826 Eur.
613 3792 677 3842 quae
697 3775 831 3843 repentino
855 3775 940 3842 aliquo
964 3786 1036 3826 motu
1061 3775 1132 3826 acci-

60 3862 79 3894 u
92 3844 194 3901 Theseo
210 3843 285 3893 dieto
297 3843 458 3904 laudantur,
476 3858 540 3909 quae
553 3839 587 3888 iu¹
614 3843 691 3905 dunt,
717 3861 791 3910 quam
807 3862 851 3905 ea,
878 3861 942 3910 quae
959 3845 1133 3897 auditumst

57 3911 168 3961 latinum
192 3928 333 3961 sermonem
352 3927 475 3964 conversa
497 3909 533 3960 sic
554 3924 593 3962 se*
613 3915 771 3978 praeparata
786 3912 936 3962 inferuntur.
970 3913 1001 3962 V.
1022 3911 1130 3962 Forcell.

58 3978 171 4038 habente
189 3978 251 4032 lieet
264 3978 339 4028 enim.
356 3979 495 4046 -Siesaepe
510 3977 581 4027 enim
614 3977 691 4027 Thes.
705 3980 762 4028 Lat.
779 3997 799 4029 s.
812 3997 837 4030 v.
854 3980 1005 4031 meditatus.
1031 3979 1132 4038 Caussa,

58 4047 222 4096 referendum
248 4056 286 4095 est
311 4046 344 4095 ad
367 4046 478 4114 aliquid,
512 4043 580 4112 quod
615 4063 659 4095 cur
682 4045 837 4113 deponentia
858 4064 934 4114 saepe
951 4047 1018 4114 apud
1035 4056 1132 4095 veteres

59 4124 146 4169 mente
160 4113 327 4180 supplendum
342 4123 388 4174 est,
406 4114 445 4163 uti
459 4131 535 4181 snpra
548 4111 581 4162 ed
615 4112 751 4180 scriptores
772 4115 871 4182 passive
889 4124 1031 4181 ponantur,
1056 4113 1083 4161 in
1101 4127 1132 4160 oo

63 4184 80 4237 l.
97 4186 131 4242 6,
151 4187 190 4239 11.
216 4180 450 4235 demonstravimus.
615 4182 758 4248 quaerenda
780 4191 834 4244 est,
861 4181 930 4248 quod
949 4197 1036 4230 eorum
1052 4180 1138 4228 forma

112 4251 217 4319 repens)
236 4250 270 4296 H.
281 4265 302 4298 e.
317 4248 456 4314 repentina.
483 4246 525 4301 Sic
539 4248 582 4301 iu·
616 4248 701 4307 aotisa
726 4248 840 4319 audonis
863 4249 1029 4317 tempoilous
1047 4245 1085 4295 'in
1100 4259 1157 4291 usu
