2640 4626
551 180 680 281 arsin
696 230 784 289 uta
1138 224 1204 293 209

128 365 177 423 est
193 348 385 423 innocentia
403 346 535 421 affectio
550 345 626 419 talis
642 346 755 435 animi,
780 375 866 447 quae
880 365 999 423 noceat
1011 352 1137 426 nemini
1151 395 1202 411 —

126 442 275 551 reliquas*
297 450 396 525 ctiam
417 450 553 524 virtutes
572 448 745 549 frugalitas
766 451 921 542 eontinet.
946 480 1031 553 quae
1046 454 1112 527 uisi
1129 471 1202 529 tan-

126 570 157 626 ta
188 569 293 642 esset,
319 569 352 627 et
373 552 402 624 si
420 553 462 624 iis
478 551 660 649 angustiis,
684 552 807 651 quibus
823 552 974 654 plerique
993 572 1129 656 putant,
1154 575 1203 633 te-

126 670 278 742 neretnr;
302 682 482 754 numquam
506 669 592 728 esset
606 654 643 726 1.
667 654 801 728 Pisonis
821 684 1008 754 cognomen
1029 674 1203 760 tantopere

125 757 305 831 laudatum.
356 765 413 836 17.
438 757 507 830 Sed
525 758 603 856 quia
617 783 679 830 nec
693 758 772 856 qui,
786 775 925 858 propter
938 777 1080 850 metum,
1105 788 1202 861 prae-

125 860 253 933 sidium
274 858 435 957 ,reliquit,
468 860 560 957 quod
594 873 644 934 est
678 858 844 956 ignaviam
870 889 930 935 uec
961 862 1037 962 qui,
1062 881 1202 964 propter

126 961 317 1050 avaritiam,
350 960 433 1035 clam
460 961 650 1061 depositum
675 988 743 1032 non
771 963 934 1052 reddidit,
967 966 1059 1064 quod
1084 983 1133 1039 est
1149 966 1201 1041 in-

125 1065 291 1153 iustitiae;
315 1092 376 1137 nec
394 1063 469 1162 qui,
494 1081 633 1164 propter
646 1064 878 1153 temeritatem,
902 1065 987 1141 male
1003 1096 1071 1142 rem
1088 1069 1202 1167 gessit,

125 1166 221 1267 quod
236 1183 285 1240 est
302 1165 476 1254 stultitiae,
490 1170 603 1264 srugi
615 1164 775 1267 appellari
793 1165 894 1241 solet:
921 1197 960 1242 eo
979 1169 1040 1243 tris
1052 1170 1200 1261 virtutes,
1275 1194 1278 1199 ’

124 1269 373 1355 fortitudinem,
398 1268 574 1356 iustitiam,
601 1268 828 1369 prudentiam,
853 1269 1025 1363 frugalitas
1045 1290 1095 1347 cst
1110 1300 1201 1351 com·

123 1372 223 1473 plexa
234 1376 274 1445 ⁴:
299 1371 376 1470 (etsi
392 1371 456 1443 hoe
473 1371 618 1469 quidem,
634 1399 807 1445 commune
824 1386 872 1445 est
887 1372 1062 1461 virtutum3
1082 1402 1199 1453 omnes

124 1474 217 1549 enim
239 1473 324 1547 inter
349 1501 384 1545 se
400 1501 502 1547 nexae
519 1490 551 1546 et
567 1473 697 1571 iugatae
713 1482 821 1567 suntz)
845 1473 1010 1573 reliquum
1023 1476 1125 1573 igitur
1139 1494 1199 1567 est,

124 1593 243 1677 quarta
260 1577 364 1648 virtus
380 1591 417 1646 ut
436 1575 481 1647 sit
497 1576 572 1675 ipsa
586 1574 766 1674 frugalitas.¹
792 1576 863 1653 cius
878 1577 967 1651 enim
983 1577 1198 1657 videturesse

122 1679 323 1780 proprium,
349 1694 458 1750 motus
493 1677 594 1749 animi
628 1678 843 1776 appetentis⁵
878 1706 992 1777 regere
1015 1695 1047 1753 et
1071 1680 1199 1770 sedare,

124 1808 323 1880 semperque
346 1780 573 1852 adversantem
599 1779 751 1867 libidini,
776 1780 980 1854 moderatam
1003 1781 1038 1855 in
1058 1783 1148 1857 omni
1161 1812 1198 1857 re

123 1911 257 1959 servare
281 1882 517 1956 constantiam:
545 1883 597 1955 cui
624 1882 824 1980 contrarium
845 1883 960 1955 vitium
983 1885 1199 1983 nequitia-di-

123 1987 220 2061 citur.
248 2073 252 2079 ἡ
274 1991 328 2064 18.
359 1986 589 2080 Frugalitus,
614 2002 650 2055 ut
671 1985 811 2084 opinor,
837 2014 856 2056 a
865 1988 1091 2084 frugesque
1113 1987 1198 2060 nihil

122 2089 244 2162 melius
274 2104 416 2159 eterra:
442 2090 602 2186 nequitia
627 2087 668 2158 ab
693 2091 760 2159 eo⁶
781 2087 858 2183 (etsi
881 2086 945 2160 hoc
973 2087 1035 2158 erit
1058 2087 1198 2162 sortasse

122 2191 261 2275 dumus:
284 2190 348 2262 >sed
372 2205 551 2261 tentemus:
579 2188 697 2261 lusisse
712 2206 883 2287 putemur,
908 2190 937 2260 si
951 2188 1035 2261 nihil
1050 2190 1092 2261 sit
1103 2194 1127 2287 3)
1154 2191 1196 2264 ab

124 2322 187 2379 eo,
209 2291 305 2390 quod
330 2291 572 2390 nequidquam
597 2307 646 2364 est
663 2291 696 2362 in
713 2291 770 2362 tali
786 2290 936 2364 homine:
963 2319 1002 2364 cr
1024 2319 1090 2389 quo
1107 2292 1197 2366 idem

125 2394 261 2468 nihili8
283 2393 405 2466 dicitur
422 2438 468 2448 -
485 2394 542 2492 qui
558 2393 600 2465 sit
613 2392 705 2490 srugi
724 2392 837 2489 igitur,
863 2392 923 2478 vel,
950 2393 978 2465 si
995 2393 1109 2480 mavis,
1126 2421 1197 2466 rno-

122 2499 260 2571 deratus
285 2510 317 2568 et
337 2511 544 2594 temperans,
571 2523 645 2568 eum
670 2522 805 2567 necesse
820 2511 868 2567 est
885 2521 957 2566 esse
976 2509 1197 2583 constantenr;

123 2601 184 2700 qui
200 2615 307 2671 autem
325 2614 490 2683 constans,
517 2597 681 2694 quietum;
708 2597 763 2696 qui
782 2596 921 2694 quietus,
947 2596 1196 2696 perturbatione

123 2702 380 2775 omnivacnum:
409 2727 487 2796 ergo
503 2700 600 2772 etiam
617 2688 826 2796 aegritudine
856 2714 888 2772 et
901 2715 978 2771 sunt
994 2697 1048 2771 illa
1064 2699 1197 2799 sapien·

120 2804 176 2877 tis.
202 2802 308 2876 aberit
327 2802 428 2899 igitur
445 2830 463 2874 a
478 2802 627 2901 sapiente
641 2801 822 2898 aegritudo.

192 2955 209 3011 4
226 2957 269 3005 Or.
287 2971 309 3004 o.
326 2955 357 3004 R.
374 2954 433 3003 MD.
452 2954 544 3022 compl.
563 2966 611 3004 est.
629 2954 635 2962 '
652 2958 668 3011 5
686 2956 729 3003 Or.
746 2962 776 3002 ut
798 2951 889 3020 ubique
905 2963 1059 3023 appetentes
1080 2968 1127 3021 pro
1146 2934 1196 3003 an-

121 3025 198 3142 tiqua
220 3021 303 3099 ferma
318 3039 400 3071 accus.
417 3021 444 3070 in
457 3023 490 3070 is.
542 3023 607 3078 6V.
624 3020 690 3072 ndu.
740 3023 826 3078 &On
853 3020 1196 3083 unwapnandin
1275 3018 1280 3027 ’

122 3109 138 3143 v
170 3108 196 3157 g.
215 3088 296 3139 nebda
310 3089 494 3139 correctionem
512 3106 566 3148 esse
581 3098 682 3156 putans.

175 3189 332 3260 cognomen)
356 3189 445 3257 Frugi
462 3188 528 3237 enim
546 3203 647 3253 cogno-
679 3197 778 3251 nantes,
796 3184 948 3254 aegritudini
960 3203 987 3238 se
1000 3186 1083 3238 solent
1094 3185 1195 3251 dedere,

121 3258 269 3311 minabatur
282 3258 313 3306 L.
329 3253 403 3316 Piso,
421 3265 494 3304 tanta
508 3254 604 3305 virtute
619 3266 647 3305 ct
680 3256 710 3305 id
726 3255 753 3304 hi
769 3265 845 3323 turpe
859 3265 996 3322 putantes,
1012 3254 1197 3323 aegritudinem
1295 3264 1301 3277 '

110 3324 288 3392 integritate,
315 3332 345 3372 nt
368 3321 444 3372 etiam
467 3322 518 3371 illis
544 3321 646 3390 optimis
679 3323 839 3389 repulerunt:
857 3322 902 3372 ubi
921 3322 953 3372 cl.
971 3323 1113 3390 exemplum
1128 3322 1196 3371 alla-

121 3391 283 3461 tenporibus
295 3390 378 3457 (circa
393 3408 415 3439 a.
432 3407 456 3438 u.
472 3390 550 3454 604),
570 3406 646 3455 quum
678 3399 739 3439 tum.
757 3419 790 3427 -
824 3389 933 3455 Reliqua
954 3404 1016 3439 roro
1031 3387 1147 3455 exempla
1163 3387 1195 3447 ab

119 3450 253 3513 bominem
268 3457 383 3509 invenire
396 3473 504 3523 usquam
520 3457 646 3506 nerninem
680 3474 711 3506 eo
727 3456 836 3506 adducta
850 3454 934 3504 aliena
946 3454 1051 3505 suntab
1063 3452 1114 3504 hoc
1126 3453 1195 3503 loco.

119 3544 228 3599 posses,
255 3525 324 3577 solus
347 3534 432 3574 tamen
450 3524 538 3592 Frugi
560 3523 645 3572 nomi·
730 3522 919 3591 nequidquam)
946 3522 1029 3571 Varro
1049 3520 1080 3570 I..
1098 3521 1129 3570 L.
1146 3520 1195 3569 IX.

119 3605 239 3647 notetur.
255 3593 307 3643 Cic.
316 3610 364 3661 pro
374 3593 448 3641 Font.
463 3609 483 3640 c.
495 3596 533 3648 13.
548 3590 644 3641 Neide.
680 3593 701 3659 §.
718 3597 743 3647 5.
776 3592 813 3638 Ex
830 3607 863 3638 ne
883 3598 909 3639 et
932 3588 1089 3656 quidquam,
1113 3584 1196 3637 media

175 3666 217 3721 18.
235 3662 355 3729 nequitia
371 3658 404 3708 ab
420 3661 462 3726 eo)
485 3658 596 3709 Voculae
612 3657 646 3709 ab
679 3657 772 3707 extrita
797 3656 909 3723 syllaba,
944 3665 1060 3705 coactum
1084 3664 1123 3706 est
1145 3671 1195 3704 ne-

120 3746 169 3793 co,
187 3736 294 3779 auctore
310 3725 443 3789 Manutio,
469 3723 646 3793 exterminavit
679 3742 763 3794 quam.
794 3727 884 3790 Itaque
898 3732 927 3772 ut
941 3737 998 3772 eum
1022 3738 1095 3791 quem
1116 3732 1195 3789 puta-

119 3795 262 3857 Emeatius,
279 3796 338 3863 qnia
346 3811 406 3844 mox
415 3803 475 3862 post
485 3790 563 3842 verba
576 3810 646 3859 παρ·
678 3808 733 3842 mus
756 3808 810 3842 esse
832 3806 884 3841 non
907 3790 960 3841 hili
977 3789 1082 3840 dicimus
1097 3789 1180 3839 nihili
1187 3806 1196 3845 ,·

119 3863 276 3924 wercede
309 3863 444 3912 interserta
478 3859 645 3926 geminantur.
679 3859 715 3909 sic
739 3859 767 3908 in
791 3876 841 3926 quo
866 3866 983 3926 putamus
1007 3874 1061 3908 esse
1082 3856 1196 3926 nequid-

121 3936 197 3997 Qnae
213 3947 275 3981 vero
295 3930 368 3980 nulla
383 3927 476 3979 idonea
494 3937 534 3977 est
550 3944 645 3989 caussa,
679 3944 757 4043 quum
772 3926 877 3976 dicimus
890 3942 1009 3996 nequam
1035 3925 1074 3976 Cf.
1088 3924 1196 3977 Forcel-

119 4018 169 4055 cur
199 3998 278 4050 verba
310 3999 458 4047 Msstorum
492 3994 646 4046 auctoritate
692 3993 726 4043 'ni
742 3993 819 4043 Thes.
837 3995 895 4044 Lat.
913 4011 932 4043 s.
950 4011 973 4044 v.
1002 4010 1127 4062 nequam:
1152 3989 1196 4041 ubi

117 4067 222 4120 munita
256 4063 455 4134 proscribamus,
496 4062 646 4129 praesertim
679 4060 755 4111 etiam
771 4060 857 4128 plures
877 4059 981 4112 collecti
1001 4070 1059 4110 sunt
1079 4058 1145 4120 loci,
1168 4057 1196 4106 in

119 4152 203 4208 quum
219 4131 365 4185 enunciatio
384 4129 470 4198 aliqua
482 4129 587 4197 ‚longior
602 4129 645 4180 in-
673 4127 767 4179 'uibus
802 4129 904 4180 nomini
934 4125 1018 4198 frugi
1057 4125 1196 4196 opponitur

117 4201 258 4255 teriicitnr.
292 4196 409 4250 Davisius
422 4207 553 4265 comparat
569 4215 591 4248 c.
602 4201 645 4260 28,
713 4213 754 4246 ma
769 4214 887 4265 nequam.

117 4276 170 4339 71,
185 4271 256 4336 Ergo
270 4266 315 4329 td,
333 4263 571 4334 quodaliirectum
584 4265 645 4333 opi·
729 4275 756 4314 et
770 4264 897 4315 sentilla
912 4260 1059 4332 sapientis)
1079 4261 1113 4310 H.
1132 4277 1154 4310 e.
1169 4271 1195 4310 et
1230 4286 1238 4299 -

944 4330 983 4399 tt
