2640 4626
534 230 697 283 nrounr.
716 234 757 291 aa
896 273 902 283 .
1140 216 1182 287 79

108 347 205 450 quod
221 345 385 422 subtiliter
406 347 512 446 magis
533 374 633 446 quam
658 347 802 421 dilucide
824 348 962 435 dicitur,
995 363 1049 420 aut
1067 348 1181 447 quinta

108 452 178 539 illa,
203 479 274 523 nou
290 449 573 547 nominatamagis
590 478 688 550 quam
707 448 897 524 intellecta1
918 467 1051 523 natura:
1077 450 1180 524 multo

108 554 211 629 etiam
228 552 408 650 integriora
424 581 462 625 ac
478 551 616 652 puriora
636 570 723 641 sunt,
748 571 784 626 ut
800 583 819 626 a
836 571 923 627 terra
938 552 1130 650 longissime
1147 581 1182 627 se

108 656 260 731 efferant
310 656 439 727 Horum
451 654 553 752 igitur
571 654 695 755 aliquid
712 656 841 729 animus
861 672 926 741 cst;
951 662 1023 731 ne²
1044 671 1112 729 tam
1128 683 1182 731 ve-

109 775 188 859 geta
208 785 303 832 meus
329 772 385 829 aut
406 757 442 829 iu
468 756 588 845 corde,
614 758 807 848 cerebrove,
833 774 889 831 aut
908 757 943 829 in
957 756 1182 857 Empedocleo

110 863 280 958 sanguinc-
294 859 444 934 demersa
459 859 573 931 iaceat.
607 862 729 933 XVlll.
751 860 993 935 Dicaearchum
1010 888 1089 933 vero
1108 889 1182 934 cum

109 962 333 1050 Aristoxeno.
348 960 476 1060 aequali
496 978 528 1033 et
546 961 775 1063 condiscipulo
793 991 864 1051 suo,
891 962 1009 1036 doctos
1026 990 1105 1036 sanc
1123 963 1184 1034 ho·

110 1067 238 1154 mines,
263 1064 469 1137 omittamus:
495 1091 637 1163 quorum
660 1063 740 1137 alter
754 1094 797 1139 nc
818 1064 1029 1140 condoluisse
1050 1066 1184 1164 quidem

110 1195 272 1269 umquam
289 1167 436 1255 videtur,
461 1167 519 1266 qui
535 1165 681 1239 animum
699 1195 734 1240 se
749 1167 872 1241 habere
889 1196 959 1240 non
975 1168 1110 1257 sentiat3
1138 1166 1184 1239 al-

110 1288 164 1346 ter
191 1270 237 1344 ita
264 1268 446 1342 delectatur
465 1268 534 1341 suis
562 1267 734 1357 cantibus,
770 1285 807 1342 ut
831 1298 888 1343 cos
914 1270 1011 1342 etiam
1037 1270 1184 1343 adhaec

110 1373 293 1447 transferre
309 1388 453 1445 conetur.
503 1371 717 1444 Harmoniam
745 1388 851 1444 autem
873 1400 911 1444 ex
932 1371 1111 1444 intervallis
1131 1401 1185 1444 so-

111 1504 236 1550 norum
254 1502 353 1548 nosse
374 1501 571 1574 possumus3
597 1494 738 1574 quorum
757 1475 847 1547 varia
870 1474 1068 1574 compositio
1087 1475 1184 1546 ctiam

110 1577 306 1662 harmonias
314 1576 776 1677 ellicitpluris:mcmhrorum
784 1605 861 1650 vero
871 1577 953 1648 situs
963 1575 1105 1673 etligura
1114 1605 1187 1649 cor-

112 1680 228 1783 poris,
261 1707 381 1752 vacans
402 1680 531 1778 aninlo,
567 1707 667 1777 quam
687 1681 795 1780 possit
817 1679 1025 1759 hamtoniam
1047 1678 1187 1766 allicere,

112 1812 185 1857 non
205 1781 311 1855 video.
362 1780 430 1854 Sed
447 1781 503 1853 hic
517 1781 661 1880 quidem,
687 1782 836 1881 quamvis
858 1780 1007 1854 eruditus
1024 1780 1077 1867 sit,
1103 1781 1189 1854 sicut

113 1901 178 1973 est,
203 1885 285 1957 haec
293 1884 451 1981 magistro
461 1884 620 1956 concedat
629 1885 827 1972 Aristoteli3¹
844 1912 960 1957 cancre
974 1884 1046 1982 ipsc
1063 1883 1187 1956 doceat.

113 1989 203 2062 bene
222 1987 308 2061 enim
328 1986 385 2059 illo
404 1987 807 2086 proverbio-Graecorum
827 1986 1041 2087 praecipitur,

167 2111 270 2188 Quam
292 2113 419 2190 quiaque
438 2109 521 2169 norit
542 2121 656 2179 artem,
680 2113 713 2171 ira
735 2111 795 2168 lzoc
816 2132 846 2167 ce
869 2119 1008 2167 exerceat.

115 2213 176 2287 42.
227 2205 321 2278 Illam
353 2235 431 2279 vero
468 2206 616 2279 funditus
644 2206 814 2279 eliciamus
846 2200 1093 2278 individuorum
1118 2232 1191 2277 cor-

115 2337 240 2411 porum
268 2307 389 2380 levium
420 2326 450 2382 et
480 2309 698 2407 rotundorum
729 2309 981 2381 concursionem
996 2307 1190 2414 *fortuitamk

154 2501 169 2554 1
186 2497 219 2548 V.
229 2494 294 2545 Adn.
327 2500 346 2553 2
363 2495 405 2546 Sic
412 2497 476 2546 Dav.
487 2513 508 2546 c.
518 2495 581 2547 aliis.
590 2526 622 2535 -
630 2498 689 2546 Ern.
700 2514 722 2546 o.
732 2495 787 2545 aliis
796 2513 851 2546 nec.
861 2525 894 2534 -
903 2496 928 2545 b.
938 2496 1003 2544 BSE.
1015 2510 1102 2543 nec—
1112 2494 1190 2544 iacet.

117 2631 188 2683 dorf.
204 2628 245 2680 ad.
257 2630 291 2679 Ν.
307 2631 340 2683 D.
355 2633 386 2680 II.
405 2635 447 2694 39,
467 2635 523 2688 101.
537 2649 563 2698 p.
578 2635 637 2688 213.
674 2647 729 2680 eam
747 2647 783 2679 ue·
794 2629 830 2679 sic
848 2628 1007 2697 explanavit:
1028 2645 1125 2694 „aeque
1140 2644 1192 2678 non

116 2717 159 2768 eq.
186 2706 214 2748 et
237 2697 357 2749 Oehsner.
385 2700 439 2748 Ecl.
465 2699 518 2748 Cic.
541 2717 568 2765 p.
596 2705 638 2756 55.
673 2646 805 2748 intehecta
827 2715 857 2748 ac
876 2699 1033 2757 nominata,“
1050 2696 1067 2745 i.
1094 2713 1115 2745 e.
1140 2712 1193 2745 non

118 2769 162 2818 cf.
179 2765 245 2816 iufm
261 2764 390 2816 Adnotatu
403 2766 431 2816 iu
453 2768 496 2816 tv.
523 2771 571 2837 13,
595 2767 639 2823 42.
673 2776 727 2816 tam
735 2766 873 2827 intellecta,
891 2782 966 2832 quam
977 2764 1107 2814 nominata
1116 2762 1193 2812 dum-

171 2835 216 2891 41.
235 2833 399 2902 quintailla)
408 2833 468 2883 scil.
479 2830 638 2901 ἐντελέχεια.
673 2842 761 2895 taxat,
785 2832 840 2883 scil.
858 2833 890 2882 ab
904 2831 1050 2882 Aristotele.
1083 2833 1113 2880 Iu
1129 2848 1193 2881 eau-

118 2904 154 2955 V.
172 2919 252 2968 supra
271 2919 292 2950 o.
310 2905 358 2964 10,
376 2907 420 2958 22.
504 2897 513 2908 ‘
676 2902 732 2950 dem
751 2902 903 2950 senteutiam
924 2899 1072 2950 Schuetzius
1096 2896 1191 2949 edidit:

174 2984 227 3017 non
242 2970 378 3018 nominata
400 2970 487 3087 mappp
503 2969 642 3085 poemia·
675 2968 727 3019 illa
741 2970 879 3018 nominato
902 2969 990 3038 magis
1011 2984 1089 3036 quam
1111 2966 1193 3017 intel-

118 3036 231 3088 tellecta
249 3037 356 3102 notura)
380 3036 421 3086 Sic
485 3054 501 3086 o
514 3037 558 3086 lius
587 3053 643 3086 cum
676 3036 753 3086 lacta.

120 3107 188 3164 01x.
207 3103 323 3171 scripsit,
339 3103 366 3154 h.
381 3121 402 3153 c.
418 3121 499 3170 aeque
511 3104 643 3154 intellecta
727 3104 786 3153 Car.
796 3105 891 3155 xvnr.
910 3103 977 3153 hoec
990 3103 1121 3173 magistro
1130 3120 1194 3152 con-

120 3189 155 3223 ac
167 3170 305 3221 nominata.
337 3173 396 3239 lpse
416 3189 486 3221 suam
498 3171 642 3234 lectionem,
675 3172 762 3237 cedat)
778 3173 810 3221 H.
822 3189 846 3222 e.
860 3169 1048 3238 philosophiam
1062 3168 1195 3221 Aristoteli

121 3250 229 3290 auctore
243 3239 347 3301 Orellio‚
363 3238 391 3288 in
404 3239 642 3305 praelectt.sioex-
674 3238 818 3306 relinquat,
854 3239 909 3306 ipse
932 3255 992 3288 vero
1014 3236 1062 3287 arti
1085 3237 1195 3287 musicae

120 3306 251 3376 plicabat:
278 3317 403 3368 „natura,
431 3306 501 3356 cuius
517 3324 568 3356 uon
585 3324 643 3356 ma·
676 3323 778 3375 operam
796 3306 856 3368 det,
880 3305 959 3372 eique
975 3305 1038 3355 ulios
1054 3304 1160 3354 imbuat.

120 3374 163 3441 gis
180 3389 274 3423 nomen
290 3382 344 3436 θεῖ,
380 3373 642 3430 uam,iutellectus:“
727 3377 810 3438 Quam
823 3375 882 3442 quis
900 3391 932 3421 ne
948 3373 1027 3438 norit)
1042 3373 1088 3420 Est
1105 3371 1195 3419 trime-

120 3458 189 3510 quae
205 3439 307 3508 quidem
324 3444 371 3509 exp
385 3441 460 3490 'catio
478 3452 566 3508 aperte
590 3441 643 3491 abit
675 3451 716 3491 ter
724 3441 852 3490 iambicus.
872 3392 1197 3503 Ehdemscnteutiagracce

121 3527 138 3560 a
154 3525 226 3571 vero,
242 3508 362 3574 quoniam
374 3509 420 3558 illa
437 3519 528 3558 natura
546 3504 644 3561 ἐντελε·
678 3522 807 3576 expressa:
828 3505 930 3574 ’Ἔρδει
952 3524 994 3565 τις
1016 3503 1051 3570 ἣν
1082 3502 1197 3565 ἕκαστος

119 3574 201 3645 zelos·
224 3592 316 3626 nomeu
338 3575 458 3626 habebat.
496 3578 580 3637 Quare
595 3575 645 3626 hoo
678 3576 765 3642 εἰδείη
773 3572 878 3642 τέχνην.
895 3571 1022 3639 Aristoph·
1033 3574 1110 3638 Vesp·
1120 3573 1195 3629 1422·

119 3643 210 3712 potins
224 3642 301 3696 modo
326 3642 644 3711 interpretandumputo:
678 3642 812 3693 Suid.s.v.
827 3639 912 3709 ἕρδοι.
932 3641 964 3690 V.
984 3639 1068 3690 Daris.
1083 3638 1124 3689 ad.
1140 3640 1166 3688 h.
1175 3639 1195 3689 l.

121 3720 226 3771 naama.
244 3728 318 3778 quam
327 3728 380 3761 nou
395 3710 475 3778 magis
493 3721 554 3778 apto
567 3711 644 3762 verbo
728 3711 772 3768 42.
791 3709 899 3770 levium)
907 3708 949 3757 Sic
957 3707 1125 3768 scribendum,
1142 3723 1196 3756 non

121 3776 260 3844 designare
287 3796 406 3841 ossumus,
424 3795 499 3846 quam
508 3778 575 3829 clere
584 3796 646 3847 per·
680 3778 810 3833 laentum
827 3776 931 3827 ductum
946 3786 985 3826 est
1000 3775 1066 3824 enim
1085 3777 1194 3836 atrior.

120 3843 233 3913 spicere.
278 3846 387 3914 [supra
400 3852 447 3909 10,
465 3852 509 3904 22.
545 3848 646 3896 Dero-
681 3845 733 3896 Gio.
750 3845 783 3905 de
798 3845 913 3895 Univera.
932 3862 954 3894 o.
971 3847 997 3902 6.
1031 3844 1099 3893 Deus
1114 3842 1198 3892 levem
1251 3850 1254 3856 '

122 3911 191 3964 culis
206 3929 259 3962 non
267 3916 473 3983 magisqoamv.
494 3913 645 3964 Grotel'end.
679 3912 799 3962 muudum
815 3911 877 3965 fecit
902 3910 1060 3979 ¹etuudique
1075 3910 1198 3978 aequabi-

121 3983 186 4031 Irat.
204 3982 252 4031 Gr.
266 3983 288 4050 §.
302 3986 363 4040 270.
380 4000 406 4048 p.
417 3984 476 4040 431.
496 3999 533 4049 sq.
570 3981 646 4031 Orel-
680 3981 739 4039 lem.
757 3981 790 4029 N.
808 3980 839 4030 D.
860 3981 885 4040 Ι,
902 3981 944 4038 24.
970 3996 1024 4028 esse
1048 3977 1198 4046 corpuscula

122 4048 174 4098 lius
191 4047 328 4099 lectionem
337 4048 475 4115 vulgatam,
494 4047 646 4098 (loddtan-
679 4048 803 4114 quaedam
824 4047 912 4108 levio,
930 4047 980 4097 alia
995 4063 1096 4112 aspera:
1113 4045 1156 4094 ubi
1171 4060 1195 4091 v.

121 4125 181 4167 tum
195 4132 250 4166 non
268 4115 380 4167 omnium
400 4125 427 4166 et
440 4114 505 4166 Edd.
532 4115 646 4166 auctori-
678 4116 795 4167 Creuzer.
812 4134 838 4183 p·
859 4121 933 4176 105..
952 4114 995 4181 qui
1008 4114 1076 4164 idem
1091 4130 1117 4179 p.
1138 4113 1197 4169 106.

123 4191 181 4234 tate
194 4183 276 4235 nisam
288 4182 431 4234 revocavit:
449 4200 502 4233 non
510 4185 646 4234 nominata
677 4183 759 4234 multa
778 4182 810 4234 de
835 4182 965 4249 Leucippo
991 4179 1197 4245 Democritoque‚

124 4251 226 4323 magia,
238 4268 319 4322 quam
329 4266 383 4301 non
394 4250 531 4302 intellecto
538 4263 645 4313 natura,
678 4259 820 4302 atomorum
827 4248 958 4300 doctrinae
965 4247 1117 4307 auctoribus,
1132 4261 1198 4295 con-
