2640 4626
117 199 141 269 8
523 209 783 264 raoneoonsns.

120 331 261 393 adhibuit
277 335 455 413 scriptores,
478 342 516 408 et,
529 340 615 410 'quae
632 332 669 390 ab
684 331 739 390 illo
754 329 964 410 praetermissa
979 338 1080 404 erant,
1104 350 1142 386 ex
1155 331 1192 387 iis

119 435 283 515 supplevit.
327 435 384 494 Sed
399 435 494 514 probe
509 409 673 493 tenendum
689 443 747 507 est,
771 433 946 496 Ciceronem
959 431 1012 506 iis,
1033 431 1193 508 inquibus

120 555 243 615 graecos
260 545 396 596 auctores
420 545 564 614 sequutus
582 544 643 610 est,
665 555 753 594 suum
773 535 872 613 ipsum
891 532 1065 592 adiunxisse
1079 532 1193 592 iudici-

120 636 219 719 um7).
262 638 299 697 In
312 638 466 697 imitandis
483 648 582 710 autem
600 646 689 714 atque
704 635 906 714 exprimendis
925 655 1102 712 graecorum
1118 634 1193 713 phi-

120 737 317 818 losophorum
346 740 466 819 seriptis
488 750 551 798 tam
567 739 679 815 insigni
704 746 766 796 arte
784 747 921 797 versatus
938 747 998 813 est,
1020 747 1055 795 ut
1071 748 1193 796 senten-

120 839 178 900 tiae
195 841 319 902 illorum
337 852 426 921 atque
444 850 618 919 argumenta
634 860 697 900 non
715 839 805 900 anxie
823 837 987 917 collegisse,
1009 839 1062 898 sed
1084 860 1120 898 ex
1138 860 1193 898 suo

120 941 216 1023 ipsius
232 943 351 1023 ingenio
370 943 568 1023 expromsisse
582 941 731 1002 videatur.

232 1183 266 1242 V
262 1183 286 1242 I.
321 1185 371 1242 De
386 1185 512 1262 proprio
537 1180 692 1239 Ciceronis
709 1178 952 1258 philosophandi
973 1200 1087 1259 genere.

132 1304 135 1309 ’
175 1322 179 1332 ’
205 1315 269 1375 Iam
283 1337 374 1393 vero,
405 1316 431 1374 si
447 1315 598 1375 Ciceronis
620 1316 715 1374 libros
729 1312 973 1393 philosophicos,
1003 1323 1033 1372 et
1055 1334 1144 1391 (quam
1162 1315 1195 1371 in

122 1415 159 1475 iis
179 1416 270 1477 inivit
290 1416 528 1497 philosophandi
553 1418 701 1476 rationem
723 1416 812 1474 altius
831 1423 1074 1494 perscrutamur,
1104 1436 1194 1494 prae-

123 1517 202 1578 clare
216 1519 433 1598 intelligemus,
456 1540 519 1579 eam
534 1518 702 1599 saepissime
710 1516 848 1595 proxime
859 1515 999 1576 accedere
1013 1516 1052 1574 ad
1065 1517 1195 1576 socrati-

124 1640 189 1679 cam
207 1620 361 1681 rationem.
406 1620 584 1695 Enimvero,
607 1640 701 1698 quum
724 1618 827 1677 Cicero
845 1598 1053 1695 argumentum
1072 1618 1197 1696 aliquod

123 1722 263 1781 omnibus
285 1724 476 1802 expertibus
492 1721 689 1796 examinavit,
712 1729 796 1794 tum,
818 1719 843 1777 si
862 1741 900 1778 ex
917 1719 1016 1778 allatis
1036 1742 1051 1777 a
1071 1741 1101 1779 se
1117 1721 1196 1780 alio·

122 1842 193 1882 rum
210 1822 464 1903 philosophorum
479 1824 649 1899 sententiis,
673 1821 913 1900 discrepantibus
928 1822 1009 1881 inter
1026 1842 1116 1901 seque
1130 1822 1195 1882 dis-

120 1911 300 2001 ¹sidentibus,
323 1902 440 2002 aliquid
453 1925 528 2001 veri,
549 1924 600 1984 vel
617 1933 698 1984 certe
713 1922 884 1983 verisimile
900 1922 967 1981 elici
981 1933 1098 2002 posset,
1120 1924 1195 1984 reli-

125 2025 181 2085 ctis
195 2023 475 2106 philosophicarum
491 2027 721 2106 disciplinarum
739 2025 972 2101 subtilitatibus,
995 2035 1026 2084 et
1039 2046 1112 2084 sano
1136 2046 1196 2104 quo

82 2203 86 2211 ι
124 2127 291 2187 instructus
313 2137 377 2186 erat
402 2128 511 2187 mentis
534 2128 647 2187 iudicio
664 2127 698 2185 in
719 2125 878 2185 consilium
902 2136 1026 2202 vocato,
1057 2129 1196 2187 tentavit.

126 2228 225 2302 Quam
245 2228 364 2306 quidem
379 2230 529 2310 ingressus
545 2230 694 2289 rationem
707 2227 960 2308 praeclarissimas
979 2249 1065 2308 saepe
1081 2250 1197 2308 propo-

125 2329 187 2388 suit
199 2330 368 2389 sententias.
413 2334 490 2390 Sana
508 2330 603 2410 igitur
617 2351 716 2406 mens,
738 2329 901 2406 tenerrimo
929 2329 1059 2407 quodam
1078 2329 1199 2390 honesti

125 2429 238 2489 iudicio
257 2431 427 2508 coniuncta,
451 2453 526 2512 quae
544 2433 623 2491 nulli
638 2431 815 2510 disciplinae
833 2430 1075 2509 adstringendam
1088 2454 1118 2492 se
1131 2442 1197 2491 tra-

127 2529 188 2607 dit,
210 2533 242 2590 in
264 2533 326 2592 eius
343 2534 462 2612 scriptis
485 2533 705 2613 philosophicis
724 2532 852 2591 maxime
870 2533 977 2593 elucet.
1019 2534 1141 2612 ltaque,
1165 2544 1200 2593 ut

126 2630 213 2691 firmo
233 2631 292 2691 liae
316 2633 348 2690 in
373 2654 406 2692 re
422 2635 574 2693 incederet
586 2632 679 2713 pede,
701 2626 869 2692 academico
887 2655 986 2710 more,
1009 2635 1200 2695 diversorum

126 2731 378 2817 philosophorum
392 2736 551 2795 sententias
571 2735 766 2814 comparavit,
790 2745 834 2811 ut,
858 2736 932 2813 quid
947 2746 1027 2796 recte
1045 2739 1081 2796 ab
1099 2739 1135 2796 iis
1151 2747 1199 2797 at-

127 2852 186 2912 que
200 2834 415 2914 probabiliter,
438 2836 512 2916 quid
529 2857 637 2915 parum
659 2845 741 2895 recte
766 2835 954 2916 disputatum
971 2849 1064 2913 esset,
1088 2860 1125 2899 ex
1141 2839 1200 2898 hoc

128 2935 215 3013 quasi
228 2937 442 2999 sententiarum
460 2958 621 3016 earumque
638 2949 880 3016 argumentorum
899 2960 933 2998 ac
949 2940 1101 2999 rationum
1122 2963 1200 3000 con·

128 3035 215 3094 llictu
230 3038 362 3097 inveniri
376 3047 484 3118 posset.
528 3039 658 3099 Socratis
672 3060 802 3116 morem,
833 3059 921 3118 quem
939 3041 1105 3101 Carneades
1122 3064 1201 3121 quo-

130 3155 189 3215 que
216 3128 386 3199 acutissime
411 3139 676 3220 copiosissimeque
694 3141 808 3217 tenuit,
837 3152 998 3219 sequutus,
1029 3165 1113 3203 suam
1137 3145 1203 3223 ipse

130 3240 308 3299 sententiam
327 3241 422 3317 texit,
442 3263 541 3302 errore
565 3244 638 3302 alios
655 3243 773 3319 levare,
796 3252 826 3302 ct
848 3244 881 3300 in
899 3245 980 3303 omni
996 3244 1204 3323 disputatione

131 3340 205 3417 quid
228 3351 304 3401 esset
326 3329 513 3402 simillimum
528 3345 609 3420 veri,
633 3364 774 3422 quaerere
792 3345 926 3421 studuit,
950 3355 995 3422 et,
1019 3347 1071 3424 qui
1095 3347 1202 3424 requi-

130 3452 246 3519 rerent,
280 3443 355 3521 quid
373 3465 491 3523 quaque
514 3445 551 3504 de
574 3467 607 3505 re
629 3446 693 3524 ipse
718 3445 859 3522 sentiret,
883 3446 1030 3506 curiosius
1055 3447 1088 3505 id
1105 3450 1205 3509 facere

130 3542 225 3618 dixit,
248 3564 338 3622 quam
360 3567 479 3606 necesse
506 3557 583 3607 esset
603 3547 644 3622 ⁸):
675 3567 739 3605 non
767 3548 846 3627 enim
869 3557 932 3606 tam
957 3550 1145 3608 auctoritatis
1170 3550 1205 3608 in

131 3643 330 3724 disputando,
353 3667 441 3725 quam
455 3649 580 3707 rationis
604 3632 754 3706 momenta
773 3649 942 3726 quaerenda
958 3671 1038 3726 esse,
1067 3652 1142 3728 quin
1157 3661 1206 3711 et-

131 3744 192 3804 iam
209 3747 311 3807 obesse
324 3748 502 3827 plerumque
519 3749 566 3824 iis,
583 3749 636 3826 qui
653 3749 766 3808 discere
779 3750 904 3826 vellent,
927 3748 1136 3811 auctoritatem
1152 3774 1205 3812 eo-

131 3866 217 3922 rum,
240 3848 293 3925 qui
315 3871 345 3908 se
366 3850 474 3910 docere
495 3851 723 3929 profiterentur:
754 3851 889 3910 desinere
915 3852 994 3911 enim
1017 3853 1087 3913 illos
1116 3874 1207 3912 suum

131 3947 278 4009 iudicium
293 3950 445 4027 adhibere,
468 3962 498 4010 et
512 3951 544 4008 id
553 3951 663 4011 habere
679 3960 787 4028 ratum,
811 3953 892 4030 quod
908 3955 1001 4030 abeo,
1025 3976 1113 4032 quem
1129 3976 1207 4034 pro-

92 4124 96 4131 ,
132 4036 249 4127 baient,
269 4051 438 4113 iudicatum
451 4052 599 4113 viderent.
643 4055 691 4114 Ex
705 4054 742 4114 iis
756 4055 867 4133 igitur,
890 4075 966 4133 quae
991 4057 1027 4116 de
1051 4058 1207 4116 Ciceronis

199 4220 228 4286 7)
245 4219 278 4272 v.
294 4218 312 4269 1.
327 4217 352 4269 a.
363 4236 391 4287 p.
406 4220 448 4278 91.
466 4234 503 4287 sq.
537 4218 563 4288 3)
580 4219 615 4270 n.
629 4218 661 4270 o.
676 4221 696 4271 1.
712 4227 737 4279 5.
