2640 4626
490 219 616 273 ttsnn
631 220 666 272 ll.
683 227 708 281 5.
1075 216 1136 282 153

55 337 224 439 perfectos
247 336 469 438 philosophos
498 337 793 440 turpitervivere?
846 348 892 421 13
926 345 975 413 Μ.
999 320 1134 425 Nullum

55 440 180 543 veroid
197 439 332 539 quidem
348 457 580 539 argumentum
591 456 665 517 est·
700 471 778 517 nam
792 459 829 516 ut
844 443 914 540 agri
930 471 1000 516 non
1017 473 1133 520 omnes

55 543 208 642 lirrgiferi
227 560 322 631 sunt,
348 543 406 643 qui
427 541 808 644 coluntur·;·falsumque
826 543 909 618 illud
931 545 1003 619 Ani
1015 554 1047 635 2,

140 666 256 725 Probae
274 666 331 726 etsi
346 666 381 724 in
398 676 523 744 segetem
543 675 614 724 sunt
631 665 809 725 deteriorem
823 666 921 727 datae

140 751 270 828 Fruges,
290 751 488 830 tamenipsae
505 760 610 829 suapte
625 760 735 845 natura
751 752 882 811 enitent:
1006 814 1016 843 x
1106 808 1116 818 ,,

56 865 107 937 sic
136 863 237 937 animi
260 892 329 936 non
355 889 470 937 omncs
497 863 575 938 culti
599 863 742 938 fructum
756 865 874 938 ferunt.
901 881 1016 965 atque,
1041 869 1132 942 utin

56 965 176 1040 codem
200 964 300 1038 simili
323 993 451 1052 verser,
476 982 625 1064 muger,
651 968 800 1066 quamvis
816 966 952 1056 fertilis,
978 968 1049 1043 sine
1065 968 1152 1047 cul·x

56 1067 328 1167 turafructuosus
344 1092 416 1141 esse
429 1095 500 1140 non
513 1084 641 1168 potest3
666 1069 801 1142 sicsine
817 1069 967 1143 doctrina
983 1071 1132 1151 animus:

55 1170 104 1242 ita
132 1186 182 1242 est
208 1186 346 1268 utraque
370 1197 424 1244 res
451 1169 522 1246 sine
550 1169 651 1242 altera
680 1170 809 1244 debilis.
862 1172 997 1246 Cultur'a
1024 1191 1132 1248 autem

55 1271 161 1344 animi
186 1271 401 1372 philosophia
426 1289 492 1347 est:
519 1272 600 1345 haec
627 1272 767 1345 extrahit
791 1273 870 1347 vitia
897 1274 1075 1366 radicitus,
1101 1293 1134 1351 et

53 1389 234 1474 praeparat
268 1373 468 1447 animosad
492 1390 582 1447 satus
608 1374 840 1474 accipiendos,
866 1403 969 1476 eaque
994 1378 1130 1451 mandat

53 1476 111 1565 iis,
129 1491 179 1564 et,
203 1492 240 1547 ut
257 1477 309 1577 ita
322 1476 441 1562 dicam,
458 1476 547 1563 serit,
573 1504 662 1577 quae·
675 1477 786 1550 adulta
802 1477 929 1551 fructus
944 1478 1133 1554 uberrimos

54 1577 173 1651 ferant.
223 1579 371 1676 Agamus
387 1578 503 1676 igitur,
522 1594 560 1650 ut
576 1579 755 1678 coepimus.
781 1579 854 1669 dic,
878 1579 908 1652 si
922 1580 983 1670 vis,
1009 1582 1132 1681 dequo

55 1679 222 1781 disputari
238 1679 327 1753 velis.
1129 1764 1133 1771 Ι

160 1787 216 1863 14.
230 1786 271 1856 Α.
286 1780 446 1855 Dolorem
454 1781 608 1880 existimo
615 1781 795 1857 maximum
802 1781 965 1858 malorum
973 1783 1131 1860 omnium.

125 1922 201 2012 iv.
218 1951 286 2004 san.
584 1920 586 1927 ’

105 2051 241 2126 perfectos
255 2051 443 2172 philospplros)
472 2052 505 2103 de
528 2051 578 2103 Di·
612 2050 657 2101 sed
679 2059 778 2103 attento
796 2045 880 2103 animo
895 2037 997 2104 'iterum
1024 2028 1133 2105 iterum-

55 2120 109 2173 vin.
124 2124 157 2173 11.
175 2121 221 2172 sub
236 2120 326 2171 finem:
379 2121 411 2172 isi
424 2121 578 2171 somniorum
611 2135 660 2186 que
675 2118 817 2185 pensitetis.
850 2121 922 2172 Haec
939 2132 977 2172 est
998 2122 1065 2173 eninr
1081 2123 1132 2186 vis,

53 2189 227 2258 patrocinium
241 2188 389 2256 philosophi
402 2189 578 2256 suscepissent,
611 2203 661 2252 que
683 2195 709 2235 et
727 2185 848 2237 facillime
869 2197 897 2243 et
920 2189 1057 2240 certissime
1081 2190 1132 2240 du.

54 2276 105 2308 nec
128 2257 148 2306 ii
175 2256 277 2325 quidem
305 2255 508 2318 contemtissimi,
532 2254 578 2305 sed
611 2251 702 2302 camini
717 2252 750 2302 nd
765 2255 968 2327 cognoscendam
985 2267 1065 2308 artem
1080 2257 1133 2308 cri-

54 2323 173 2392 inprimis
189 2323 272 2387 acuti,
298 2333 325 2373 et
350 2321 529 2391 consequentia
551 2331 578 2372 et
609 2319 703 2381 ticam,
721 2336 785 2388 quae
802 2339 849 2388 per
863 2324 974 2374 omnium
989 2324 1132 2376 litterarum

55 2392 226 2461 repugnantia
240 2390 364 2454 ridentes,
382 2391 425 2458 qui
438 2407 518 2459 prope
526 2389 577 2441 iem
610 2405 704 2454 genera
720 2397 838 2454 vagatur.
961 2402 963 2406 ⁴

56 2459 174 2511 absoluti
189 2469 215 2508 et
225 2456 343 2529 perfecti
356 2468 486 2526 putantur·
659 2469 772 2539 Probae)
793 2475 857 2522 Sunt
873 2453 982 2523 trimetri
995 2491 1040 2524 seu
1054 2491 1131 2524 sena-

109 2564 151 2618 13⁸
169 2559 280 2611 Nullum
294 2559 370 2621 wo)
394 2559 462 2611 Vm,
484 2556 577 2608 adver„
609 2539 642 2590 rii
655 2539 765 2590 iambici·
801 2540 899 2610 Suopte
915 2550 954 2591 est
970 2540 1129 2609 bisyllabum.

55 2627 156 2679 sativae
180 2626 312 2677 notationi,
327 2625 473 2677 adiunctam
500 2626 598 2677 habet·
661 2623 691 2672 in
717 2624 845 2692 segetem)
886 2625 921 2675 Se
940 2643 968 2674 es
1001 2624 1027 2675 h.
1049 2625 1067 2675 l.
1091 2635 1132 2676 est

55 2695 110 2745 vim
127 2693 276 2744 affirmandi.
312 2694 350 2744 Cf.
365 2712 439 2760 supra
449 2694 579 2744 Adnotatu
610 2690 692 2759 ipsum
705 2692 794 2747 solum.
812 2643 941 2742 rlibelli.
960 2697 985 2754 3,
1000 2697 1043 2750 61.
1069 2693 1131 2744 Fert

55 2763 86 2813 iu
100 2763 122 2812 l.
139 2765 179 2824 11,
196 2763 238 2819 24.
273 2761 314 2811 Sic
332 2761 405 2811 Offic.
420 2764 464 2812 111.
481 2765 504 2821 1.
521 2761 577 2811 init.
611 2758 703 2810 casiam
711 2776 763 2809 non
770 2757 837 2808 culta
844 2775 924 2824 seges.
933 2759 1024 2826 virgil.
1034 2761 1129 2828 Georg.

54 2828 194 2895 Magnifice
214 2845 275 2878 sero
301 2830 360 2879 vox*
368 2837 394 2878 et
413 2826 504 2896 magno
522 2828 577 2880 viro
611 2828 639 2890 1,
656 2827 714 2885 47.‹
743 2827 746 2831 ⁴

56 2915 90 2948 ac
106 2894 221 2964 sapiente
238 2894 327 2962 digne!
360 2897 430 2947 infra
437 2899 481 2946 111.
495 2901 520 2960 6,
535 2901 577 2954 12.
644 2893 692 2944 Illa
707 2908 778 2960 seges
795 2892 894 2944 demum
908 2894 975 2944 rotis
991 2893 1131 2961 respondet

56 2967 92 3016 Et
109 2980 169 3014 vero
182 2962 219 3014 ita
236 2963 361 3014 existimo.
377 2964 420 3016 IV.
436 2971 467 3028 5,
481 2968 507 3022 9.
524 2965 577 3015 lsto
994 2961 1064 3012 avari

57 3031 138 3082 modo
155 3048 225 3082 vero.
264 3061 267 3073 .
645 3027 795 3095 Agricolas,
819 3027 857 3078 bis
882 3045 947 3096 quae
968 3029 1064 3092 solem,
1090 3028 1130 3080 bis

861 3096 957 3163 frigora
972 3097 1059 3147 sensit.

54 3166 57 3173 ,
102 3129 260 3201 soleantque
285 3131 355 3182 illud
376 3132 449 3194 Acti,
475 3127 594 3183 Probae'
611 3122 738 3212 mdvig·
755 3162 787 3213 ud
802 3162 828 3212 h⁸
850 3163 869 3213 L
885 3163 928 3232 qui
944 3163 1018 3232 plum
1034 3180 1129 3232 suppe,

57 3201 125 3266 εισι)
142 3199 275 3278 lnldSStis
289 3199 353 3250 haec
367 3200 477 3278 liabetur
484 3199 577 3278 leetiof
612 3229 690 3281 ditat·

49 3267 210 3350 falsusque
231 3267 302 3318 illud
324 3265 500 3336 acimprobe,
524 3269 578 3316 Etsr

56 3335 579 3522 {emittentium}
612 3314 1130 3460 usstvfttttttttlctuttttt

79 3480 174 3522 mem:
193 3470 262 3521 cuin„
281 3469 384 3521 omnino
402 3469 429 3519 in
443 3485 579 3519 recem,
613 3450 727 3500 ciceron.
744 3469 764 3500 s.
781 3466 806 3500 v.
841 3453 882 3499 Sre
896 3450 994 3517 saepius
1013 3459 1130 3498 neutrum

57 3538 98 3589 di,
121 3537 162 3587 hi„
185 3537 256 3588 fibris
291 3535 475 3605 philosophicis
504 3552 579 3603 „epe
612 3516 747 3582 singularis
763 3517 860 3576 numeri
872 3512 1053 3566 sdieetivorum
1062 3515 1131 3583 apud
1188 3534 1191 3541 ·
1253 3520 1260 3529 '

57 3605 218 3657 desideratur
245 3603 390 3672 diligentia,
405 3614 480 3671 atque
503 3601 579 3670 pugg,
613 3583 1130 3634 Ciceronemsubstantivorumricessus-

59 3675 132 3741 pm·
168 3674 265 3723 Locum
297 3672 388 3723 misere
418 3671 584 3738 deturpatum?
611 3651 686 3702 tinet.
713 3651 755 3701 sic
769 3649 936 3718 suprainhoe
948 3651 1014 3716 libro
1029 3669 1052 3730 ⁰:
1067 3657 1093 3730 2,
1103 3657 1128 3711 5.

58 3739 183 3809 palmaria
216 3739 392 3791 emendatione
433 3736 580 3807 persensiit
614 3731 747 3798 &amm
760 3719 820 3787 'wi
837 3719 916 3768 dum
930 3716 964 3772 ab
977 3718 1129 3770 ''mliv‘'
1228 3780 1231 3784 .

57 3810 190 3870 Muretus,
215 3825 272 3858 eum
289 3825 303 3858 e
322 3807 377 3858 Ms.
398 3824 461 3868 suo,
484 3805 512 3856 iu
527 3821 577 3884 guo
613 3799 655 3837 Μ
672 3786 709 3837 ad
724 3805 856 3837 mmmm·

58 3875 202 3927 habebatur
210 3873 367 3944 soleantque
380 3874 451 3925 illud
475 3891 508 3924 ae
525 3890 578 3922 rm·
662 3888 743 3940 eoque
752 3871 870 3938 mandat)
884 3871 1131 3922 Pronomeneaeum

57 3942 175 4013 probae,
193 3943 230 3993 ita
246 3943 390 4010 corrigens,
408 3952 438 3992 ut
454 3958 522 3992 nune
535 3941 579 3990 le·
612 3938 737 4008 particule
767 3939 843 3991 affixe
865 3957 914 4008 que
940 3938 1048 3990 denotat
1082 3956 1131 3989 an-

59 4011 137 4077 gitur.
172 4011 226 4062 Vos
247 4020 348 4071 autem,
370 4009 496 4061 acutiores
512 4007 580 4058 ado·
613 4005 742 4057 tecedenti
794 4006 952 4073 hilosophiue
983 4006 1131 4073 praedicato

59 4078 202 4138 lesoeutes‚
236 4077 347 4127 monitos
363 4077 439 4139 volo,
464 4087 494 4128 ut
514 4076 581 4127 hano
614 4026 1132 4129 norumaooedere:uteandemferevim

60 4142 276 4212 elegantissimam
292 4153 319 4194 et
335 4144 505 4197 acutissimum
517 4160 582 4193 eon·
614 4141 722 4205 habeat,
740 4160 815 4221 guam
824 4159 917 4212 porro,
934 4141 1073 4202 nicaeae,
1092 4141 1132 4191 vel

60 4213 183 4265 iecturam
207 4229 240 4262 ne
264 4210 332 4264 sicco
352 4211 417 4281 pede
438 4209 582 4271 transeatis,
616 4209 697 4261 simile
710 4210 779 4278 quid.
965 4210 968 4215 “
