2640 4626
534 232 782 291 usurarum
939 184 1006 287 .’
1132 228 1196 297 ars

120 350 302 431 inveterato
334 349 440 437 malo,
463 377 567 449 quum
586 366 699 423 tumor
720 349 821 431 animi
839 351 1026 429 resedisset.
1051 354 1196 450 (est-au-

120 469 189 535 teur
202 452 404 550 aegritudo,
425 466 463 524 ut
478 451 625 539 docebo,
650 452 686 525 iu
711 452 870 551 opinione
891 453 971 529 mali
987 454 1195 556 receutis72)

121 553 185 635 sed
215 582 343 629 maeres
380 552 532 627 videlicet
565 554 660 652 regui
683 554 868 643 desiderio,
894 585 963 629 uon
984 555 1079 630 filiae.
1103 556 1194 631 illam

121 657 211 735 euim
236 657 374 744 oderas,
400 672 431 730 et
455 656 531 731 iuro
557 656 713 731 sortasse:
739 685 844 755 reguo
868 686 938 731 nou
959 686 1064 758 aequo
1082 659 1194 735 animo

121 760 269 834 carebas.
294 777 344 833 est
360 775 468 831 autem
484 758 661 858 impudens
675 759 783 832 luctus
799 788 948 834 maerore
962 789 997 834 se
1018 760 1195 837 conficieu·
1287 779 1295 803 ·

119 863 183 950 tis,
209 861 301 961 quod
331 861 496 960 imperare
529 889 599 933 nou
620 860 725 934 -liceat
752 861 875 935 liberis.
925 872 984 942 27.
1009 864 1195 968 Dionysius
1238 862 1245 870 ’

120 964 257 1064 quidem
284 981 465 1069 tyrannus,
490 963 667 1067 Syracusis
694 962 865 1063 expulsus,
892 963 1044 1038 Corinthi
1071 993 1194 1065 pueros

121 1067 281 1140 docebat:
307 1095 411 1165 usque
436 1094 475 1139 eo
491 1064 633 1166 imperio
651 1094 760 1140 carere
776 1095 845 1141 nou
865 1083 1002 1165 poterat.
1053 1068 1195 1168 Tarqui-

120 1170 179 1243 nio
202 1180 281 1249 vetit
304 1169 385 1268 quid
409 1168 655 1266 impudentius,
681 1169 739 1268 qui
766 1168 889 1244 bellum
907 1186 1035 1268 gereret
1052 1199 1127 1244 cum
1141 1170 1194 1259 iis,

120 1272 180 1373 qui
204 1271 275 1344 eius
298 1300 367 1344 uon
389 1269 529 1344 tulerant
547 1270 761 1371 superbiam?
787 1271 816 1342 is
833 1299 936 1370 quum
949 1272 1077 1344 restitui
1091 1272 1127 1346 iu
1141 1301 1194 1347 re·

119 1402 223 1474 gnum
242 1403 302 1447 nec
315 1371 502 1446 Veientium
517 1401 578 1446 nec
591 1374 785 1446 Latinorum
804 1372 904 1445 armis
921 1373 1102 1472 potuisset,
1128 1376 1193 1446 Cu*

120 1505 253 1550 masse
279 1474 486 1548 contulisse8
515 1475 654 1563 dicitur,
679 1476 781 1575 inque
801 1504 842 1562 ea
867 1475 949 1563 urbe
972 1476 1066 1548 senio
1091 1492 1121 1549 et
1139 1505 1192 1551 ae-

119 1578 289 1680 gritudine
307 1606 378 1651 esse
395 1577 571 1650 confectus.

224 1682 315 1753 XIII.
340 1682 413 1752 Hoc
436 1696 472 1752 tu
497 1680 598 1777 igitur
620 1708 733 1753 censes
758 1678 900 1779 sapienti
915 1679 1067 1752 accidere
1082 1708 1192 1779 posse,

121 1801 157 1857 ut
183 1782 390 1881 aegritudine
420 1782 645 1882 opprimatur,
670 1783 705 1855 id
733 1797 781 1855 est
806 1781 962 1854 miseria?
986 1811 1064 1855 narn
1089 1810 1191 1882 quum

120 1887 232 1960 omnis
256 1885 461 1986 perturbatio
484 1885 618 1957 miseria
635 1902 701 1970 est,
726 1902 796 1956 tum
814 1883 1004 1956 carnificina
1020 1901 1069 1958 est
1087 1885 1192 1983 aegri-

120 1989 213 2063 tudo.
245 1987 346 2061 babet
372 1987 525 2074 ardorem
546 1986 671 2074 libido,
706 1985 869 2060 levitatem
895 1984 1017 2059 laetitia
1037 1985 1192 2082 gestiens,

104 2091 339 2167 bumilitatem
359 2107 483 2174 metus;
508 2089 569 2161 sed
594 2088 765 2187 aegritudo
794 2087 920 2160 maiora
937 2088 1118 2187 quaedam,
1143 2105 1190 2183 ta-

119 2196 209 2281 bem,
236 2192 426 2280 cruciatum,
451 2190 718 2276 afflictationem,
742 2189 950 2275 foeditateur;
968 2188 1112 2277 lacerat,
1137 2218 1193 2263 er-

121 2314 173 2372 est
196 2296 360 2382 animum,
385 2294 546 2395 planeque
571 2292 742 2366 conficito.
768 2291 854 2364 bane
876 2292 942 2363 nisi
968 2293 1116 2389 eruimus
1142 2292 1190 2365 sic

120 2417 158 2474 ut
173 2398 386 2484 abiiciamus,
410 2396 544 2469 miseria
559 2423 670 2468 carere
683 2423 752 2472 non
767 2405 954 2494 possumus.
1214 2470 1217 2474 ,

222 2506 281 2581 28.
306 2499 439 2598 Atqui¹
465 2499 529 2571 hoc
546 2497 687 2602 ¹quidem
713 2496 926 2597 perspicuum
950 2511 1019 2581 est,
1044 2511 1114 2566 tum
1137 2523 1191 2567 ae-

128 2656 133 2664 ’
189 2653 307 2710 7Haec:
326 2664 367 2701 est
381 2663 467 2727 autem
484 2679 516 2688 -
529 2678 562 2688 -
576 2648 691 2700 recentis
714 2652 772 2699 Ern.
787 2648 858 2698 uncis
873 2648 960 2727 sepsit.
993 2650 1011 2704 8
1030 2649 1072 2696 Or.
1096 2665 1118 2696 c.
1132 2646 1188 2696 RD.

120 2721 219 2773 consul.
237 2737 273 2769 se.
324 2719 467 2777 9Turueb.
485 2717 589 2767 Advers.
607 2718 724 2780 XXVII,
742 2721 767 2774 6.
785 2717 811 2766 in
837 2716 920 2766 verbra
938 2715 1039 2765 lacerat
1054 2743 1087 2752 —
1103 2713 1188 2780 confi-

121 2793 159 2841 cit
174 2786 299 2840 senarium
317 2786 422 2837 alicuius
437 2795 529 2853 poetae
543 2783 593 2837 sibi
607 2783 802 2855 deprehendisse
815 2783 923 2833 videtur.
959 2787 973 2841 1
990 2782 1022 2831 V.
1041 2780 1104 2832 Adn.

172 2887 306 2953 videlicet)
319 2889 351 2936 H.
363 2904 384 2936 e.
397 2885 471 2936 houd
484 2884 641 2951 dublssrm
722 2889 818 2934 Cumas
842 2901 872 2932 se
899 2882 1043 2934 contulisse
1072 2880 1187 2948 dicitur)

120 2957 221 3009 ironiae
233 2955 268 3004 vi.
284 2956 316 3006 V.
326 2955 456 3005 Adnotatu
469 2953 496 3002 in
509 2955 528 3002 I.
540 2952 639 3015 21,48.
671 2954 704 3003 V.
719 2952 819 3002 Livium
832 2952 871 3012 11,
888 2954 930 3007 21.
1061 2958 1064 2965 ⁴

172 3040 253 3109 regni
267 3037 410 3103 desiderio)
433 3039 494 3086 Erat
510 3037 576 3086 euim
591 3035 640 3102 Ipsi
723 3020 867 3096 CAF·XJ11·
891 3018 921 3067 id
939 3029 979 3068 0³2
996 3015 1120 3094 misesia)
1153 3015 1188 3065 Id

120 3125 226 3161 aureum
243 3107 323 3156 vellus
336 3107 426 3174 pignus
446 3104 531 3170 regiae
543 3103 640 3183 «tigni.
673 3099 713 3137 est
726 3087 794 3157 apud
802 3087 947 3136 Ciceronem
960 3102 1035 3152 saepe
1049 3082 1187 3149 srgmficat:

120 3177 198 3237 tatis,
223 3190 274 3290 spuo
290 3185 380 3240 erepto
396 3189 501 3238 reguum
525 3188 640 3222 amrssum
672 3154 741 3273 guod
757 3153 831 3205 nihil
843 3152 920 3203 aliud
935 3165 990 3213 est,
1008 3168 1093 3229 quom.
1118 3151 1188 3200 Aca-

120 3245 169 3308 iri,
185 3243 213 3293 iu
241 3241 288 3291 atis
305 3252 367 3291 erat.
385 3240 481 3291 Neide.
691 3241 738 3273 eru.
753 3225 772 3273 Ι.
786 3227 818 3282 8,
834 3224 876 3277 32·
899 3221 1033 3271 verborum
1048 3229 1124 3268 etiam
1140 3234 1188 3277 ex-

173 3325 275 3392 liberis)
293 3325 405 3387 Liberis,
421 3323 539 3373 libertate
551 3323 640 3372 frueu-
670 3291 777 3359 plicat&
792 3289 961 3355 pmbabatur'
976 3286 1004 3365 ἰᾷ
1020 3295 1074 3347 est’
1091 3301 1141 3363 qim
1155 3284 1187 3333 de

673 3376 761 3409 caussa
770 3372 883 3423 quaeque
895 3364 977 3404 essent
992 3364 1029 3403 rta
1044 3361 1190 3401 uommata:

120 3397 190 3448 tubus
207 3393 358 3444 hominibus.
709 3427 715 3437 .
772 3425 795 3473 G
1011 3419 1066 3469 M

171 3481 216 3539 a.
231 3456 640 3544 ....,....,.......,....
671 3424 1003 3542 thesaurarit.
1016 3422 1188 3536 ..attat

121 3548 198 3617 ”5⁸5⁹
217 3543 641 3624 Pateretfffi⁰⁵›,tlfa¹¹¹¹islm‚⁰u·
672 3512 812 3626 probparem:
820 3527 863 3607 ubi
870 3566 893 3605 r.
901 3525 970 3605 ideni
979 3556 1136 3619 Goereuap.
1146 3556 1186 3609 10.

121 3632 251 3668 sanorum.
264 3615 297 3662 Η.
305 3613 322 3664 l.
333 3611 512 3678 intelligendus
522 3609 639 3658 estfihus.
723 3643 800 3694 quum
808 3654 840 3663 „
850 3625 911 3690 mm)
920 3625 952 3673 v,
959 3622 1027 3671 infr,
1037 3620 1068 3670 ad
1075 3622 1119 3671 lv,
1130 3624 1154 3681 1,
1164 3623 1187 3676 1·

173 3696 298 3749 Corinthi
318 3712 417 3766 pueros
442 3694 564 3760 docebat)
600 3692 640 3742 Cf.
722 3698 770 3753 28.
783 3696 819 3744 Ac
836 3693 864 3742 ui
878 3691 927 3741 lroc
941 3689 1053 3758 quidem)
1071 3687 1112 3737 sic
1127 3705 1187 3738 cor-

120 3768 210 3820 Vsler.
227 3764 329 3814 Maxim.
347 3766 391 3815 v1.
406 3769 438 3829 9,
456 3769 482 3823 6.
499 3773 563 3813 extr.
591 3760 640 3810 adi
673 3761 856 3813 reritWolrus
870 3759 1033 3827 provulgata
1049 3755 1188 3824 usquehuc

121 3836 156 3889 sis
169 3833 301 3886 Davisium
317 3832 350 3882 sd
364 3832 391 3882 h.
406 3832 425 3882 l.
673 3831 791 3900 quidem:
808 3845 872 3894 quae
887 3826 988 3895 quidem
1003 3824 1080 3874 lectio
1095 3823 1187 3873 firmis·

174 3919 257 3980 resque
268 3901 307 3965 eol
325 3900 396 3950 Adeo
411 3900 516 3967 cupidus
529 3908 584 3947 erat
597 3915 640 3946 re·
673 3899 735 3948 sime
749 3906 800 3946 stat
816 3906 842 3945 et
853 3903 972 3945 revocata
986 3902 1024 3942 est
1038 3892 1069 3942 ab
1083 3891 1186 3942 Orellio.

121 3969 236 4038 guaudt,
253 3978 283 4018 ut
298 3967 352 4017 ludi
364 3967 482 4033 magister
496 3984 558 4027 esse,
575 3983 640 4031 pue·
674 3966 754 4015 Miror
767 3963 882 4030 equidem
894 3979 950 4013 eam
962 3960 1123 4012 sollicitatam
1135 3974 1188 4008 esse

121 4039 208 4106 risque
225 4035 273 4086 sibi
290 4034 390 4085 traditis
405 4034 527 4103 imperare
544 4033 641 4092 mallet,
674 4052 690 4084 a
702 4033 756 4082 viro
770 4031 940 4099 sagacissimo.
973 4028 1102 4083 Particula
1115 4024 1190 4093 atqui

121 4122 200 4174 quum
212 4103 282 4155 aliud
295 4102 428 4170 quicquam
441 4103 538 4169 (immm
557 4101 641 4170 quod·
673 4102 699 4151 iu
714 4099 916 4151 conclusionibus
931 4095 1036 4148 inservit
1052 4095 1189 4145 assumtio-

120 4175 209 4244 piam)
228 4171 358 4238 negotium
373 4170 508 4238 suscipere.
528 4170 623 4222 Neide.
675 4169 797 4237 ui:·quae
811 4168 861 4218 hoc
876 4168 936 4217 loco
952 4165 1023 4216 nulla
1038 4172 1085 4241 est.
1119 4160 1203 4241 Cou-0

175 4258 234 4292 cum
248 4240 298 4307 tis)
315 4238 442 4290 Romanis.
588 4242 603 4253 ”
676 4247 716 4288 tra
740 4236 866 4305 porticulo
891 4247 971 4302 otqrte
991 4230 1119 4300 aptissima
1143 4237 1188 4277 est.
