2640 4626
119 224 184 290 230
276 194 280 202 ¹
367 230 647 283 ruscmrnnauru
663 229 946 283 unrurnrronun

124 352 159 424 C.
195 348 388 437 Gracchus,
420 375 523 448 quum
556 347 749 445 largitiones
783 346 943 420 maximas
977 344 1133 434 fecisset,
1168 361 1196 418 et

123 452 296 525 effudisset
320 450 505 538 aerarium,
530 449 641 523 verbis
668 466 779 522 tamen
806 448 1006 523 defendebat
1026 447 1196 522 aerarium.

124 554 219 651 Quid
232 554 333 626 verba
348 551 498 641 audiam,
524 579 626 651 quum
648 549 735 625 facta
749 550 903 625 videam?
943 550 1022 624 Piso
1044 549 1102 624 ille
1118 550 1198 623 Fru-

123 657 172 754 gi¹
193 683 325 755 semper
344 671 458 728 contra
479 654 584 752 legem
611 653 859 727 frumentariam
886 653 1021 727 dixerat.
1055 652 1106 740 is,
1131 651 1199 750 lege

124 758 209 846 lata,
235 757 418 831 consularis
434 757 478 829 ad
494 757 693 829 frumentum
712 754 942 855 accipiendum
960 770 1104 828 venerat
1131 754 1200 827 aui·

123 861 297 933 madvertit
312 859 483 934 Gracchus
507 857 718 933 inconcione
736 857 896 931 Pisonem
914 873 1074 932 stantem:
1100 884 1200 957 quae·

123 963 167 1034 rit
191 962 345 1036 audiente
366 960 493 1062 populo
513 961 688 1049 Romano,
713 959 770 1059 qui
784 959 851 1032 sibi
869 975 1014 1046 constet,
1042 987 1148 1059 quum
1164 986 1200 1032 ea

124 1063 196 1162 lege
215 1064 417 1137 smmentum
436 1079 537 1163 petat,
563 1090 662 1161 quam
681 1062 883 1135 dissuaserit.
934 1061 1056 1150 Nolim,
1082 1060 1201 1160 iuquit,

124 1194 198 1239 mea
231 1166 337 1254 bona,
363 1165 532 1253 Graccho,
557 1164 618 1237 tibi
652 1163 782 1245 viritim¹
809 1162 958 1238 dividere
985 1162 1104 1238 libeat:
1130 1162 1202 1250 sed,

125 1267 154 1340 si
175 1266 296 1356 iacias,
322 1284 450 1368 partem
473 1284 591 1367 petam.
641 1267 807 1340 Parumne
831 1264 1009 1339 declaravit
1023 1264 1075 1338 vir
1090 1264 1199 1364 gravis

125 1385 157 1442 et
173 1371 325 1470 sapiens,
349 1370 421 1469 lege
441 1369 639 1469 Sempronia
655 1368 891 1469 patrimonium
909 1367 1083 1468 publicum
1102 1365 1201 1440 dissi-

124 1471 220 1571 pari?
254 1475 342 1571 Lege
369 1471 536 1545 orationes
557 1470 717 1544 Gracchi:
743 1486 920 1570 patronum
937 1469 1043 1545 aerari
1060 1496 1135 1543 esse
1150 1468 1200 1545 di·

128 1601 190 1647 ces.
241 1579 300 1654 49.
324 1576 432 1670 Negat
446 1573 612 1673 Epicurus
635 1572 779 1644 iucunde
803 1599 904 1671 posse
930 1570 1018 1660 rivi,
1042 1569 1111 1645 uisi
1127 1594 1214 1645 cum‘

125 1675 243 1747 virtute
268 1676 412 1748 vivatur:
439 1691 535 1772 negat
555 1672 655 1746 ullam
671 1673 706 1745 in
720 1672 902 1772 sapientem
923 1671 990 1746 rim
1006 1699 1080 1746 essa
1096 1670 1202 1745 fortu-

126 1804 204 1849 nae:
229 1791 360 1848 tenuem
386 1775 507 1849 victum
534 1775 671 1848 antefert
699 1772 857 1874 copioso:
884 1790 982 1874 negat
1006 1773 1212 1864 ullum'esse,

125 1894 274 1977 tempus,
300 1905 367 1977 quo
384 1880 517 1978 sapiens
536 1905 605 1950 non
618 1877 735 1950 beatus
753 1876 804 1949 sit.
856 1874 981 1951 Omnia
994 1875 1201 1978 philosopho

126 1979 247 2078 digna,
272 1980 333 2054 sed
360 2009 434 2057 cum
450 1980 616 2079 voluptate
637 1978 826 2080 pugnantia.
843 2023 889 2035 —
940 1978 1017 2052 Nou
1032 1978 1134 2053 istam
1152 1977 1202 2051 di·

64 2090 67 2097 ’
127 2082 172 2154 cit
196 2081 403 2182 voluptatem.
429 2127 475 2138 -
527 2081 626 2154 Dicat
653 2081 848 2180 quamlibet:
874 2107 994 2179 nempe
1013 2108 1085 2155 eam
1104 2079 1199 2166 dicit,

130 2183 165 2254 in
181 2212 245 2281 qua
268 2183 408 2256 virtutis·
418 2183 507 2256 nulla
523 2210 600 2281 pars
616 2182 705 2256 insit.
754 2184 845 2280 Age,
871 2182 900 2255 si
911 2182 1120 2282 voluptatem
1135 2210 1202 2255 nou

127 2284 357 2383 intelligimus:
383 2314 425 2359 ne
446 2285 595 2359 dolorem
617 2284 774 2384 quidem?
799 2313 885 2382 nego
908 2284 1010 2383 igitur
1026 2284 1097 2357 eius
1120 2311 1203 2379 esse,

127 2387 183 2485 qui
205 2386 319 2462 dolore
345 2416 510 2461 summum
537 2387 660 2461 malum
672 2386 845 2475 metiatur,
871 2387 1073 2460 mentionem
1089 2385 1200 2460 facere

127 2505 272 2563 virtutis.¹
1118 2532 1121 2537 -

229 2592 322 2664 XXI.
374 2600 431 2670 50.
456 2591 499 2663 Et
532 2606 715 2689 queruntur
747 2590 910 2689 quidem¹
938 2587 1115 2691 Epicurei,
1141 2587 1203 2662 viri

168 2762 208 2878 ⁸dl
227 2758 269 2811 sie
297 2759 366 2876 illm
384 2758 466 2809 codd.
483 2758 591 2810 Edvet.
600 2758 758 2810 monstrt..
776 2759 807 2811 D.
825 2756 995 2826 qudpr.-
1012 2759 1072 2811 Em.
1090 2774 1115 2810 c.
1134 2758 1202 2826 vulg.

128 2843 171 2893 qur
192 2845 244 2878 om.
323 2843 345 2876 e.
1047 2878 1051 2885 ,

177 2946 213 2994 Et
232 2942 348 3011 quidem)
373 2945 408 2992 Et
425 2942 530 3011 quidem
549 2941 577 2992 in
602 2959 645 2994 re-
679 2952 769 3012 parat,
794 2943 892 3061 sibipue
915 2942 1076 2995 contradicit.
1108 2938 1153 2994 'De
1175 2954 1204 2995 tta

128 3009 277 3059 condendo
299 3020 443 3076 ponuntur,
470 3020 497 3060 et
519 3010 569 3060 hoc
587 3010 647 3078 qui-
680 3011 836 3061 cenetens
863 3010 936 3062 Offic.
946 3013 979 3062 11.
988 3014 1029 3073 21,
1045 3015 1089 3070 72.
1103 3029 1132 3079 p.
1143 3011 1202 3070 140.

147 3094 186 3126 em
201 3076 261 3126 loco
276 3094 333 3125 cum
347 3077 462 3127 irrisione
478 3078 600 3146 quadam,
619 3087 648 3127 ut
731 3097 790 3128 meo
814 3079 894 3158 hona)
929 3078 989 3129 Scil.
1018 3077 1202 3146 patrimonium

128 3142 193 3192 haec
224 3141 285 3192 insit
314 3143 455 3193 sententia:
489 3156 515 3195 et
536 3145 647 3213 pulchre
679 3146 822 3213 publicum,
850 3163 919 3197 curus
936 3144 1041 3214 quisque
1056 3145 1121 3196 ciria
1139 3164 1202 3214 par-

146 3210 235 3259 uidem
248 3227 350 3272 paones,
369 3211 449 3260 etiarn
462 3216 490 3260 C.
501 3212 646 3262 Gracchus.
679 3213 765 3281 ticeps⁴
776 3224 851 3265 esset.

52 3314 58 3321 .
129 3229 274 3345 homparari
300 3287 408 3344 possunt
439 3278 563 3329 formulae
587 3278 648 3330 illas
730 3283 772 3339 49.
790 3282 897 3397 ηεηιρεζ
910 3281 943 3330 H.
954 3297 977 3330 e.
993 3289 1080 3343 certe,
1098 3297 1140 3347 gr.
1155 3276 1201 3347 δὴ

127 3343 216 3396 tritae:
244 3357 269 3396 et
290 3356 376 3407 recte,
403 3358 429 3395 et
445 3359 516 3396 recte
531 3347 644 3414 quidem,
680 3363 746 3413 που,
765 3348 831 3400 doch
841 3366 879 3398 wo
899 3348 917 3397 l.
941 3349 1010 3398 Inest
1022 3347 1108 3399 irrisio
1123 3363 1202 3416 quae-

129 3424 155 3462 et
169 3430 249 3473 sane,
268 3425 294 3462 et
309 3414 441 3476 nimirum,
460 3426 486 3464 et
500 3415 646 3466 mehercule
678 3415 745 3466 dam.
779 3418 812 3467 V.
829 3416 925 3469 adnot.
943 3415 971 3465 iu
986 3417 1006 3465 l.
1022 3420 1072 3478 21,
1089 3416 1135 3473 48.

128 3488 189 3531 cett.
212 3481 301 3548 quibus
315 3481 342 3530 in
359 3480 467 3548 dialogis
484 3499 560 3549 saepe
578 3483 646 3533 alte-
728 3487 802 3553 Age,
824 3485 861 3548 si)
886 3485 951 3544 Fac,
967 3499 1014 3533 nos
1031 3500 1085 3552 uon
1099 3481 1201 3532 iutelli-

128 3546 179 3596 rius
193 3548 269 3598 verba
282 3547 448 3615 excipiuntur.
474 3550 511 3600 Cf.
521 3553 644 3601 Goerenz.
679 3567 753 3618 gere,
773 3551 834 3618 quid
848 3552 868 3601 E
888 3551 972 3600 icurus
985 3564 1033 3628 per
1047 3567 1140 3600 vocem
1153 3567 1200 3599 vo-

128 3614 353 3687 adLegg712'13‚
371 3621 413 3675 36.
432 3623 513 3683 p.55.
530 3616 645 3668 adAca-
679 3619 707 3668 lu
725 3620 791 3669 totis
814 3570 924 3682 intelligi
942 3616 1005 3667 vaht
1029 3617 1110 3684 (quod
1126 3634 1201 3685 saepe

128 3680 193 3730 dem.
209 3684 229 3731 1.
245 3688 290 3743 12,
308 3686 349 3739 43.
367 3702 392 3751 p.
406 3688 448 3741 67.
679 3636 829 3737 adiersmiie
846 3683 1001 3749 obsidebat),
1020 3701 1106 3734 nonne
1120 3684 1159 3734 via
1173 3701 1203 3734 ac

178 3750 206 3796 0.
218 3750 367 3816 Gracchus)
385 3750 601 3811 Quemadmodum
616 3752 644 3801 C.
678 3753 871 3820 potestasvoeis
887 3751 989 3802 doloris
999 3751 1099 3819 liquet?
1118 3755 1201 3815 Quum

128 3814 257 3865 Gracchus
273 3816 430 3866 orationibus
447 3819 537 3868 aerarii
552 3830 645 3888 patro-
679 3837 707 3869 cr
727 3837 742 3871 o
767 3820 855 3883 dicat,
880 3836 1003 3870 summum
1026 3820 1124 3870 malum
1148 3836 1201 3870 esse

127 3898 187 3960 num
210 3882 276 3948 egit,
300 3883 475 3948 largitionibus
490 3896 574 3939 autem
587 3905 645 3937 ma·
678 3838 810 3951 dolorem,
827 3887 887 3937 iude
904 3887 1058 3938 concludere
1077 3887 1157 3950 lieet,
1179 3885 1201 3937 ei

128 3964 200 3999 xrmrs
214 3949 242 3999 id
257 3944 355 4010 eludit,
374 3961 402 4001 ut
415 3953 574 4017 verbonillins
589 3972 646 4005 cum
678 3973 799 4005 summum
824 3956 919 4006 bonum
938 3953 1019 4005 videri
1039 3953 1200 4022 voluptatem

127 4016 203 4068 tactis
213 4028 367 4084 pugnarent:
381 4017 419 4068 ita
427 4020 557 4087 Epicurus,
569 4040 645 4089 quum
679 4032 706 4073 et
722 4040 774 4073 nou
790 4022 918 4073 virtutem.
942 4022 1038 4074 Naida.

128 4083 154 4134 in
170 4084 303 4152 voluptate
315 4103 437 4136 summurn
454 4087 547 4138 bonum
563 4089 645 4156 pouit,
730 4090 789 4139 (lar.
812 4091 887 4139 XXI.
915 4097 958 4148 50.
979 4093 1028 4140 -Et
1054 4102 1200 4159 queruntur

128 4152 240 4218 quamvis
255 4171 330 4221 saepe
348 4154 465 4204 virtutem
481 4155 583 4218 laudet,
602 4167 645 4208 ta-
679 4157 785 4226 quidem
812 4160 957 4218 Queruntur
964 4156 1092 4225 Epicurei,
1110 4156 1199 4224 inquit,

115 4236 176 4270 urea
193 4240 208 4271 a
229 4220 324 4274 virtute
344 4240 470 4276 summum
491 4223 586 4279 tonum
603 4242 647 4277 se-
680 4242 722 4277 me
734 4234 760 4276 at
793 4225 847 4276 'osa
854 4224 1200 4293 (leidemchaltliohfloutra
