2640 4626
423 217 532 267 runnu
548 215 755 268 ursrourcus.
1060 209 1123 276 383

49 332 196 385 Hesiodus.
231 332 311 385 Poeta
328 350 432 399 graecus
448 351 481 384 ex
494 337 572 385 Ascra

85 400 214 451 oriundus.
231 440 233 445 ,
252 404 282 462 1,
300 406 325 458 2.
344 405 386 459 98.

639 333 749 381 formata
772 340 798 379 et
811 329 958 381 Leucothea
979 331 1057 400 (apud
1069 333 1123 383 La-

638 400 707 448 tinos
721 401 835 463 Matuta)
852 408 945 449 vocata
958 410 1005 449 est.
1031 407 1060 462 1,
1078 408 1120 460 28.

49 471 240 535 Hieronymus.
268 468 392 518 Rhodius.
417 468 573 537 Peripateti·
604 468 678 518 Iovis
699 466 816 517 satelles.
861 467 953 516 Vultur
981 468 1024 534 qui
1053 470 1124 520 iecur

85 555 137 586 cus.
164 535 252 586 Cicero
267 536 335 600 (Fin.
346 544 371 596 5,
388 538 435 602 14)
450 554 506 587 eum
523 554 572 587 vo-

637 533 783 584 Promethei
801 533 948 584 dilaniabat.
972 541 997 596 2,
1015 538 1056 595 34,

85 615 129 654 cat
145 603 248 653 doctum
263 603 390 653 homiuem
414 615 439 654 et
462 621 572 665 suavem,
604 602 757 674 Iphigenia.
798 601 864 651 Filia
884 604 1080 667 Agamemnonis
1097 616 1124 656 et

85 671 129 739 qui
145 689 267 721 summum
283 672 377 721 bonum
392 673 508 739 exposuit
524 689 572 722 ra·
640 670 861 737 Clytaemnestrae.
877 671 959 732 Quum
967 675 1122 736 Agamemno

85 739 207 789 cultatem
224 738 329 788 doloris.
364 745 389 801 5,
409 742 451 798 84.
467 744 511 799 87.
528 743 570 798 88.

52 874 245 944 Hippodamia.
280 872 401 924 Oenomai
414 874 480 940 regis
494 873 573 925 Elidis

87 954 114 992 et
131 942 245 992 Pisarum
261 940 320 1004 filia,
338 959 387 1009 qua
399 942 492 1010 Pelops
511 952 573 991 tan-

87 1011 163 1070 dem,
187 1020 321 1076 postquam
338 1010 422 1077 plures
437 1010 488 1062 iam
500 1009 573 1088 proci

89 1078 120 1128 ab
136 1081 265 1126 Oenomao
287 1077 375 1126 fraude
387 1079 515 1127 interemti
530 1094 574 1126 es-

87 1154 153 1206 sent,
169 1145 414 1212 cumregnopotitus
424 1155 469 1194 est.
486 1150 511 1205 3,
528 1149 571 1203 26.

54 1212 227 1283 Hippolytus.
262 1212 354 1261 Thesei
369 1212 435 1261 filius
450 1230 482 1262 ex
495 1219 573 1261 Ama-

88 1298 153 1330 zone
172 1280 289 1347 Antiopa,
308 1279 448 1330 aPhaedra
464 1298 574 1330 noverca

88 1347 169 1414 stupri
203 1356 344 1397 accusatur.
387 1347 453 1397 Hinc
480 1346 574 1397 Thesei

89 1415 239 1466 crudelitate
255 1415 340 1482 periit.
368 1413 395 1476 4,
412 1418 453 1473 27.
540 1434 543 1441 ·

55 1485 226 1539 Hortensiae.
260 1481 359 1532 Rhetor
375 1499 501 1533 romanus.
534 1483 573 1534 De

89 1552 142 1602 eius
158 1550 283 1628 stupenda
304 1549 426 1600 memoria
442 1551 530 1601 Cicero
547 1551 574 1600 in

88 1623 168 1669 Bmto
185 1617 247 1668 Acir
258 1618 289 1684 (c.
299 1621 359 1682 88):
376 1618 501 1668 Memoria
513 1629 573 1668 tan-

638 737 665 787 in
679 737 770 786 Aulide
791 754 892 786 eervum
913 737 1009 787 Dianae
1030 739 1123 808 impru-

639 805 702 855 dens
729 804 877 865 occidisset,
910 806 966 855 Dea
991 806 1124 873 indignata

640 872 772 923 contrariis
792 872 894 923 flatibus
908 874 1062 923 Graecorum
1076 893 1123 925 ex-

639 939 794 1009 peditionem
817 939 850 988 ad
861 939 965 989 Troiam
984 950 1023 990 est
1037 960 1124 993 remo-

639 1018 702 1058 rata.
721 1010 777 1068 Qua
791 1007 823 1057 de
837 1024 864 1056 re
880 1024 956 1074 quum
972 1019 1042 1059 vates
1059 1028 1125 1061 con—

639 1076 765 1137 sulerent,
782 1088 930 1141 responsum
944 1086 997 1138 est,
1013 1080 1124 1142 Agame-

639 1144 738 1193 mnonis
755 1141 878 1208 sanguine
895 1143 967 1193 deam
989 1162 1042 1194 esse
1063 1145 1124 1212 pla·

641 1211 754 1261 caudam.
798 1209 890 1259 Missus
918 1210 996 1276 igitur
1022 1213 1124 1279 Ulysses

640 1278 795 1347 Iphigeniam
809 1287 865 1327 astu
880 1295 895 1327 a
909 1289 989 1328 matre
1007 1280 1120 1343 abduxit,

639 1346 733 1396 Achilli
756 1363 811 1394 eam
839 1355 975 1412 nupturam
995 1347 1123 1409 simulans,

641 1430 765 1480 quumque
791 1413 839 1462 iam
868 1413 1020 1464 immolanda
1048 1425 1123 1476 esset,

640 1483 688 1531 dea
703 1481 755 1530 eius
767 1481 899 1541 miserata,
916 1498 1014 1533 cervam
1030 1500 1076 1549 pro
1094 1500 1124 1532 ea

639 1549 780 1616 supposuit,
792 1549 913 1613 virginem
922 1559 1004 1599 autem
1017 1549 1043 1598 in
1052 1551 1125 1599 Tau·-

639 1617 718 1666 ricam
731 1617 860 1682 regionem
868 1617 1005 1665 transtulit.
1023 1622 1046 1677 1,
1063 1620 1122 1674 116.

88 1698 131 1748 ta,
157 1696 276 1753 quautam
297 1685 325 1734 in
344 1685 397 1734 ullo
424 1685 574 1751 cognovisse
606 1689 746 1736 Isocrates.
771 1683 869 1733 libetur
883 1702 991 1734 summus
1007 1687 1122 1735 Graeco-

89 1772 130 1805 me
144 1753 261 1814 arbitror,
276 1763 313 1813 ut,
330 1769 486 1820 quaesecum
501 1770 574 1803 com-

88 1830 216 1871 mentatus
241 1830 322 1882 esset,
347 1838 376 1870 ea
398 1821 452 1871 sine
474 1821 578 1888 scriptis

88 1889 174 1937 verbis
198 1887 291 1938 eisdem
319 1887 452 1951 redderet,
486 1889 576 1956 quibus

92 1955 241 2025 cogitasset,
262 1961 351 2017 1‚¹59·
369 1961 395 2016 2.
413 1958 438 2013 4.
455 1961 480 2016 3,
492 1964 521 2014 5·

639 1770 702 1803 rum.
739 1756 762 1814 1,
779 1754 804 1809 7.

847 1923 878 1970 L.

59 2024 161 2101 Hydra
179 2022 294 2085 lernaea,
321 2041 423 2090 serpens
447 2023 575 2091 quinqua·
607 2023 737 2089 Lacydes.
774 2022 923 2088 Cyrenaeus.
947 2021 1123 2090 Philosophus,

91 2100 163 2156 ginta
174 2091 292 2157 capitum,
310 2108 341 2140 ex
355 2092 451 2157 quibus,
467 2108 518 2142 uno
528 2109 575 2141 ex-

92 2158 160 2219 ciso,
176 2159 227 2207 diro
252 2159 302 2208 alia
324 2159 410 2208 statim
433 2158 575 2227 repullula-

90 2226 160 2276 baut.
191 2232 217 2285 2,
234 2232 276 2283 22.

54 2294 194 2362 Hypanis.
234 2294 337 2343 Flavius
365 2286 393 2343 iti
416 2293 520 2360 regione
543 2293 576 2344 ad

90 2364 233 2427 Bosporum
250 2361 416 2411 Cimmerium.
442 2368 466 2422 1,
484 2362 524 2418 94.

54 2429 210 2494 Hyrcania.
234 2429 314 2495 Regio
331 2429 443 2483 Asiatica
455 2428 487 2478 ad
504 2429 576 2479 Mare
608 2429 717 2479 Laelios
734 2433 766 2477 D.
802 2433 906 2488 Orator,
944 2427 967 2476 ir
982 2427 1080 2488 bonus,
1099 2436 1125 2476 et

91 2495 218 2563 Caspium.
230 2552 234 2561 ,
244 2499 269 2561 1,
289 2501 345 2554 108.

225 2664 342 2737 nl,

54 2767 166 2833 Ibycus.
198 2732 280 2817 Fica
294 2764 432 2833 Rheginos.
457 2769 481 2828 4,
501 2770 542 2824 77.
609 2770 632 2817 L

55 2839 116 2887 Ino.
135 2830 411 2885 Oadtuiefflermioues
425 2834 485 2884 filia.
501 2837 577 2884 Uro-

640 2091 735 2157 primus
755 2106 837 2140 novae
853 2088 1005 2140 Academiae
1018 2089 1123 2139 institu-

640 2169 690 2208 tor.
719 2161 820 2221 5,107·

607 2227 718 2276 Laelius
740 2229 768 2275 O.
816 2223 973 2291 Cognomina
1004 2223 1122 2290 Sapiens,

642 2294 735 2343 amicus
756 2296 795 2343 Sc.
820 2293 940 2343 Africani.
971 2297 1003 2355 1,
1022 2296 1080 2349 110.
1097 2295 1124 2353 4,

641 2368 669 2425 5.
683 2367 708 2423 5,
725 2362 768 2418 54·
786 2365 827 2418 56·

642 2495 804 2545 mediocriter
814 2495 913 2546 doctus.
939 2495 990 2576 Oia.
1004 2494 1036 2543 de
1052 2498 1124 2544 Orat.

642 2570 667 2626 2.
686 2568 798 2621 lfa—1.
816 2571 841 2620 5·

609 2634 701 2681 Laius.
725 2633 779 2680 Rex
795 2631 945 2694 Thebarum,
961 2639 1034 2697 pater
1047 2628 1127 2680 Oedi.

643 2698 680 2768 pi·
714 2700 739 2759 l,
756 2705 798 2757 71·

633 2784 780 2836 ampsacus.
803 2767 868 2816 Urbs
885 2765 960 2817 Asiae
976 2765 1009 2816 ad
1024 2765 1127 2815 Helles-

643 2844 757 2901 pontum.
781 2838 808 2895 1,
826 2835 883 2891 104.

91 2919 146 2952 rem
162 2902 218 2950 eam
233 2900 432 2952 duxitAthamaa
447 2919 492 2951 rex
505 2901 578 2952 The·
609 2902 766 2952 Laomedon.
800 2904 854 2952 Rex
872 2900 1006 2962 Troianus,
1024 2901 1127 2967 Neptu-

91 2971 232 3029 banorum,
249 2980 383 3037 postquam
398 2969 527 3034 Nephele,
547 2986 578 3018 ex

91 3047 144 3104 qua
157 3036 201 3086 ille
211 3034 336 3103 Phryxum
352 3038 476 3087 etHelleu
490 3054 578 3087 susce-

91 3114 184 3171 perat,
216 3104 309 3153 Baechi
333 3105 418 3154 furore
437 3104 532 3170 agitata
551 3104 578 3153 in

644 2987 703 3019 num
717 2980 752 3019 et
765 2969 924 3035 Apollinem,
942 2968 984 3034 qui
997 2968 1065 3016 iussu
1082 2969 1127 3016 Io-

644 3038 681 3087 vis
697 3054 782 3086 muros
799 3036 924 3095 Troianos
944 3044 1127 3095 exstruxerant,

644 3105 766 3173 promissa
773 3105 887 3154 mercede
895 3102 1028 3152 liaudavit.
1045 3107 1070 3164 1,
1085 3105 1127 3159 65.

92 3172 171 3220 silvas
192 3188 218 3220 se
246 3172 397 3222 contulerat.
431 3175 476 3222 luo
494 3171 578 3239 privi-
610 3177 728 3233 Latmus,
745 3189 817 3221 mons
835 3171 931 3221 Cariae.
951 3174 975 3233 1,
993 3174 1035 3228 92.
1118 3186 1121 3192 ·

93 3255 160 3303 gnos
183 3238 249 3306 apud
274 3248 373 3307 patrem
403 3257 524 3301 accusans
547 3256 577 3289 eo
611 3244 634 3291 L

93 3307 226 3373 compulit,
234 3316 263 3355 ut
270 3323 408 3357 conscenso
416 3324 492 3356 aureo
501 3307 579 3356 ariete

92 3375 156 3439 l'uga
170 3373 218 3423 sibi
228 3375 400 3425 consulerent.
436 3378 516 3437 Quam
526 3392 579 3424 reru

635 3242 729 3360 apicius
753 3241 793 3289 M.
816 3241 940 3291 Porcina.
984 3239 1078 3289 Consul
1097 3223 1130 3285 Δ.

670 3345 677 3358 .
695 3310 721 3359 (l-
737 3312 795 3366 616.
813 3308 863 3358 vid.
887 3307 919 3357 de
941 3325 971 3356 eo
991 3305 1044 3355 Cic.
1057 3308 1127 3354 Burt.

643 3381 726 3436 Tb·
738 3380 760 3437 1,
776 3383 801 3432 5.

93 3457 170 3506 aegre
191 3442 274 3490 ferens
296 3444 359 3493 Iuno
375 3442 522 3493 Athamanti
535 3443 579 3491 fu-
611 3447 708 3494 Lerna.
725 3446 809 3493 Lucus
825 3442 850 3492 in
866 3441 958 3507 Argivo
976 3456 1045 3505 agro,
1061 3440 1129 3488 Her-

92 3509 145 3558 rias
159 3507 269 3572 immisit,
286 3526 349 3576 quae
366 3511 393 3560 in
408 3521 506 3560 tantam
523 3527 580 3560 eum
644 3512 709 3562 culis
728 3511 832 3574 labore,
862 3511 904 3577 qui
926 3509 953 3557 in
975 3525 1006 3557 eo
1022 3507 1129 3573 hydrum

94 3575 236 3641 adegerunt
252 3577 361 3639 rabiem,
386 3588 424 3639 ut,
441 3595 517 3645 quum
532 3580 579 3628 lno
645 3579 800 3630 interemisse
816 3578 915 3637 dicitur,
931 3574 1083 3624 notissimus.
1102 3578 1129 3632 2,

94 3662 151 3693 curn
163 3643 220 3692 filiis
235 3646 350 3696 Learcho
367 3641 534 3696 etMelieerti
547 3645 581 3694 ad
646 3654 688 3705 22.
711 3648 744 3697 cf.
763 3649 864 3712 Hydra
878 3646 994 3693 lernaea.

93 3728 123 3759 se
145 3711 307 3763 accedentem
331 3713 491 3782 adspiceret,
514 3713 580 3763 hanc
611 3716 743 3767 Lesbiaci.
776 3715 817 3765 Sic
829 3723 952 3765 vocantur
965 3709 1023 3760 libri
1036 3708 1130 3758 Dicae-

94 3779 226 3842 leflenflms
263 3780 330 3830 filios
364 3792 449 3832 autem
481 3780 580 3841 catulos
648 3783 725 3846 archi,
744 3782 771 3832 in
789 3783 877 3851 quibus
894 3777 1130 3828 contraimmortu-

93 3846 277 3911 arbitraretur,
299 3858 375 3915 atque
402 3859 504 3917 raptum
527 3849 580 3897 Le-

647 3852 747 3902 litatem
769 3850 845 3902 animi
867 3846 996 3906 disseruit,
1022 3844 1081 3912 quia
1104 3842 1131 3892 in

93 3914 199 3964 archum
241 3934 302 3967 saxo
341 3917 456 3981 illiserit,
514 3915 582 3965 idem
646 3920 678 3969 iis
693 3936 774 3971 sermo
790 3912 1049 3981 habetur-Mytilenis,
1067 3927 1131 3978 quae

94 3984 238 4051 exemplum
273 3984 301 4034 in
336 4001 416 4036 uxore
452 3985 580 4044 editums,

649 3997 688 4037 est
702 3986 761 4037 urbs
775 3988 802 4038 in
815 3985 900 4036 Insula
913 3982 1004 4031 Lesbo.
1023 3985 1048 4042 1,
1065 3983 1106 4037 77.

94 4049 144 4099 nisi
175 4051 220 4100 illa
248 4063 352 4123 arrepto
377 4053 510 4103 Melicerta
531 4070 580 4101 uua
613 4056 757 4107 Leucadia.
774 4057 875 4106 Nomen
890 4048 990 4100 fabulae
1005 4066 1019 4098 a
1035 4045 1132 4097 comico

95 4136 153 4168 cum
179 4119 225 4170 illo
254 4120 280 4170 in
311 4139 380 4173 mare
406 4141 434 4172 se
473 4119 592 4171 abiecis-·

647 4123 763 4190 Turpilio
779 4122 944 4189 conscriptae.
969 4119 1001 4176 4,
1019 4121 1062 4174 72.

94 4197 149 4249 aet,
167 4187 211 4238 ubi
231 4188 258 4240 iu
272 4189 345 4241 deam
360 4191 481 4241 marinam
494 4200 581 4240 trans-
614 4197 738 4243 Leucata.
756 4186 960 4242 Promontorium
966 4183 1043 4254 Epiri.
1056 4182 1130 4243 tlt·
1187 4198 1188 4201 ’
