2640 4626
325 218 337 246 ‘
527 222 790 274 PROLEGOMENA.
1156 211 1197 278 27
1215 253 1220 267 .

121 346 217 404 animi
232 345 492 424 perturbationem
509 345 568 404 alit
581 345 651 403 tolli
664 365 760 423 posse.
804 345 885 422 Ergo
900 346 1063 424 aegritudo
1078 351 1199 424 opinio·

116 452 172 507 nis
180 489 192 517 ,
223 470 285 505 non
306 459 437 506 naturae
458 459 502 505 est
522 449 648 506 malum.
704 446 796 519 Quod
824 447 864 505 ita
895 467 972 519 esse,
1003 447 1204 508 confirmatur

122 550 213 608 etiam
247 546 275 627 a)
299 570 349 623 eo,
379 548 461 626 quod
488 547 567 606 nihil
595 548 665 626 plus
693 549 776 606 valet
797 549 835 606 ad
856 549 1030 627 ponendum
1052 548 1198 624 dolorem,

119 670 212 728 quam
237 669 329 726 quum
352 661 397 709 est
418 649 625 725 intellectum,
655 650 736 709 nihil
764 644 873 728 prolibi
896 672 929 709 eo
953 662 982 710 et
1003 652 1115 709 frustra
1138 673 1200 712 essa

121 761 314 830 susceptum,
344 749 377 829 b)
400 753 498 829 quod,
528 752 581 830 qui
598 753 695 811 multa
717 752 778 811 sint
797 766 884 831 saepe
904 754 1051 830 perpessi,
1081 754 1200 837 facilius

119 856 240 928 ierunt,
271 853 418 931 quicquid
435 853 562 928 accidit,
596 854 833 932 obduruisseque
849 874 911 913 sese
928 864 1033 913 contra
1047 856 1200 916 fortunam

121 956 327 1030 arbitrantur,
349 967 384 1014 ut
399 955 465 1034 ipsa
484 955 656 1032 defatigatio
675 956 863 1015 miseriarum
881 956 1082 1033 aegritudines
1099 957 1200 1017 lenio-

118 1077 167 1115 res
191 1057 298 1130 saciat,
330 1054 359 1137 c)
382 1055 465 1133 quod
488 1057 699 1136 sapientissimi
722 1057 875 1131 homines,
907 1078 1000 1134 quum
1017 1059 1198 1137 intelligant,

120 1180 152 1217 se
176 1160 313 1218 nondum
335 1159 496 1236 perfectam
519 1159 696 1237 sapientiam
720 1168 920 1237 consequutos
941 1180 1019 1233 esse,
1048 1171 1148 1236 tamen
1166 1163 1198 1220 in

117 1258 180 1318 hoc
197 1262 275 1318 malo
296 1281 348 1336 aeg
333 1259 483 1318 oritudine
500 1281 562 1318 non
579 1269 773 1338 premantur,
805 1261 876 1337 quia
896 1261 982 1319 nulla
999 1262 1203 1332 admisceatur,

121 1360 227 1439 opinio
247 1361 373 1420 officiosi
391 1360 505 1419 doloris
516 1362 722 1438 ,luctumque
742 1372 771 1420 et
788 1382 954 1457 maerprem
975 1363 1036 1421 viri
1055 1386 1116 1423 esse
1135 1386 1198 1424 non

120 1472 242 1541 putent.
267 1483 291 1521 c.
307 1465 412 1530 98.-
456 1462 669 1520 Subiiciuntnr
691 1462 836 1540 quaedam
859 1463 898 1521 ad
918 1464 1108 1523 refutandam
1127 1487 1197 1524 sen-

118 1564 245 1622 tentiam
268 1584 388 1637 eorum,
419 1563 471 1640 qui
493 1562 660 1622 cedendum
683 1575 824 1623 censeant
845 1563 964 1640 dolori,
995 1566 1081 1642 quia,
1105 1587 1199 1644 quum

118 1664 158 1724 sit
174 1666 337 1738 naturalis,
359 1674 484 1724 naturas
503 1664 609 1725 obsisti
627 1674 770 1742 nequeat,
791 1665 921 1744 ideoque
940 1667 1197 1728 consolationibus
1233 1694 1245 1711 κ

119 1787 189 1825 eum
206 1765 287 1824 nihil
302 1766 406 1824 levari.
430 1787 455 1824 c.
473 1767 524 1833 99.
540 1769 591 1834 30.
608 1769 659 1835 31.
681 1766 780 1845 princ.

206 1867 348 1944 Sequitur
388 1868 536 1945 completa
580 1870 752 1927 Stoicorum
791 1869 928 1948 definitio
970 1872 1198 1950 aegritudinis:

118 1968 285 2046 Aegritudo
305 1978 351 2027 est
369 1967 471 2047 opinio
493 1969 564 2027 mali
584 1970 750 2047 praesentis
772 1954 946 2048 et'quidem
967 1992 1085 2030 recens:
1115 1971 1197 2049 quod

118 2071 248 2129 verbum
279 2070 322 2128 sic
343 2070 596 2147 interpretantur,
627 2082 662 2130 ut
683 2092 747 2130 non
768 2080 886 2129 tantum
907 2071 986 2129 illud
1008 2092 1112 2130 recens
1135 2094 1197 2132 esse

119 2172 233 2246 velint,
256 2170 337 2248 quod
357 2171 462 2249 paullo
484 2180 551 2228 ante
572 2171 731 2244 acciderit,
755 2172 806 2229 sed
829 2172 974 2249 quamdiu
996 2173 1027 2230 in
1049 2173 1103 2231 illo
1127 2174 1196 2252 opi-

118 2283 191 2330 nato
214 2273 294 2330 malo
315 2274 362 2330 vis
385 2271 530 2349 quaedam
543 2272 642 2346 «insit,
672 2282 708 2330 ut
736 2272 836 2350 vigeat
864 2283 893 2331 et
914 2272 1024 2334 habeat
1044 2277 1197 2353 quandam

117 2373 323 2449 viriditatem,
346 2374 463 2431 tamdiu
484 2374 655 2452 appelletur
675 2393 789 2461 recens,
812 2374 839 2449 §.
859 2374 908 2440 75.

321 2610 357 2669 b.
395 2608 552 2669 ALTERA
572 2611 670 2672 PARS
693 2609 995 2670 DISPUTATIONIS

622 2731 679 2788 'nn
985 2720 989 2729 ¹

448 2844 582 2895 oFFlcsss
601 2844 874 2897 coNsoLANTIUM.

206 2981 314 3042 Officia
332 2983 554 3042 consolantium
572 2983 791 3061 aegritudinem
811 2992 883 3041 sunt
902 2982 1011 3041 tollere
1033 2981 1199 3058 aegritudi-

119 3105 190 3142 nem
204 3085 357 3158 sunditus,
380 3094 433 3142 aut
448 3084 568 3160 sedare,
591 3094 644 3143 aut
659 3083 816 3143 detrahere
836 3104 925 3162 quam
940 3084 1123 3162 plurimum,
1145 3092 1200 3142 aut

120 3187 326 3265 supprimere,
349 3206 405 3244 nec
426 3186 490 3264 pati
507 3207 628 3245 manare
648 3187 786 3264 longius,
816 3196 869 3244 aut
889 3186 927 3244 ad
947 3186 1005 3243 alia
1028 3185 1198 3244 traducere.

120 3288 205 3346 Haec
227 3287 405 3347 consolandi
426 3304 534 3364 genera
555 3288 672 3366 singula
695 3275 816 3365 singuli
823 3285 1000 3366 philosophi
1019 3294 1198 3363 sequuntur.

121 3390 228 3449 Cicero
250 3401 351 3448 autem
372 3388 447 3447 haec
469 3390 569 3448 omnia
590 3390 759 3467 colligenda
781 3398 898 3462 censet,
931 3389 1000 3465 quia
1032 3388 1113 3445 alius
1140 3386 1200 3444 alio

120 3490 212 3550 modo
227 3500 402 3566 moveatur,
424 3511 547 3567 eamque
563 3490 764 3549 adhibendam
780 3476 984 3562 curationem,
1008 3509 1098 3566 quam
1114 3488 1200 3565 quis-

121 3613 181 3671 que
203 3593 337 3670 recipere
360 3594 472 3672 possit,
499 3574 768 3672 opportissrumque
789 3602 908 3670 tempus
929 3590 1108 3649 sumendum
1127 3610 1199 3648 esse.

123 3696 151 3772 §.'
167 3695 216 3762 76:
260 3695 385 3772 Singula
403 3695 581 3754 consolandi
604 3713 712 3772 genera
737 3693 907 3764 accuratius
928 3703 959 3752 et
977 3692 1102 3751 uberius
1121 3691 1199 3750 illu-

122 3803 268 3854 strantur.
291 3817 317 3855 c.
334 3799 385 3865 32.
402 3799 454 3865 33.

208 3897 262 3956 ΙΙΙ.
294 3900 463 3956 Οοιιοιιιειο
485 3917 593 3956 rorrns
614 3918 850 3957 u1srurar1onrs.
903 3897 1066 3974 Postquam
1095 3896 1201 3954 Cicero

122 4019 155 4058 se
174 3999 346 4074 excusavit,
369 4000 467 4077 quod,
497 4019 592 4077 quum
614 4001 781 4077 quaesitum
801 4007 893 4073 esset,
926 4020 965 4058 an
983 3999 1017 4057 in
1036 3996 1201 4076 sapientem

123 4099 232 4160 cadere
247 4110 350 4179 posset
368 4100 542 4179 aegritudo,
564 4124 581 4159 a
597 4102 755 4181 proposito
774 4084 916 4160 aberrans
932 4111 1028 4160 totam
1046 4099 1084 4156 de
1101 4095 1201 4173 aegri-

122 4203 233 4263 tudine
251 4202 425 4285 docuinam·
436 4203 612 4284 complaxus
627 4214 719 4264 esset:
743 4223 810 4264 eam
824 4203 1021 4276 sententiam,
1040 4220 1106 4277 qua
1113 4197 1220 4255 totius
