2640 4626
547 166 717 220 tinent.
734 171 776 229 17.
1132 163 1197 231 335

99 374 102 379 y
125 285 238 358 necin
254 312 312 373 ea,
337 312 421 387 quae
435 284 496 358 nec
513 285 633 359 misera
650 285 710 374 sit,
734 314 797 361 nec
816 286 920 362 beata.
960 305 992 362 et
1007 305 1057 363 ent
1078 291 1114 364 in
1137 292 1196 366 ali-

125 416 192 488 qua
216 388 281 461 vita
297 386 522 487 praedicabile
547 386 689 487 aliquid,
714 394 778 462 et⁸
802 388 1030 488 gloriandum,
1057 422 1095 468 ac
1115 402 1194 495 prae

124 519 161 565 ee
182 490 371 564 ferendum:
398 506 434 561 ut
448 489 716 591 Epaminondas,

166 613 307 672 Consiliis
330 613 443 672 nostris
464 613 530 703 laus
552 622 597 671 est
619 622 735 671 attonsa
757 615 924 674 Laconum:

123 728 161 784 ut
180 711 378 799 Africanus,

167 812 277 893 A'aole
298 833 467 908 exoriente,
490 853 580 911 supra
602 832 721 892 lllaeoti’
744 834 888 912 paludes,

211 921 305 978 Nemo
328 928 372 978 est
393 919 446 996 qui
467 918 554 977 factis
575 939 621 976 me
644 918 835 997 aequiperare
858 929 961 998 queat:

127 1027 185 1096 50.
212 1015 348 1117 quodsi
364 1026 455 1111 est⁹;
481 1016 576 1089 beata
592 1016 658 1088 vita
675 1015 848 1114 glorianda
864 1034 896 1090 et
917 1019 1141 1118 praedicanda
1163 1039 1194 1096 ct

125 1146 206 1218 prae
224 1147 260 1192 se
277 1118 413 1192 serenda
429 1133 485 1191 est.
520 1117 604 1190 nibil
631 1134 680 1191 est
709 1119 795 1191 enim
819 1118 928 1207 aliud,
954 1122 1045 1220 quod
1061 1126 1194 1224 praedi-

126 1222 268 1294 candum
287 1237 318 1294 et
336 1248 416 1320 prae
433 1249 469 1294 ee
486 1218 660 1294 ferendum
686 1221 736 1293 sit.
763 1220 884 1321 quibus
910 1224 1047 1322 positis,
1073 1226 1194 1300 intelli-

124 1324 195 1422 gis,
222 1323 303 1422 quid
331 1339 493 1422 sequatur.
536 1339 566 1396 et
591 1323 741 1422 quidem,
766 1324 832 1396 nisi
857 1352 892 1396 ea
920 1324 987 1398 vita
1010 1324 1107 1400 beata
1135 1346 1194 1418 est,

125 1454 210 1525 qnae
226 1442 280 1521 est¹
292 1424 405 1498 eadem
423 1425 577 1497 honesta:
604 1425 647 1496 sit
666 1424 757 1498 alind
774 1453 907 1499 necesse
924 1443 973 1500 cst
989 1428 1107 1502 melius
1128 1431 1195 1504 vita

124 1529 230 1600 beata.
271 1528 362 1626 quod
386 1527 447 1600 erit
468 1527 555 1601 eninr
578 1526 770 1615 honestum,
802 1546 888 1602 certe
909 1528 1099 1602 fatebuntur
1122 1560 1194 1606 esse

124 1630 251 1703 melius.
276 1629 321 1702 ita
335 1630 397 1702 erit
410 1631 505 1703 beata
519 1629 585 1702 vita
598 1627 716 1702 melius
737 1628 879 1729 aliquid:
906 1659 972 1730 quo
987 1632 1070 1730 quid
1084 1651 1194 1734 potest

125 1732 192 1805 dici
208 1732 416 1833 perversius?
453 1731 571 1827 Quid?
597 1759 698 1830 quum
708 1731 851 1805 fatentur
863 1735 943 1806 satis
957 1763 1111 1833 magnam
1126 1737 1194 1811 vim

126 1863 198 1908 esse
215 1835 250 1906 in
264 1834 352 1908 vitiis
363 1834 406 1907 ad
421 1834 574 1906 miseram
589 1835 698 1922 vitam,
724 1862 835 1909 nonne
849 1835 1016 1909 latendum
1032 1842 1091 1927 est,
1117 1854 1193 1913 ean-¹

126 1937 201 2011 dem
223 1937 288 2009 vim
305 1937 340 2008 in
356 1937 474 2009 virtute
492 1964 562 2009 esse
587 1936 631 2008 ad
655 1936 784 2009 beatam
804 1938 926 2011 vitam?
952 1941 1192 2016 contrariorum

127 2040 215 2113 enim
232 2039 396 2112 contraria
410 2054 487 2111 sunt
503 2039 745 2138 consequentia.
796 2047 853 2119 51.
876 2040 953 2137 Quo
969 2040 1042 2114 loco
1060 2072 1193 2142 quaero,

126 2170 227 2241 quam
241 2141 306 2213 vim
325 2141 444 2215 habeat
461 2140 546 2213 libra
561 2140 616 2213 illa
634 2139 788 2215 Critolai:
816 2141 872 2240 qui
890 2171 989 2242 quum
1008 2144 1042 2216 in
1059 2146 1192 2219 alteram

124 2243 252 2317 lancem
274 2243 374 2316 animi
394 2244 483 2316 bona
501 2243 665 2343 imponat,
692 2244 727 2315 in
753 2243 886 2317 alteram
910 2248 1059 2345 corporis
1085 2266 1116 2321 et
1140 2277 1195 2320 ex-

124 2364 236 2434 terna3
262 2362 387 2418 tantum
404 2346 611 2446 propendere
629 2344 716 2418 illam
739 2347 923 2447 [bonorum
947 2349 1099 2452 animi]1
1122 2350 1192 2423 lan-

123 2476 196 2522 cem
214 2465 323 2547 putet,
349 2465 384 2520 ut
399 2465 521 2521 terram
536 2464 568 2521 et
584 2447 688 2520 maria
706 2448 878 2548 deprimat.

194 2638 211 2692 8
227 2637 286 2685 Era.
306 2652 327 2685 c.
344 2633 425 2686 Gebh.
441 2644 498 2694 ἀιιι,
517 2652 645 2685 exerrare
661 2645 772 2704 typogr,
789 2645 818 2685 nt
834 2646 922 2686 censet
939 2639 982 2688 Or.
999 2640 1017 2696 9
1032 2637 1077 2689 stc
1092 2640 1152 2689 Ero.
1168 2656 1190 2690 c.

122 2707 158 2755 D.
176 2703 242 2752 Lall.
261 2698 344 2768 Vulg‘o
363 2701 491 2752 omittitur
508 2714 557 2752 eet.
604 2706 617 2760 1
635 2703 666 2753 V.
683 2703 749 2753 adn.

120 2831 177 2871 tem
191 2819 273 2881 beata,
287 2836 350 2887 quae
366 2818 535 2886 praedicetur,
554 2820 641 2869 eadem
673 2820 710 2870 ita
724 2820 803 2870 virtus
821 2819 874 2870 dici
888 2831 975 2888 potest
995 2821 1097 2872 efficere
1113 2821 1192 2874 vitam

121 2897 165 2938 est
175 2887 295 2946 honesta,
329 2887 492 2947 uodnisiest,
508 2886 641 2936 aliudme-
673 2889 783 2943 beatam.
818 2888 914 2938 Neide.

120 2956 172 3006 line
199 2972 252 3004 esee
275 2954 328 3004 vita
352 2954 428 3004 beatd
458 2970 560 3003 necesse
589 2963 641 3004 est:
729 2960 770 3013 51.
796 2973 874 3023 quam
896 2957 951 3005 vim
975 2954 1090 3022 babeat)
1118 2958 1152 3006 H.
1170 2974 1192 3007 e.

120 3022 175 3073 hoc
192 3032 275 3073 autem
291 3021 379 3072 melius
402 3030 470 3072 certe
493 3020 542 3070 erit
557 3020 642 3071 hone-
678 3021 738 3088 quid
753 3020 883 3087 significet.
908 3025 990 3090 Supra
1006 3025 1026 3074 1.
1042 3029 1089 3082 22.
1107 3034 1134 3073 et
1150 3024 1193 3074 ni-

120 3100 205 3140 stum:
230 3089 267 3139 ita
281 3089 330 3140 erit
351 3087 440 3139 melius
455 3087 551 3154 aliquid
567 3106 643 3156 quam
674 3089 764 3138 mirum
784 3089 849 3139 hanc
865 3090 943 3140 habet
964 3090 1014 3141 vim
1030 3102 1192 3160 praeceptum

120 3157 179 3207 rita
198 3156 289 3206 beata:
315 3166 349 3218 at,
374 3155 412 3206 uti
434 3173 510 3223 supra
534 3155 642 3206 demon·
674 3156 807 3225 Apollinis.

121 3233 231 3274 stratum
248 3234 301 3285 eat,
318 3233 421 3291 praeter
441 3224 541 3274 beatam
562 3224 643 3274 vitam
709 3223 780 3274 libra
805 3224 855 3274 illa
871 3225 1001 3294 Critolai)
1027 3228 1101 3277 Hanc
1124 3226 1193 3277 hand

121 3290 190 3342 nibil
212 3290 282 3341 aliud
297 3303 343 3352 est,
361 3291 429 3357 quod
446 3290 643 3358 praedicandum
676 3291 752 3341 dubie
766 3292 878 3358 respexit
895 3292 972 3346 etiam
989 3294 1021 3343 de
1035 3295 1091 3344 Fin.
1108 3296 1140 3345 V.
1150 3300 1192 3356 30,
1298 3315 1300 3318 ·

121 3357 166 3409 sit.
201 3359 268 3425 Ergo
284 3357 418 3409 honestum
436 3359 552 3425 (virtus)
575 3358 642 3408 idem
675 3362 716 3416 92.
741 3359 839 3410 audebo
862 3358 954 3426 igitur,
974 3378 1038 3428 quae
1056 3362 1192 3412 secundum

122 3436 163 3477 eat
179 3425 232 3475 vita
247 3426 338 3489 beata,
356 3436 383 3475 et
398 3426 451 3477 vita
464 3426 541 3477 beata
554 3426 642 3477 eadem
674 3436 790 3476 naturam
812 3426 878 3489 sint,
909 3427 976 3477 bona
1002 3428 1131 3495 appellare
1150 3456 1191 3489 -,
1226 3448 1228 3453 ·

121 3503 163 3544 eet
180 3492 322 3543 honestum.
675 3493 775 3543 virtutis
792 3503 884 3551 ‚autem
909 3494 1101 3560 amplitudinem
1121 3497 1193 3563 quasi

175 3562 312 3627 Consiliis)
330 3562 427 3612 Graece
449 3578 489 3628 ap.
512 3561 641 3612 Plutarch.
674 3561 702 3612 in
718 3561 798 3611 altera
811 3560 891 3611 librae
902 3561 976 3611 lance
989 3579 1092 3630 ponere.
1124 3564 1192 3613 Ter·

122 3629 154 3678 T..
171 3630 202 3678 II.
226 3648 250 3696 p.
268 3632 340 3686 1098.
372 3629 408 3679 sic
429 3628 523 3694 legitur
543 3647 641 3680 versus:
675 3646 745 3690 ram,
763 3628 826 3678 mihi
846 3629 934 3690 crede,
954 3646 983 3679 ea
998 3629 1058 3681 lanx
1076 3641 1103 3681 et
1115 3630 1193 3682 maria

131 3695 138 3714 ³
321 3698 417 3757 aetate
441 3696 559 3765 Σπάρτη
591 3694 642 3764 μὲν
675 3695 806 3763 deprimet.
822 3726 855 3734 -
872 3696 910 3746 Cf.
926 3696 1018 3748 dehac
1032 3697 1097 3749 libra
1109 3699 1191 3750 Beier.

164 3713 271 3762 erronee

120 3715 248 3829 deliteam
264 3697 357 3829 δόξαν.
378 3766 505 3831 Integrum
515 3767 642 3831 epigram·
676 3764 708 3814 ad
724 3764 797 3814 offic.
812 3765 855 3813 111.
870 3768 894 3826 8,
910 3768 953 3823 35.
970 3784 995 3833 p.
1014 3767 1074 3823 241.

121 3848 164 3882 ma
179 3842 293 3881 servatur
315 3850 356 3899 ap.
378 3832 484 3882 Pausan.
509 3831 535 3881 iu
552 3835 641 3883 Boeot.
725 3831 856 3897 externa)
873 3830 950 3882 [thet.-
971 3833 1004 3882 ad
1020 3835 1131 3884 Herenn.
1147 3835 1192 3895 111,

120 3917 148 3966 p.
173 3903 248 3961 5fi5.,
274 3899 311 3947 uti
334 3909 420 3949 monet
435 3899 558 3951 Davisius.
589 3903 642 3951 At·
674 3903 700 3956 6.
722 3900 816 3950 Rerum
830 3909 989 3950 externarum
1003 3911 1061 3951 sunt
1075 3919 1113 3963 ea,
1129 3918 1194 3968 qnae

121 3980 201 4017 torena
217 3966 356 4016 imminuta.
676 3984 735 4015 casu
751 3976 796 4017 aut
820 3967 923 4018 fortune
945 3969 1055 4018 secunda
1078 3978 1120 4019 aut
1144 3967 1193 4018 ad·

173 4038 200 4084 A
211 4034 280 4094 eale)
297 4033 371 4085 Ennii
388 4033 523 4086 diatichon.
675 4051 747 4083 verae
773 4035 888 4086 accidere
908 4046 1029 4102 possunt,
1056 4046 1085 4086 ut
1105 4053 1193 4103 genua,

173 4109 216 4160 50.
240 4102 446 4168 contrariorum)
471 4102 551 4153 Sicuti
576 4101 642 4167 enim
676 4101 807 4164 educatio,
826 4101 945 4165 divitiae,
963 4113 1117 4171 potestaten,
1134 4103 1195 4171 glo-

121 4171 149 4220 in
175 4168 242 4219 vitiis
264 4168 355 4222 misera
373 4169 426 4220 vita
444 4187 497 4221 esse
514 4171 641 4234 statuitur,
675 4168 736 4232 riae,
747 4169 844 4232 ciritae,
854 4170 988 4234 amicitiae,
999 4171 1194 4240 etquachnine·
1297 4206 1302 4214 ·
