<?xml version="1.0" encoding="UTF-8"?>
<!DOCTYPE html PUBLIC "-//W3C//DTD XHTML 1.0 Transitional//EN"
    "http://www.w3.org/TR/xhtml1/DTD/xhtml1-transitional.dtd">
<html xmlns="http://www.w3.org/1999/xhtml" xml:lang="en" lang="en">
 <head>
  <title>
</title>
<meta http-equiv="Content-Type" content="text/html;charset=utf-8" />
  <meta name='ocr-system' content='tesseract 3.04.00' />
  <meta name='ocr-capabilities' content='ocr_page ocr_carea ocr_par ocr_line ocrx_word'/>
</head>
<body>
  <div class='ocr_page' id='page_1' title='image "./mtulliiciceroni18cicegoog_0056.png"; bbox 0 0 2640 4626; ppageno 0'>
   <div class='ocr_carea' id='block_1_1' title="bbox 525 206 1222 273">
    <p class='ocr_par' dir='ltr' id='par_1_1' title="bbox 525 206 1222 273">
     <span class='ocr_line' id='line_1_1' title="bbox 525 206 1222 273; baseline -0.001 -10"><span class='ocrx_word' id='word_1_1' title='bbox 525 210 788 265; x_wconf 74' lang='lat' dir='ltr'>PuoanonuNs</span> <span class='ocrx_word' id='word_1_2' title='bbox 1153 206 1197 273; x_wconf 76' lang='lat'>35</span> <span class='ocrx_word' id='word_1_3' title='bbox 1219 214 1222 221; x_wconf 90' lang='lat'>&#39;</span> 
     </span>
    </p>
   </div>
   <div class='ocr_carea' id='block_1_2' title="bbox 95 332 1273 4273">
    <p class='ocr_par' dir='ltr' id='par_1_2' title="bbox 117 332 1197 721">
     <span class='ocr_line' id='line_1_2' title="bbox 118 332 1196 412; baseline 0.002 -15"><span class='ocrx_word' id='word_1_4' title='bbox 118 338 180 397; x_wconf 86' lang='lat' dir='ltr'>iam</span> <span class='ocrx_word' id='word_1_5' title='bbox 195 334 288 396; x_wconf 87' lang='lat' dir='ltr'>simul</span> <span class='ocrx_word' id='word_1_6' title='bbox 311 342 341 393; x_wconf 83' lang='lat' dir='ltr'>et</span> <span class='ocrx_word' id='word_1_7' title='bbox 363 332 536 412; x_wconf 82' lang='lat' dir='ltr'><strong>opinionem</strong></span> <span class='ocrx_word' id='word_1_8' title='bbox 552 332 658 393; x_wconf 77' lang='lat' dir='ltr'>falsam</span> <span class='ocrx_word' id='word_1_9' title='bbox 674 333 779 408; x_wconf 86' lang='lat' dir='ltr'>tollat,</span> <span class='ocrx_word' id='word_1_10' title='bbox 802 343 832 392; x_wconf 90' lang='lat' dir='ltr'>et</span> <span class='ocrx_word' id='word_1_11' title='bbox 853 333 1071 411; x_wconf 77' lang='lat' dir='ltr'>aegritudinem</span> <span class='ocrx_word' id='word_1_12' title='bbox 1092 337 1196 401; x_wconf 86' lang='lat' dir='ltr'>detra·</span> 
     </span>
     <span class='ocr_line' id='line_1_3' title="bbox 117 434 1197 516; baseline 0.003 -18"><span class='ocrx_word' id='word_1_13' title='bbox 117 437 182 498; x_wconf 83' lang='lat' dir='ltr'>hat</span> <span class='ocrx_word' id='word_1_14' title='bbox 214 439 241 513; x_wconf 87' lang='lat'>§.</span> <span class='ocrx_word' id='word_1_15' title='bbox 260 437 310 503; x_wconf 88' lang='grc'>60.</span> <span class='ocrx_word' id='word_1_16' title='bbox 334 445 410 496; x_wconf 82' lang='lat' dir='ltr'>extr.</span> <span class='ocrx_word' id='word_1_17' title='bbox 454 436 532 494; x_wconf 88' lang='lat' dir='ltr'>Sunt</span> <span class='ocrx_word' id='word_1_18' title='bbox 544 435 635 495; x_wconf 88' lang='lat' dir='ltr'>etiam</span> <span class='ocrx_word' id='word_1_19' title='bbox 649 434 794 513; x_wconf 88' lang='lat' dir='ltr'>quaedam</span> <span class='ocrx_word' id='word_1_20' title='bbox 811 436 1024 514; x_wconf 80' lang='lat' dir='ltr'>aegritudines,</span> <span class='ocrx_word' id='word_1_21' title='bbox 1047 459 1123 516; x_wconf 89' lang='lat' dir='ltr'>quae</span> <span class='ocrx_word' id='word_1_22' title='bbox 1138 440 1197 501; x_wconf 80' lang='lat' dir='ltr'>hac</span> 
     </span>
     <span class='ocr_line' id='line_1_4' title="bbox 119 537 1197 615; baseline 0.006 -17"><span class='ocrx_word' id='word_1_23' title='bbox 119 540 186 601; x_wconf 83' lang='lat' dir='ltr'>sola</span> <span class='ocrx_word' id='word_1_24' title='bbox 200 539 350 598; x_wconf 89' lang='lat' dir='ltr'>medicina</span> <span class='ocrx_word' id='word_1_25' title='bbox 364 537 465 597; x_wconf 85' lang='lat' dir='ltr'>sanari</span> <span class='ocrx_word' id='word_1_26' title='bbox 482 545 620 615; x_wconf 80' lang='lat' dir='ltr'><strong>possunt,</strong></span> <span class='ocrx_word' id='word_1_27' title='bbox 642 545 678 597; x_wconf 91' lang='lat' dir='ltr'>ut</span> <span class='ocrx_word' id='word_1_28' title='bbox 689 537 715 594; x_wconf 90' lang='lat' dir='ltr'>si</span> <span class='ocrx_word' id='word_1_29' title='bbox 729 537 798 613; x_wconf 83' lang='lat' dir='ltr'>quis</span> <span class='ocrx_word' id='word_1_30' title='bbox 815 557 901 614; x_wconf 82' lang='lat' dir='ltr'>aegre</span> <span class='ocrx_word' id='word_1_31' title='bbox 918 541 1002 615; x_wconf 85' lang='lat' dir='ltr'>ferat,</span> <span class='ocrx_word' id='word_1_32' title='bbox 1024 539 1104 599; x_wconf 89' lang='lat' dir='ltr'>nihil</span> <span class='ocrx_word' id='word_1_33' title='bbox 1119 543 1152 600; x_wconf 90' lang='lat' dir='ltr'>in</span> <span class='ocrx_word' id='word_1_34' title='bbox 1165 562 1197 605; x_wconf 81' lang='lat' dir='ltr'>se</span> 
     </span>
     <span class='ocr_line' id='line_1_5' title="bbox 117 637 1195 721; baseline -0.002 -18"><span class='ocrx_word' id='word_1_35' title='bbox 117 663 184 702; x_wconf 88' lang='lat' dir='ltr'>esse</span> <span class='ocrx_word' id='word_1_36' title='bbox 202 640 336 716; x_wconf 84' lang='lat' dir='ltr'>virtutis,</span> <span class='ocrx_word' id='word_1_37' title='bbox 359 638 436 698; x_wconf 90' lang='lat' dir='ltr'>nihil</span> <span class='ocrx_word' id='word_1_38' title='bbox 454 639 556 714; x_wconf 87' lang='lat' dir='ltr'>animi,</span> <span class='ocrx_word' id='word_1_39' title='bbox 577 637 657 697; x_wconf 88' lang='lat' dir='ltr'>nihil</span> <span class='ocrx_word' id='word_1_40' title='bbox 680 638 780 719; x_wconf 80' lang='lat' dir='ltr'>officii,</span> <span class='ocrx_word' id='word_1_41' title='bbox 803 639 883 699; x_wconf 89' lang='lat' dir='ltr'>nihil</span> <span class='ocrx_word' id='word_1_42' title='bbox 898 639 1073 701; x_wconf 86' lang='lat' dir='ltr'>honestatis.</span> <span class='ocrx_word' id='word_1_43' title='bbox 1096 645 1121 721; x_wconf 87' lang='lat'>§</span> <span class='ocrx_word' id='word_1_44' title='bbox 1144 647 1195 714; x_wconf 83' lang='grc'>61,</span> 
     </span>
    </p>

    <p class='ocr_par' dir='ltr' id='par_1_3' title="bbox 95 741 1273 1935">
     <span class='ocr_line' id='line_1_6' title="bbox 204 741 1273 822; baseline 0.004 -20"><span class='ocrx_word' id='word_1_45' title='bbox 204 744 235 802; x_wconf 93' lang='lat' dir='ltr'>b.</span> <span class='ocrx_word' id='word_1_46' title='bbox 257 745 308 801; x_wconf 80' lang='lat' dir='ltr'>De</span> <span class='ocrx_word' id='word_1_47' title='bbox 319 744 477 801; x_wconf 79' lang='lat' dir='ltr'>curatione</span> <span class='ocrx_word' id='word_1_48' title='bbox 485 742 686 820; x_wconf 80' lang='lat' dir='ltr'>singularum</span> <span class='ocrx_word' id='word_1_49' title='bbox 690 741 974 819; x_wconf 81' lang='lat' dir='ltr'>perturbationum:</span> <span class='ocrx_word' id='word_1_50' title='bbox 994 744 1026 801; x_wconf 91' lang='lat' dir='ltr'>in</span> <span class='ocrx_word' id='word_1_51' title='bbox 1043 764 1102 822; x_wconf 85' lang='lat' dir='ltr'>qna</span> <span class='ocrx_word' id='word_1_52' title='bbox 1116 744 1197 807; x_wconf 78' lang='lat' dir='ltr'>illud</span> <span class='ocrx_word' id='word_1_53' title='bbox 1270 783 1273 792; x_wconf 90' lang='lat'>·</span> 
     </span>
     <span class='ocr_line' id='line_1_7' title="bbox 118 841 1196 926; baseline 0.002 -21"><span class='ocrx_word' id='word_1_54' title='bbox 118 844 200 905; x_wconf 90' lang='lat' dir='ltr'>idem</span> <span class='ocrx_word' id='word_1_55' title='bbox 217 843 331 922; x_wconf 84' lang='lat' dir='ltr'><strong>duplex</strong></span> <span class='ocrx_word' id='word_1_56' title='bbox 344 841 522 902; x_wconf 87' lang='lat' dir='ltr'>consolandi</span> <span class='ocrx_word' id='word_1_57' title='bbox 536 861 631 919; x_wconf 84' lang='lat' dir='ltr'>genus</span> <span class='ocrx_word' id='word_1_58' title='bbox 642 841 848 902; x_wconf 88' lang='lat' dir='ltr'>adhibendum</span> <span class='ocrx_word' id='word_1_59' title='bbox 863 852 915 919; x_wconf 88' lang='lat' dir='ltr'>est,</span> <span class='ocrx_word' id='word_1_60' title='bbox 936 854 973 903; x_wconf 90' lang='lat' dir='ltr'>ut</span> <span class='ocrx_word' id='word_1_61' title='bbox 984 846 1120 923; x_wconf 86' lang='lat' dir='ltr'>primum</span> <span class='ocrx_word' id='word_1_62' title='bbox 1131 848 1196 926; x_wconf 83' lang='lat' dir='ltr'>ipsa</span> 
     </span>
     <span class='ocr_line' id='line_1_8' title="bbox 117 943 1195 1025; baseline 0.003 -19"><span class='ocrx_word' id='word_1_63' title='bbox 117 946 217 1007; x_wconf 88' lang='lat' dir='ltr'>animi</span> <span class='ocrx_word' id='word_1_64' title='bbox 225 944 424 1024; x_wconf 86' lang='lat' dir='ltr'>perturbatio,</span> <span class='ocrx_word' id='word_1_65' title='bbox 447 944 485 1003; x_wconf 90' lang='lat' dir='ltr'>da</span> <span class='ocrx_word' id='word_1_66' title='bbox 496 964 555 1023; x_wconf 81' lang='lat' dir='ltr'>qua</span> <span class='ocrx_word' id='word_1_67' title='bbox 564 943 672 1020; x_wconf 89' lang='lat' dir='ltr'>agitur,</span> <span class='ocrx_word' id='word_1_68' title='bbox 688 943 832 1017; x_wconf 83' lang='lat' dir='ltr'>tollatur;</span> <span class='ocrx_word' id='word_1_69' title='bbox 853 953 921 1004; x_wconf 90' lang='lat' dir='ltr'>tum</span> <span class='ocrx_word' id='word_1_70' title='bbox 932 948 1117 1025; x_wconf 78' lang='lat' dir='ltr'>ostendatur,</span> <span class='ocrx_word' id='word_1_71' title='bbox 1139 970 1195 1009; x_wconf 85' lang='lat' dir='ltr'>nee</span> 
     </span>
     <span class='ocr_line' id='line_1_9' title="bbox 95 1040 1196 1125; baseline 0.001 -16"><span class='ocrx_word' id='word_1_72' title='bbox 95 1040 98 1044; x_wconf 57' lang='grc'><strong>’</strong></span> <span class='ocrx_word' id='word_1_73' title='bbox 119 1051 237 1109; x_wconf 91' lang='lat' dir='ltr'>bonum</span> <span class='ocrx_word' id='word_1_74' title='bbox 252 1046 334 1105; x_wconf 91' lang='lat' dir='ltr'>illud</span> <span class='ocrx_word' id='word_1_75' title='bbox 351 1067 424 1122; x_wconf 88' lang='lat' dir='ltr'>esse,</span> <span class='ocrx_word' id='word_1_76' title='bbox 446 1046 528 1123; x_wconf 92' lang='lat' dir='ltr'>quod</span> <span class='ocrx_word' id='word_1_77' title='bbox 538 1045 743 1105; x_wconf 85' lang='lat' dir='ltr'>autlaetitiam</span> <span class='ocrx_word' id='word_1_78' title='bbox 756 1055 808 1104; x_wconf 91' lang='lat' dir='ltr'>aut</span> <span class='ocrx_word' id='word_1_79' title='bbox 815 1045 974 1107; x_wconf 86' lang='lat' dir='ltr'>libidinem</span> <span class='ocrx_word' id='word_1_80' title='bbox 981 1059 1102 1108; x_wconf 85' lang='lat' dir='ltr'>moveat</span> <span class='ocrx_word' id='word_1_81' title='bbox 1108 1071 1118 1125; x_wconf 84' lang='lat'>3</span> <span class='ocrx_word' id='word_1_82' title='bbox 1139 1071 1196 1111; x_wconf 85' lang='lat' dir='ltr'>nea</span> 
     </span>
     <span class='ocr_line' id='line_1_10' title="bbox 120 1147 1195 1232; baseline 0.002 -24"><span class='ocrx_word' id='word_1_83' title='bbox 120 1150 245 1225; x_wconf 88' lang='lat' dir='ltr'>malum,</span> <span class='ocrx_word' id='word_1_84' title='bbox 270 1147 352 1225; x_wconf 92' lang='lat' dir='ltr'>quod</span> <span class='ocrx_word' id='word_1_85' title='bbox 368 1158 423 1208; x_wconf 88' lang='lat' dir='ltr'>aut</span> <span class='ocrx_word' id='word_1_86' title='bbox 436 1157 549 1207; x_wconf 91' lang='lat' dir='ltr'>metum</span> <span class='ocrx_word' id='word_1_87' title='bbox 565 1156 618 1207; x_wconf 87' lang='lat' dir='ltr'>aut</span> <span class='ocrx_word' id='word_1_88' title='bbox 634 1147 861 1224; x_wconf 83' lang='lat' dir='ltr'>aegritudinem</span> <span class='ocrx_word' id='word_1_89' title='bbox 885 1169 909 1207; x_wconf 91' lang='lat' dir='ltr'>c.</span> <span class='ocrx_word' id='word_1_90' title='bbox 926 1153 977 1217; x_wconf 74' lang='lat'>29.</span> <span class='ocrx_word' id='word_1_91' title='bbox 1001 1147 1030 1230; x_wconf 91' lang='lat' dir='ltr'>a)</span> <span class='ocrx_word' id='word_1_92' title='bbox 1047 1151 1083 1210; x_wconf 85' lang='lat' dir='ltr'>de</span> <span class='ocrx_word' id='word_1_93' title='bbox 1090 1173 1195 1232; x_wconf 81' lang='lat' dir='ltr'>aegra</span> 
     </span>
     <span class='ocr_line' id='line_1_11' title="bbox 120 1247 1196 1332; baseline 0.002 -22"><span class='ocrx_word' id='word_1_94' title='bbox 120 1253 239 1320; x_wconf 82' lang='lat' dir='ltr'>tudine,</span> <span class='ocrx_word' id='word_1_95' title='bbox 262 1251 348 1309; x_wconf 86' lang='lat' dir='ltr'>cuius</span> <span class='ocrx_word' id='word_1_96' title='bbox 363 1248 477 1309; x_wconf 90' lang='lat' dir='ltr'>sedatio</span> <span class='ocrx_word' id='word_1_97' title='bbox 493 1247 634 1309; x_wconf 89' lang='lat' dir='ltr'>hesterna</span> <span class='ocrx_word' id='word_1_98' title='bbox 649 1248 1011 1328; x_wconf 82' lang='lat' dir='ltr'>disputationesxplicata</span> <span class='ocrx_word' id='word_1_99' title='bbox 1027 1262 1088 1312; x_wconf 89' lang='lat' dir='ltr'>est:</span> <span class='ocrx_word' id='word_1_100' title='bbox 1110 1250 1143 1332; x_wconf 94' lang='lat' dir='ltr'>b)</span> <span class='ocrx_word' id='word_1_101' title='bbox 1160 1252 1196 1312; x_wconf 77' lang='lat' dir='ltr'>da</span> 
     </span>
     <span class='ocr_line' id='line_1_12' title="bbox 120 1350 1246 1429; baseline 0.001 -17"><span class='ocrx_word' id='word_1_102' title='bbox 120 1365 223 1421; x_wconf 81' lang='lat' dir='ltr'>metu,</span> <span class='ocrx_word' id='word_1_103' title='bbox 255 1352 308 1429; x_wconf 89' lang='lat' dir='ltr'>qui</span> <span class='ocrx_word' id='word_1_104' title='bbox 331 1350 437 1411; x_wconf 87' lang='lat' dir='ltr'>iisdem</span> <span class='ocrx_word' id='word_1_105' title='bbox 460 1350 630 1410; x_wconf 88' lang='lat' dir='ltr'>rationibus</span> <span class='ocrx_word' id='word_1_106' title='bbox 654 1350 764 1427; x_wconf 91' lang='lat' dir='ltr'>quibus</span> <span class='ocrx_word' id='word_1_107' title='bbox 784 1351 940 1427; x_wconf 80' lang='lat' dir='ltr'>aegritudo</span> <span class='ocrx_word' id='word_1_108' title='bbox 964 1352 1117 1413; x_wconf 89' lang='lat' dir='ltr'>tollendus</span> <span class='ocrx_word' id='word_1_109' title='bbox 1135 1364 1194 1413; x_wconf 90' lang='lat' dir='ltr'>est:</span> <span class='ocrx_word' id='word_1_110' title='bbox 1243 1358 1246 1364; x_wconf 70' lang='lat'>‘</span> 
     </span>
     <span class='ocr_line' id='line_1_13' title="bbox 120 1452 1194 1532; baseline 0.003 -20"><span class='ocrx_word' id='word_1_111' title='bbox 120 1453 265 1532; x_wconf 88' lang='lat' dir='ltr'>quoniam</span> <span class='ocrx_word' id='word_1_112' title='bbox 284 1461 320 1511; x_wconf 92' lang='lat' dir='ltr'>ut</span> <span class='ocrx_word' id='word_1_113' title='bbox 344 1453 501 1531; x_wconf 76' lang='lat' dir='ltr'>aegritudo</span> <span class='ocrx_word' id='word_1_114' title='bbox 521 1453 704 1531; x_wconf 87' lang='lat' dir='ltr'>praesentis,</span> <span class='ocrx_word' id='word_1_115' title='bbox 727 1452 770 1510; x_wconf 88' lang='lat' dir='ltr'>sic</span> <span class='ocrx_word' id='word_1_116' title='bbox 800 1461 895 1511; x_wconf 86' lang='lat' dir='ltr'>metus</span> <span class='ocrx_word' id='word_1_117' title='bbox 923 1454 1019 1512; x_wconf 83' lang='lat' dir='ltr'>futuri</span> <span class='ocrx_word' id='word_1_118' title='bbox 1038 1454 1113 1513; x_wconf 90' lang='lat' dir='ltr'>mali</span> <span class='ocrx_word' id='word_1_119' title='bbox 1141 1464 1194 1515; x_wconf 76' lang='lat' dir='ltr'>est</span> 
     </span>
     <span class='ocr_line' id='line_1_14' title="bbox 122 1551 1195 1634; baseline 0.002 -20"><span class='ocrx_word' id='word_1_120' title='bbox 122 1577 148 1614; x_wconf 89' lang='lat' dir='ltr'>c.</span> <span class='ocrx_word' id='word_1_121' title='bbox 164 1557 216 1624; x_wconf 88' lang='lat'>30.</span> <span class='ocrx_word' id='word_1_122' title='bbox 248 1552 275 1634; x_wconf 91' lang='lat' dir='ltr'>c)</span> <span class='ocrx_word' id='word_1_123' title='bbox 294 1564 323 1612; x_wconf 91' lang='lat' dir='ltr'>et</span> <span class='ocrx_word' id='word_1_124' title='bbox 340 1551 372 1634; x_wconf 86' lang='lat' dir='ltr'>d)</span> <span class='ocrx_word' id='word_1_125' title='bbox 389 1556 425 1614; x_wconf 84' lang='lat' dir='ltr'>de</span> <span class='ocrx_word' id='word_1_126' title='bbox 451 1557 621 1613; x_wconf 70' lang='lat' dir='ltr'>laetitiam</span> <span class='ocrx_word' id='word_1_127' title='bbox 649 1553 784 1613; x_wconf 80' lang='lat' dir='ltr'>libidine.</span> <span class='ocrx_word' id='word_1_128' title='bbox 829 1555 962 1612; x_wconf 88' lang='lat' dir='ltr'>Primum</span> <span class='ocrx_word' id='word_1_129' title='bbox 986 1554 1138 1632; x_wconf 89' lang='lat' dir='ltr'>doceatur,</span> <span class='ocrx_word' id='word_1_130' title='bbox 1159 1566 1195 1616; x_wconf 90' lang='lat' dir='ltr'>ut</span> 
     </span>
     <span class='ocr_line' id='line_1_15' title="bbox 122 1652 1194 1734; baseline 0 -19"><span class='ocrx_word' id='word_1_131' title='bbox 122 1677 226 1716; x_wconf 88' lang='lat' dir='ltr'>omnes</span> <span class='ocrx_word' id='word_1_132' title='bbox 241 1655 492 1734; x_wconf 84' lang='lat' dir='ltr'>perturbationes,</span> <span class='ocrx_word' id='word_1_133' title='bbox 514 1652 621 1712; x_wconf 89' lang='lat' dir='ltr'>sichas</span> <span class='ocrx_word' id='word_1_134' title='bbox 633 1675 694 1713; x_wconf 90' lang='lat' dir='ltr'>esse</span> <span class='ocrx_word' id='word_1_135' title='bbox 709 1654 907 1730; x_wconf 85' lang='lat' dir='ltr'>voluntarias,</span> <span class='ocrx_word' id='word_1_136' title='bbox 927 1665 992 1714; x_wconf 90' lang='lat' dir='ltr'>tum</span> <span class='ocrx_word' id='word_1_137' title='bbox 1009 1656 1194 1732; x_wconf 88' lang='lat' dir='ltr'>ostendatur,</span> 
     </span>
     <span class='ocr_line' id='line_1_16' title="bbox 122 1754 1195 1837; baseline 0.001 -21"><span class='ocrx_word' id='word_1_138' title='bbox 122 1779 215 1836; x_wconf 90' lang='lat' dir='ltr'>quam</span> <span class='ocrx_word' id='word_1_139' title='bbox 228 1757 328 1835; x_wconf 80' lang='lat' dir='ltr'>turpis</span> <span class='ocrx_word' id='word_1_140' title='bbox 344 1757 384 1815; x_wconf 88' lang='lat' dir='ltr'>sit</span> <span class='ocrx_word' id='word_1_141' title='bbox 401 1756 497 1814; x_wconf 90' lang='lat' dir='ltr'>omnis</span> <span class='ocrx_word' id='word_1_142' title='bbox 516 1755 608 1813; x_wconf 88' lang='lat' dir='ltr'>animi</span> <span class='ocrx_word' id='word_1_143' title='bbox 627 1754 741 1814; x_wconf 87' lang='lat' dir='ltr'>effusio.</span> <span class='ocrx_word' id='word_1_144' title='bbox 782 1755 933 1815; x_wconf 84' lang='lat' dir='ltr'>Gaudium</span> <span class='ocrx_word' id='word_1_145' title='bbox 949 1767 979 1816; x_wconf 91' lang='lat' dir='ltr'>et</span> <span class='ocrx_word' id='word_1_146' title='bbox 993 1758 1103 1817; x_wconf 87' lang='lat' dir='ltr'>laetitia</span> <span class='ocrx_word' id='word_1_147' title='bbox 1121 1758 1195 1837; x_wconf 89' lang='lat' dir='ltr'>quid</span> 
     </span>
     <span class='ocr_line' id='line_1_17' title="bbox 122 1856 732 1935; baseline -0.005 -18"><span class='ocrx_word' id='word_1_148' title='bbox 122 1859 265 1918; x_wconf 85' lang='lat' dir='ltr'>differant</span> <span class='ocrx_word' id='word_1_149' title='bbox 280 1858 359 1916; x_wconf 90' lang='lat' dir='ltr'>inter</span> <span class='ocrx_word' id='word_1_150' title='bbox 375 1878 414 1934; x_wconf 90' lang='lat' dir='ltr'>se,</span> <span class='ocrx_word' id='word_1_151' title='bbox 439 1856 609 1935; x_wconf 82' lang='lat' dir='ltr'>exponitur.</span> <span class='ocrx_word' id='word_1_152' title='bbox 633 1878 658 1915; x_wconf 92' lang='lat' dir='ltr'>c.</span> <span class='ocrx_word' id='word_1_153' title='bbox 680 1859 732 1924; x_wconf 82' lang='lat'>31.</span> 
     </span>
    </p>

    <p class='ocr_par' dir='ltr' id='par_1_4' title="bbox 121 1948 1203 3767">
     <span class='ocr_line' id='line_1_18' title="bbox 208 1948 1194 2037; baseline 0.002 -19"><span class='ocrx_word' id='word_1_154' title='bbox 208 1948 264 2018; x_wconf 89' lang='lat' dir='ltr'>His</span> <span class='ocrx_word' id='word_1_155' title='bbox 279 1959 316 2019; x_wconf 93' lang='lat' dir='ltr'>de</span> <span class='ocrx_word' id='word_1_156' title='bbox 330 1959 444 2017; x_wconf 89' lang='lat' dir='ltr'>laetitia</span> <span class='ocrx_word' id='word_1_157' title='bbox 456 1967 485 2018; x_wconf 90' lang='lat' dir='ltr'>et</span> <span class='ocrx_word' id='word_1_158' title='bbox 498 1958 625 2017; x_wconf 87' lang='lat' dir='ltr'>libidine</span> <span class='ocrx_word' id='word_1_159' title='bbox 639 1958 820 2037; x_wconf 73' lang='lat' dir='ltr'>praemissis,</span> <span class='ocrx_word' id='word_1_160' title='bbox 842 1960 900 2017; x_wconf 88' lang='lat' dir='ltr'>iam</span> <span class='ocrx_word' id='word_1_161' title='bbox 915 1959 952 2018; x_wconf 90' lang='lat' dir='ltr'>de</span> <span class='ocrx_word' id='word_1_162' title='bbox 962 1959 1078 2019; x_wconf 89' lang='lat' dir='ltr'>duabus</span> <span class='ocrx_word' id='word_1_163' title='bbox 1093 1983 1194 2020; x_wconf 87' lang='lat' dir='ltr'>earum</span> 
     </span>
     <span class='ocr_line' id='line_1_19' title="bbox 122 2058 1196 2142; baseline 0.001 -21"><span class='ocrx_word' id='word_1_164' title='bbox 122 2061 289 2142; x_wconf 86' lang='lat' dir='ltr'>speciebus,</span> <span class='ocrx_word' id='word_1_165' title='bbox 312 2082 412 2119; x_wconf 89' lang='lat' dir='ltr'>amore</span> <span class='ocrx_word' id='word_1_166' title='bbox 428 2071 457 2119; x_wconf 94' lang='lat' dir='ltr'>et</span> <span class='ocrx_word' id='word_1_167' title='bbox 472 2060 534 2135; x_wconf 82' lang='lat' dir='ltr'>ira„</span> <span class='ocrx_word' id='word_1_168' title='bbox 557 2060 717 2138; x_wconf 86' lang='lat' dir='ltr'>separatim</span> <span class='ocrx_word' id='word_1_169' title='bbox 735 2059 843 2137; x_wconf 82' lang='lat' dir='ltr'>agitur.</span> <span class='ocrx_word' id='word_1_170' title='bbox 887 2058 921 2141; x_wconf 82' lang='lat' dir='ltr'>a)</span> <span class='ocrx_word' id='word_1_171' title='bbox 943 2064 993 2120; x_wconf 88' lang='lat' dir='ltr'>De</span> <span class='ocrx_word' id='word_1_172' title='bbox 1008 2084 1120 2132; x_wconf 84' lang='lat' dir='ltr'>amore,</span> <span class='ocrx_word' id='word_1_173' title='bbox 1144 2065 1196 2140; x_wconf 79' lang='lat' dir='ltr'>qui</span> 
     </span>
     <span class='ocr_line' id='line_1_20' title="bbox 122 2161 1195 2241; baseline 0.001 -18"><span class='ocrx_word' id='word_1_174' title='bbox 122 2165 218 2240; x_wconf 89' lang='lat' dir='ltr'>vulgo</span> <span class='ocrx_word' id='word_1_175' title='bbox 235 2163 415 2241; x_wconf 85' lang='lat' dir='ltr'>appellatur.</span> <span class='ocrx_word' id='word_1_176' title='bbox 460 2163 502 2220; x_wconf 92' lang='lat' dir='ltr'>Ut</span> <span class='ocrx_word' id='word_1_177' title='bbox 516 2170 619 2239; x_wconf 83' lang='lat' dir='ltr'>turpes</span> <span class='ocrx_word' id='word_1_178' title='bbox 636 2171 717 2236; x_wconf 88' lang='lat' dir='ltr'>sunt,</span> <span class='ocrx_word' id='word_1_179' title='bbox 740 2161 793 2238; x_wconf 89' lang='lat' dir='ltr'>qui</span> <span class='ocrx_word' id='word_1_180' title='bbox 810 2161 939 2221; x_wconf 86' lang='lat' dir='ltr'>efferunt</span> <span class='ocrx_word' id='word_1_181' title='bbox 953 2184 984 2221; x_wconf 90' lang='lat' dir='ltr'>se</span> <span class='ocrx_word' id='word_1_182' title='bbox 998 2162 1112 2221; x_wconf 86' lang='lat' dir='ltr'>laetitia</span> <span class='ocrx_word' id='word_1_183' title='bbox 1121 2174 1195 2239; x_wconf 84' lang='lat' dir='ltr'>turn,</span> 
     </span>
     <span class='ocr_line' id='line_1_21' title="bbox 124 2262 1196 2344; baseline 0.004 -21"><span class='ocrx_word' id='word_1_184' title='bbox 124 2285 220 2344; x_wconf 92' lang='lat' dir='ltr'>quum</span> <span class='ocrx_word' id='word_1_185' title='bbox 243 2265 389 2322; x_wconf 86' lang='lat' dir='ltr'>fruuntur</span> <span class='ocrx_word' id='word_1_186' title='bbox 410 2263 546 2322; x_wconf 85' lang='lat' dir='ltr'>venereis</span> <span class='ocrx_word' id='word_1_187' title='bbox 572 2262 798 2341; x_wconf 83' lang='lat' dir='ltr'>voluptatibus:</span> <span class='ocrx_word' id='word_1_188' title='bbox 821 2263 865 2320; x_wconf 91' lang='lat' dir='ltr'>sic</span> <span class='ocrx_word' id='word_1_189' title='bbox 886 2264 1044 2340; x_wconf 87' lang='lat' dir='ltr'>flagitiosi,</span> <span class='ocrx_word' id='word_1_190' title='bbox 1074 2266 1127 2342; x_wconf 92' lang='lat' dir='ltr'>qui</span> <span class='ocrx_word' id='word_1_191' title='bbox 1147 2287 1196 2327; x_wconf 89' lang='lat' dir='ltr'>eas</span> 
     </span>
     <span class='ocr_line' id='line_1_22' title="bbox 123 2361 1196 2443; baseline 0.001 -18"><span class='ocrx_word' id='word_1_192' title='bbox 123 2367 311 2425; x_wconf 87' lang='lat' dir='ltr'>inflammato</span> <span class='ocrx_word' id='word_1_193' title='bbox 330 2365 429 2423; x_wconf 88' lang='lat' dir='ltr'>animo</span> <span class='ocrx_word' id='word_1_194' title='bbox 440 2361 969 2442; x_wconf 82' lang='lat' dir='ltr'>concupiscunt-Reprehenditur</span> <span class='ocrx_word' id='word_1_195' title='bbox 977 2366 1103 2442; x_wconf 89' lang='lat' dir='ltr'>poetica,</span> <span class='ocrx_word' id='word_1_196' title='bbox 1120 2387 1196 2443; x_wconf 89' lang='lat' dir='ltr'>quae</span> 
     </span>
     <span class='ocr_line' id='line_1_23' title="bbox 122 2463 1196 2545; baseline -0.003 -17"><span class='ocrx_word' id='word_1_197' title='bbox 122 2470 217 2529; x_wconf 91' lang='lat' dir='ltr'>istum</span> <span class='ocrx_word' id='word_1_198' title='bbox 233 2488 364 2526; x_wconf 90' lang='lat' dir='ltr'>amorem</span> <span class='ocrx_word' id='word_1_199' title='bbox 380 2466 492 2525; x_wconf 86' lang='lat' dir='ltr'>laudet.</span> <span class='ocrx_word' id='word_1_200' title='bbox 516 2487 541 2529; x_wconf 86' lang='lat' dir='ltr'>c.</span> <span class='ocrx_word' id='word_1_201' title='bbox 553 2468 603 2533; x_wconf 74' lang='lat'>32.</span> <span class='ocrx_word' id='word_1_202' title='bbox 633 2466 670 2523; x_wconf 90' lang='lat' dir='ltr'>In</span> <span class='ocrx_word' id='word_1_203' title='bbox 687 2465 793 2544; x_wconf 90' lang='lat' dir='ltr'>primis</span> <span class='ocrx_word' id='word_1_204' title='bbox 810 2463 986 2545; x_wconf 88' lang='lat' dir='ltr'>philosophi</span> <span class='ocrx_word' id='word_1_205' title='bbox 1003 2466 1196 2544; x_wconf 86' lang='lat' dir='ltr'>vituperandi</span> 
     </span>
     <span class='ocr_line' id='line_1_24' title="bbox 124 2567 1198 2648; baseline -0.001 -19"><span class='ocrx_word' id='word_1_206' title='bbox 124 2579 220 2645; x_wconf 75' lang='lat' dir='ltr'>sunt,</span> <span class='ocrx_word' id='word_1_207' title='bbox 237 2569 291 2648; x_wconf 90' lang='lat' dir='ltr'>qui</span> <span class='ocrx_word' id='word_1_208' title='bbox 311 2588 441 2627; x_wconf 89' lang='lat' dir='ltr'>amorem</span> <span class='ocrx_word' id='word_1_209' title='bbox 463 2567 633 2625; x_wconf 82' lang='lat' dir='ltr'>defendant.</span> <span class='ocrx_word' id='word_1_210' title='bbox 677 2567 860 2625; x_wconf 88' lang='lat' dir='ltr'>Nominatim</span> <span class='ocrx_word' id='word_1_211' title='bbox 882 2568 1017 2644; x_wconf 88' lang='lat' dir='ltr'>carpitur</span> <span class='ocrx_word' id='word_1_212' title='bbox 1033 2587 1198 2645; x_wconf 88' lang='lat' dir='ltr'>puerorum</span> 
     </span>
     <span class='ocr_line' id='line_1_25' title="bbox 124 2668 1196 2746; baseline -0.002 -15"><span class='ocrx_word' id='word_1_213' title='bbox 124 2691 220 2732; x_wconf 89' lang='lat' dir='ltr'>amor.</span> <span class='ocrx_word' id='word_1_214' title='bbox 242 2691 266 2729; x_wconf 86' lang='lat' dir='ltr'>c.</span> <span class='ocrx_word' id='word_1_215' title='bbox 283 2673 334 2738; x_wconf 89' lang='lat'>33.</span> <span class='ocrx_word' id='word_1_216' title='bbox 377 2669 453 2739; x_wconf 84' lang='lat' dir='ltr'>Item</span> <span class='ocrx_word' id='word_1_217' title='bbox 469 2676 594 2727; x_wconf 91' lang='lat' dir='ltr'>notatur</span> <span class='ocrx_word' id='word_1_218' title='bbox 607 2668 709 2744; x_wconf 90' lang='lat' dir='ltr'>Plato,</span> <span class='ocrx_word' id='word_1_219' title='bbox 732 2668 785 2746; x_wconf 90' lang='lat' dir='ltr'>qui</span> <span class='ocrx_word' id='word_1_220' title='bbox 802 2669 897 2727; x_wconf 89' lang='lat' dir='ltr'>amori</span> <span class='ocrx_word' id='word_1_221' title='bbox 913 2669 1122 2727; x_wconf 86' lang='lat' dir='ltr'>auctoritatem</span> <span class='ocrx_word' id='word_1_222' title='bbox 1138 2671 1196 2729; x_wconf 87' lang='lat' dir='ltr'>tri-</span> 
     </span>
     <span class='ocr_line' id='line_1_26' title="bbox 123 2770 1196 2848; baseline -0.003 -16"><span class='ocrx_word' id='word_1_223' title='bbox 123 2772 236 2832; x_wconf 90' lang='lat' dir='ltr'>buerit.</span> <span class='ocrx_word' id='word_1_224' title='bbox 279 2771 312 2829; x_wconf 86' lang='lat' dir='ltr'>si</span> <span class='ocrx_word' id='word_1_225' title='bbox 326 2791 425 2845; x_wconf 90' lang='lat' dir='ltr'>amor,</span> <span class='ocrx_word' id='word_1_226' title='bbox 447 2778 483 2828; x_wconf 89' lang='lat' dir='ltr'>ut</span> <span class='ocrx_word' id='word_1_227' title='bbox 505 2770 599 2829; x_wconf 86' lang='lat' dir='ltr'>Stoici</span> <span class='ocrx_word' id='word_1_228' title='bbox 615 2771 742 2846; x_wconf 87' lang='lat' dir='ltr'>volunt,</span> <span class='ocrx_word' id='word_1_229' title='bbox 764 2770 828 2848; x_wconf 90' lang='lat' dir='ltr'>ipse</span> <span class='ocrx_word' id='word_1_230' title='bbox 845 2780 970 2829; x_wconf 88' lang='lat' dir='ltr'>conatus</span> <span class='ocrx_word' id='word_1_231' title='bbox 989 2771 1137 2829; x_wconf 87' lang='lat' dir='ltr'>amicitiae</span> <span class='ocrx_word' id='word_1_232' title='bbox 1150 2772 1196 2829; x_wconf 89' lang='lat' dir='ltr'>sa-</span> 
     </span>
     <span class='ocr_line' id='line_1_27' title="bbox 124 2870 1198 2951; baseline 0 -18"><span class='ocrx_word' id='word_1_233' title='bbox 124 2873 256 2934; x_wconf 88' lang='lat' dir='ltr'>ciundae</span> <span class='ocrx_word' id='word_1_234' title='bbox 266 2893 304 2932; x_wconf 88' lang='lat' dir='ltr'>ex</span> <span class='ocrx_word' id='word_1_235' title='bbox 319 2870 558 2951; x_wconf 86' lang='lat' dir='ltr'>pulchritudiuis</span> <span class='ocrx_word' id='word_1_236' title='bbox 572 2872 671 2950; x_wconf 89' lang='lat' dir='ltr'>speeie</span> <span class='ocrx_word' id='word_1_237' title='bbox 687 2872 857 2944; x_wconf 88' lang='lat' dir='ltr'>definiatur,</span> <span class='ocrx_word' id='word_1_238' title='bbox 875 2890 943 2933; x_wconf 88' lang='lat' dir='ltr'>eum</span> <span class='ocrx_word' id='word_1_239' title='bbox 959 2871 1079 2931; x_wconf 85' lang='lat' dir='ltr'>defendi</span> <span class='ocrx_word' id='word_1_240' title='bbox 1092 2893 1198 2951; x_wconf 72' lang='lat' dir='ltr'>posse,</span> 
     </span>
     <span class='ocr_line' id='line_1_28' title="bbox 124 2973 1199 3051; baseline -0.004 -16"><span class='ocrx_word' id='word_1_241' title='bbox 124 2977 175 3036; x_wconf 87' lang='lat' dir='ltr'>sin</span> <span class='ocrx_word' id='word_1_242' title='bbox 192 2985 301 3049; x_wconf 88' lang='lat' dir='ltr'>autem,</span> <span class='ocrx_word' id='word_1_243' title='bbox 323 2984 359 3032; x_wconf 90' lang='lat' dir='ltr'>ut</span> <span class='ocrx_word' id='word_1_244' title='bbox 371 2973 465 3051; x_wconf 86' lang='lat' dir='ltr'>vulgo</span> <span class='ocrx_word' id='word_1_245' title='bbox 483 2983 536 3048; x_wconf 87' lang='lat' dir='ltr'>est,</span> <span class='ocrx_word' id='word_1_246' title='bbox 557 2973 685 3032; x_wconf 87' lang='lat' dir='ltr'>libidine</span> <span class='ocrx_word' id='word_1_247' title='bbox 701 2994 764 3032; x_wconf 90' lang='lat' dir='ltr'>non</span> <span class='ocrx_word' id='word_1_248' title='bbox 781 2982 878 3050; x_wconf 83' lang='lat' dir='ltr'>vacet,</span> <span class='ocrx_word' id='word_1_249' title='bbox 900 2995 968 3034; x_wconf 91' lang='lat' dir='ltr'>eum</span> <span class='ocrx_word' id='word_1_250' title='bbox 978 2973 1122 3033; x_wconf 91' lang='lat' dir='ltr'>nihilaut</span> <span class='ocrx_word' id='word_1_251' title='bbox 1134 2994 1199 3033; x_wconf 87' lang='lat' dir='ltr'>non</span> 
     </span>
     <span class='ocr_line' id='line_1_29' title="bbox 121 3074 1198 3154; baseline -0.005 -16"><span class='ocrx_word' id='word_1_252' title='bbox 121 3077 259 3138; x_wconf 88' lang='lat' dir='ltr'>multum</span> <span class='ocrx_word' id='word_1_253' title='bbox 283 3077 384 3136; x_wconf 85' lang='lat' dir='ltr'>abesse</span> <span class='ocrx_word' id='word_1_254' title='bbox 401 3076 439 3133; x_wconf 87' lang='lat' dir='ltr'>ab</span> <span class='ocrx_word' id='word_1_255' title='bbox 464 3075 597 3150; x_wconf 82' lang='lat' dir='ltr'>insania,</span> <span class='ocrx_word' id='word_1_256' title='bbox 619 3084 650 3134; x_wconf 90' lang='lat' dir='ltr'>et</span> <span class='ocrx_word' id='word_1_257' title='bbox 670 3074 785 3136; x_wconf 90' lang='lat' dir='ltr'>idcirco</span> <span class='ocrx_word' id='word_1_258' title='bbox 800 3077 890 3154; x_wconf 89' lang='lat' dir='ltr'>plane</span> <span class='ocrx_word' id='word_1_259' title='bbox 906 3075 1123 3154; x_wconf 87' lang='lat' dir='ltr'>respuendum,</span> <span class='ocrx_word' id='word_1_260' title='bbox 1146 3075 1198 3134; x_wconf 87' lang='lat' dir='ltr'>ei-</span> 
     </span>
     <span class='ocr_line' id='line_1_30' title="bbox 126 3174 1199 3255; baseline -0.005 -16"><span class='ocrx_word' id='word_1_261' title='bbox 126 3200 197 3240; x_wconf 90' lang='lat' dir='ltr'>cero</span> <span class='ocrx_word' id='word_1_262' title='bbox 221 3177 345 3236; x_wconf 90' lang='lat' dir='ltr'>iudicat.</span> <span class='ocrx_word' id='word_1_263' title='bbox 368 3198 393 3237; x_wconf 91' lang='lat' dir='ltr'>c.</span> <span class='ocrx_word' id='word_1_264' title='bbox 414 3174 465 3243; x_wconf 83' lang='grc'>34.</span> <span class='ocrx_word' id='word_1_265' title='bbox 509 3177 632 3236; x_wconf 85' lang='lat' dir='ltr'>Curatio</span> <span class='ocrx_word' id='word_1_266' title='bbox 648 3174 740 3235; x_wconf 90' lang='lat' dir='ltr'>huius</span> <span class='ocrx_word' id='word_1_267' title='bbox 761 3177 1010 3255; x_wconf 86' lang='lat' dir='ltr'>perturbationis.</span> <span class='ocrx_word' id='word_1_268' title='bbox 1040 3197 1065 3235; x_wconf 91' lang='lat' dir='ltr'>c.</span> <span class='ocrx_word' id='word_1_269' title='bbox 1084 3178 1135 3245; x_wconf 85' lang='lat'>35.</span> <span class='ocrx_word' id='word_1_270' title='bbox 1158 3209 1199 3221; x_wconf 90' lang='lat'>·-</span> 
     </span>
     <span class='ocr_line' id='line_1_31' title="bbox 125 3277 1200 3360; baseline -0.003 -22"><span class='ocrx_word' id='word_1_271' title='bbox 125 3278 167 3360; x_wconf 84' lang='grc' dir='ltr'>β)</span> <span class='ocrx_word' id='word_1_272' title='bbox 189 3283 239 3338; x_wconf 80' lang='lat' dir='ltr'>De</span> <span class='ocrx_word' id='word_1_273' title='bbox 257 3283 315 3338; x_wconf 82' lang='lat' dir='ltr'>ira.</span> <span class='ocrx_word' id='word_1_274' title='bbox 358 3278 407 3339; x_wconf 86' lang='lat' dir='ltr'>lra</span> <span class='ocrx_word' id='word_1_275' title='bbox 424 3278 542 3337; x_wconf 86' lang='lat' dir='ltr'>insania</span> <span class='ocrx_word' id='word_1_276' title='bbox 567 3290 627 3354; x_wconf 90' lang='lat' dir='ltr'>est,</span> <span class='ocrx_word' id='word_1_277' title='bbox 649 3277 688 3337; x_wconf 87' lang='lat' dir='ltr'>ad</span> <span class='ocrx_word' id='word_1_278' title='bbox 709 3279 838 3357; x_wconf 79' lang='lat' dir='ltr'>pessima</span> <span class='ocrx_word' id='word_1_279' title='bbox 857 3298 991 3356; x_wconf 85' lang='lat' dir='ltr'>quaeque</span> <span class='ocrx_word' id='word_1_280' title='bbox 1014 3278 1128 3354; x_wconf 89' lang='lat' dir='ltr'>flagitia</span> <span class='ocrx_word' id='word_1_281' title='bbox 1143 3296 1200 3357; x_wconf 82' lang='lat' dir='ltr'>pa-</span> 
     </span>
     <span class='ocr_line' id='line_1_32' title="bbox 123 3378 1203 3469; baseline -0.005 -28"><span class='ocrx_word' id='word_1_282' title='bbox 123 3380 238 3469; x_wconf 78' lang='lat' dir='ltr'>tranda</span> <span class='ocrx_word' id='word_1_283' title='bbox 254 3381 371 3439; x_wconf 86' lang='lat' dir='ltr'>idonea.</span> <span class='ocrx_word' id='word_1_284' title='bbox 414 3379 503 3442; x_wconf 87' lang='lat' dir='ltr'>lratis</span> <span class='ocrx_word' id='word_1_285' title='bbox 523 3379 619 3456; x_wconf 89' lang='lat' dir='ltr'>igitur</span> <span class='ocrx_word' id='word_1_286' title='bbox 635 3380 834 3439; x_wconf 89' lang='lat' dir='ltr'>subtrahendi</span> <span class='ocrx_word' id='word_1_287' title='bbox 850 3391 921 3439; x_wconf 89' lang='lat' dir='ltr'>sunt</span> <span class='ocrx_word' id='word_1_288' title='bbox 940 3381 979 3455; x_wconf 90' lang='lat' dir='ltr'>ii,</span> <span class='ocrx_word' id='word_1_289' title='bbox 1000 3379 1036 3436; x_wconf 89' lang='lat' dir='ltr'>in</span> <span class='ocrx_word' id='word_1_290' title='bbox 1050 3398 1125 3456; x_wconf 89' lang='lat' dir='ltr'>quos</span> <span class='ocrx_word' id='word_1_291' title='bbox 1140 3378 1203 3437; x_wconf 86' lang='lat' dir='ltr'>im·</span> 
     </span>
     <span class='ocr_line' id='line_1_33' title="bbox 124 3477 1202 3564; baseline -0.006 -22"><span class='ocrx_word' id='word_1_292' title='bbox 124 3493 233 3564; x_wconf 83' lang='lat' dir='ltr'>petum</span> <span class='ocrx_word' id='word_1_293' title='bbox 248 3490 398 3540; x_wconf 87' lang='lat' dir='ltr'>conantur</span> <span class='ocrx_word' id='word_1_294' title='bbox 413 3477 528 3555; x_wconf 80' lang='lat' dir='ltr'>secere,</span> <span class='ocrx_word' id='word_1_295' title='bbox 550 3481 623 3540; x_wconf 90' lang='lat' dir='ltr'>dum</span> <span class='ocrx_word' id='word_1_296' title='bbox 646 3483 750 3560; x_wconf 88' lang='lat' dir='ltr'>seipsi</span> <span class='ocrx_word' id='word_1_297' title='bbox 765 3482 918 3558; x_wconf 89' lang='lat' dir='ltr'>colligant.</span> <span class='ocrx_word' id='word_1_298' title='bbox 940 3501 966 3539; x_wconf 88' lang='lat' dir='ltr'>e.</span> <span class='ocrx_word' id='word_1_299' title='bbox 982 3479 1036 3548; x_wconf 87' lang='grc'>36.</span> <span class='ocrx_word' id='word_1_300' title='bbox 1078 3479 1127 3537; x_wconf 90' lang='lat' dir='ltr'>Ira</span> <span class='ocrx_word' id='word_1_301' title='bbox 1142 3478 1202 3555; x_wconf 84' lang='lat' dir='ltr'>igi·</span> 
     </span>
     <span class='ocr_line' id='line_1_34' title="bbox 127 3580 1203 3666; baseline -0.005 -23"><span class='ocrx_word' id='word_1_302' title='bbox 127 3595 181 3647; x_wconf 83' lang='lat' dir='ltr'>tur</span> <span class='ocrx_word' id='word_1_303' title='bbox 194 3604 258 3643; x_wconf 92' lang='lat' dir='ltr'>non</span> <span class='ocrx_word' id='word_1_304' title='bbox 271 3591 372 3661; x_wconf 77' lang='lat' dir='ltr'>potest</span> <span class='ocrx_word' id='word_1_305' title='bbox 388 3604 450 3644; x_wconf 87' lang='lat' dir='ltr'>esse</span> <span class='ocrx_word' id='word_1_306' title='bbox 468 3583 553 3665; x_wconf 86' lang='lat' dir='ltr'>utilis</span> <span class='ocrx_word' id='word_1_307' title='bbox 568 3592 621 3666; x_wconf 80' lang='lat' dir='ltr'>aut</span> <span class='ocrx_word' id='word_1_308' title='bbox 635 3583 799 3642; x_wconf 81' lang='lat' dir='ltr'>naturalis:</span> <span class='ocrx_word' id='word_1_309' title='bbox 820 3586 912 3643; x_wconf 88' lang='lat' dir='ltr'>immo</span> <span class='ocrx_word' id='word_1_310' title='bbox 928 3580 1089 3660; x_wconf 88' lang='lat' dir='ltr'>opinabilis</span> <span class='ocrx_word' id='word_1_311' title='bbox 1105 3590 1150 3640; x_wconf 88' lang='lat' dir='ltr'>est</span> <span class='ocrx_word' id='word_1_312' title='bbox 1167 3600 1203 3639; x_wconf 91' lang='lat' dir='ltr'>ac</span> 
     </span>
     <span class='ocr_line' id='line_1_35' title="bbox 126 3674 667 3767; baseline -0.006 -22"><span class='ocrx_word' id='word_1_313' title='bbox 126 3685 314 3753; x_wconf 22' lang='lat' dir='ltr'>,voluntaria</span> <span class='ocrx_word' id='word_1_314' title='bbox 333 3706 359 3745; x_wconf 94' lang='lat' dir='ltr'>c.</span> <span class='ocrx_word' id='word_1_315' title='bbox 377 3684 480 3767; x_wconf 31' lang='lat'>37.·&#39;§.</span> <span class='ocrx_word' id='word_1_316' title='bbox 496 3687 545 3751; x_wconf 81' lang='grc'>79.</span> <span class='ocrx_word' id='word_1_317' title='bbox 664 3674 667 3679; x_wconf 53' lang='grc'><em>’</em></span> 
     </span>
    </p>

    <p class='ocr_par' dir='ltr' id='par_1_5' title="bbox 124 3783 1205 4273">
     <span class='ocr_line' id='line_1_36' title="bbox 124 3783 1204 3864; baseline -0.011 -12"><span class='ocrx_word' id='word_1_318' title='bbox 124 3833 128 3838; x_wconf 93' lang='grc'><strong>-</strong></span> <span class='ocrx_word' id='word_1_319' title='bbox 216 3807 241 3851; x_wconf 86' lang='lat' dir='ltr'>c.</span> <span class='ocrx_word' id='word_1_320' title='bbox 263 3787 379 3864; x_wconf 86' lang='lat' dir='ltr'>ltaque,</span> <span class='ocrx_word' id='word_1_321' title='bbox 400 3795 437 3847; x_wconf 89' lang='lat' dir='ltr'>ut</span> <span class='ocrx_word' id='word_1_322' title='bbox 455 3786 698 3864; x_wconf 82' lang='lat' dir='ltr'>perturbationes</span> <span class='ocrx_word' id='word_1_323' title='bbox 717 3785 809 3843; x_wconf 87' lang='lat' dir='ltr'>animi</span> <span class='ocrx_word' id='word_1_324' title='bbox 825 3805 978 3844; x_wconf 82' lang='lat' dir='ltr'>exerrare</span> <span class='ocrx_word' id='word_1_325' title='bbox 998 3793 1028 3845; x_wconf 89' lang='lat' dir='ltr'>et</span> <span class='ocrx_word' id='word_1_326' title='bbox 1046 3784 1119 3843; x_wconf 87' lang='lat' dir='ltr'>salsa</span> <span class='ocrx_word' id='word_1_327' title='bbox 1135 3783 1204 3861; x_wconf 90' lang='lat' dir='ltr'>opi-</span> 
     </span>
     <span class='ocr_line' id='line_1_37' title="bbox 129 3886 1205 3964; baseline -0.005 -16"><span class='ocrx_word' id='word_1_328' title='bbox 129 3888 223 3949; x_wconf 90' lang='lat' dir='ltr'>nione</span> <span class='ocrx_word' id='word_1_329' title='bbox 238 3889 397 3964; x_wconf 76' lang='lat' dir='ltr'>oriuntur,</span> <span class='ocrx_word' id='word_1_330' title='bbox 418 3889 460 3948; x_wconf 85' lang='lat' dir='ltr'>ita</span> <span class='ocrx_word' id='word_1_331' title='bbox 476 3887 656 3962; x_wconf 87' lang='lat' dir='ltr'>constantia,</span> <span class='ocrx_word' id='word_1_332' title='bbox 670 3888 707 3946; x_wconf 91' lang='lat' dir='ltr'>iis</span> <span class='ocrx_word' id='word_1_333' title='bbox 718 3887 877 3962; x_wconf 89' lang='lat' dir='ltr'>contraria,</span> <span class='ocrx_word' id='word_1_334' title='bbox 894 3886 1019 3946; x_wconf 90' lang='lat' dir='ltr'>scientia</span> <span class='ocrx_word' id='word_1_335' title='bbox 1033 3887 1151 3944; x_wconf 88' lang='lat' dir='ltr'>nititur.</span> <span class='ocrx_word' id='word_1_336' title='bbox 1164 3915 1205 3930; x_wconf 90' lang='lat'>-·</span> 
     </span>
     <span class='ocr_line' id='line_1_38' title="bbox 132 3989 1205 4068; baseline -0.007 -20"><span class='ocrx_word' id='word_1_337' title='bbox 132 3990 197 4064; x_wconf 85' lang='lat' dir='ltr'>Qui</span> <span class='ocrx_word' id='word_1_338' title='bbox 213 3998 313 4049; x_wconf 86' lang='lat' dir='ltr'>autem</span> <span class='ocrx_word' id='word_1_339' title='bbox 322 3999 429 4049; x_wconf 90' lang='lat' dir='ltr'>natura</span> <span class='ocrx_word' id='word_1_340' title='bbox 441 3990 481 4049; x_wconf 88' lang='lat' dir='ltr'>ad</span> <span class='ocrx_word' id='word_1_341' title='bbox 487 3989 563 4048; x_wconf 85' lang='lat' dir='ltr'>vitia</span> <span class='ocrx_word' id='word_1_342' title='bbox 573 3989 718 4067; x_wconf 89' lang='lat' dir='ltr'>quaedam</span> <span class='ocrx_word' id='word_1_343' title='bbox 726 3989 879 4068; x_wconf 84' lang='lat' dir='ltr'>proclives</span> <span class='ocrx_word' id='word_1_344' title='bbox 891 4001 971 4064; x_wconf 84' lang='lat' dir='ltr'>sunt,</span> <span class='ocrx_word' id='word_1_345' title='bbox 986 3997 1087 4046; x_wconf 88' lang='lat' dir='ltr'>tamen</span> <span class='ocrx_word' id='word_1_346' title='bbox 1101 4005 1205 4044; x_wconf 80' lang='lat' dir='ltr'>corum</span> 
     </span>
     <span class='ocr_line' id='line_1_39' title="bbox 129 4080 1205 4170; baseline -0.007 -20"><span class='ocrx_word' id='word_1_347' title='bbox 129 4092 227 4153; x_wconf 87' lang='lat' dir='ltr'>animi</span> <span class='ocrx_word' id='word_1_348' title='bbox 241 4092 389 4153; x_wconf 88' lang='lat' dir='ltr'>sanabiles</span> <span class='ocrx_word' id='word_1_349' title='bbox 405 4100 495 4154; x_wconf 64' lang='lat' dir='ltr'>sunt.</span> <span class='ocrx_word' id='word_1_350' title='bbox 508 4080 688 4170; x_wconf 81' lang='lat' dir='ltr'>Exemplum</span> <span class='ocrx_word' id='word_1_351' title='bbox 703 4091 828 4151; x_wconf 89' lang='lat' dir='ltr'>Socrati.</span> <span class='ocrx_word' id='word_1_352' title='bbox 856 4091 920 4163; x_wconf 87' lang='lat' dir='ltr'>Qui</span> <span class='ocrx_word' id='word_1_353' title='bbox 935 4096 1032 4149; x_wconf 88' lang='lat' dir='ltr'>autem</span> <span class='ocrx_word' id='word_1_354' title='bbox 1042 4110 1105 4148; x_wconf 90' lang='lat' dir='ltr'>non</span> <span class='ocrx_word' id='word_1_355' title='bbox 1113 4096 1205 4144; x_wconf 87' lang='lat' dir='ltr'>natu-</span> 
     </span>
     <span class='ocr_line' id='line_1_40' title="bbox 130 4191 1205 4273; baseline -0.01 -20"><span class='ocrx_word' id='word_1_356' title='bbox 130 4215 176 4270; x_wconf 83' lang='lat' dir='ltr'>ra,</span> <span class='ocrx_word' id='word_1_357' title='bbox 197 4193 250 4254; x_wconf 83' lang='lat' dir='ltr'>sed</span> <span class='ocrx_word' id='word_1_358' title='bbox 265 4193 357 4273; x_wconf 92' lang='lat' dir='ltr'>culpa</span> <span class='ocrx_word' id='word_1_359' title='bbox 367 4192 469 4255; x_wconf 82' lang='lat' dir='ltr'>vitiosi</span> <span class='ocrx_word' id='word_1_360' title='bbox 490 4202 578 4270; x_wconf 74' lang='lat' dir='ltr'>suist,</span> <span class='ocrx_word' id='word_1_361' title='bbox 600 4213 705 4253; x_wconf 89' lang='lat' dir='ltr'>eorum</span> <span class='ocrx_word' id='word_1_362' title='bbox 721 4193 795 4254; x_wconf 84' lang='lat' dir='ltr'>vitia</span> <span class='ocrx_word' id='word_1_363' title='bbox 809 4192 929 4251; x_wconf 84' lang='lat' dir='ltr'>facilius</span> <span class='ocrx_word' id='word_1_364' title='bbox 947 4191 1048 4249; x_wconf 89' lang='lat' dir='ltr'>sanari</span> <span class='ocrx_word' id='word_1_365' title='bbox 1066 4195 1205 4267; x_wconf 86' lang='lat' dir='ltr'>possunt,</span> 
     </span>
    </p>
   </div>
   <div class='ocr_carea' id='block_1_3' title="bbox 934 4291 993 4357">
    <p class='ocr_par' dir='ltr' id='par_1_6' title="bbox 934 4291 993 4357">
     <span class='ocr_line' id='line_1_41' title="bbox 934 4291 993 4357; baseline 0 -28"><span class='ocrx_word' id='word_1_366' title='bbox 934 4291 993 4357; x_wconf 73' lang='grc'>3*</span> 
     </span>
    </p>
   </div>
   <div class='ocr_carea' id='block_1_4' title="bbox 0 0 1333 4626">
    <p class='ocr_par' dir='ltr' id='par_1_7' title="bbox 0 0 1333 4626">
     <span class='ocr_line' id='line_1_42' title="bbox 0 0 1333 4626; baseline 0 0"><span class='ocrx_word' id='word_1_367' title='bbox 0 0 1333 4626; x_wconf 95' lang='lat' dir='ltr'> </span> 
     </span>
    </p>
   </div>
  </div>
 </body>
</html>
