2640 4626
119 187 184 261 314
367 197 944 253 roscmausannmsruramonun

120 319 288 406 ebelaum,
312 318 529 414 Anaxagorae
548 315 760 414 discipulum,
786 316 945 405 andierat,
969 316 1101 390 numeri
1119 345 1191 389 mo-

118 441 238 522 tusque
255 421 499 508 tractabantur,
523 435 555 495 ct
568 417 658 492 unde
675 419 785 491 omnia
805 420 987 507 orirentur,
1012 448 1119 519 quove
1140 448 1195 495 re-‚

121 526 320 599 ciderent⁷z
359 522 571 623 studioseque
596 522 638 595 ab
670 522 740 593 iis⁸
759 522 904 594 siderum
934 522 1191 617 magnitudines,

120 626 299 714 intervalla,
326 652 440 699 cursus
456 623 724 723 anquirebantur,
744 641 775 697 et
792 641 907 697 cuncta
929 624 1091 698 coelestia.
1128 625 1190 696 So-

121 747 225 804 crates
245 724 352 802 autem
367 727 495 829 primns
512 726 759 827 philosophiam
784 727 958 807 evocavit,9
978 756 995 800 e
1021 726 1135 815 coelo,
1161 744 1191 800 et

120 833 156 905 in
183 833 324 904 urbibus
343 829 530 918 collocavit,
557 846 586 903 et
609 830 644 901 in
666 830 784 901 domos
809 831 905 902 etiam
931 829 1134 917 introduxit,
1160 846 1190 902 ct

121 935 230 1032 coegit
246 935 287 1006 de
303 933 366 1005 vita
383 949 415 1005 et
432 931 599 1016 moribus,
624 932 788 1031 rebusque
803 932 902 1004 bonis
920 950 952 1005 et
973 931 1068 1004 malis
1091 960 1190 1030 qnae-

119 1066 200 1111 rere.
253 1043 309 1115 11.
336 1035 439 1106 Cuius
465 1033 635 1133 multiplex
661 1035 744 1107 ratio
776 1035 987 1133 disputandi,
1012 1063 1189 1133 rerumque

119 1139 277 1225 varietas,
304 1153 336 1210 et
349 1136 460 1235 ingeni
475 1137 687 1234 magnitudo,
711 1136 859 1213 Platonis
874 1136 1031 1210 memoria
1050 1153 1084 1209 et
1107 1137 1189 1210 litte-

120 1242 167 1314 ris
187 1256 395 1328 consecrata,
420 1238 515 1338 plura
530 1267 650 1336 genera
670 1238 777 1312 effecit
795 1239 1058 1312 dissentientium
1079 1239 1189 1339 pbilo-

120 1344 312 1443 sopbornm.
340 1343 378 1414 «E
395 1341 515 1441 quibus
532 1370 594 1413 nos
612 1341 646 1412 id
663 1342 871 1440 potissimum
884 1341 1048 1414 consecuti
1066 1370 1190 1429 sumus,

121 1474 186 1545 quo
203 1446 372 1519 Socratem
388 1472 483 1516 usum
499 1443 790 1530 arbitrabamur-¹,
816 1461 852 1515 ut
866 1461 1012 1516 nostram
1029 1444 1095 1541 ipsi
1118 1473 1189 1517 scn-

120 1548 255 1620 tentiam
285 1564 490 1645 tegmentum
517 1574 627 1618 errore
656 1544 737 1618 alios
762 1545 960 1633 levaremus,
986 1546 1081 1619 etin
1100 1547 1187 1619 omni

122 1650 366 1750 disputatione,
399 1648 481 1748 qnid
501 1664 590 1720 esset
609 1647 811 1720 simillimum
838 1649 924 1734 veti,
950 1677 1187 1747 quaereremus.

122 1753 231 1848 Quem
252 1779 378 1824 morem
405 1778 506 1849 quum
522 1750 709 1831 Carneades
734 1749 921 1827 acutissime
945 1751 1189 1850 copiosissime-

120 1882 185 1954 que
213 1853 388 1940 tenuisset,
412 1851 551 1926 fecimus
580 1868 612 1924 et
635 1851 715 1925 alias
739 1881 855 1951 saepe,
881 1869 913 1926 et
938 1880 1046 1951 nuper
1070 1854 1107 1925 iu
1125 1856 1189 1925 Tu·

122 1954 276 2043 sculauo,
314 1973 350 2027 ut
380 1955 516 2028 adeam
540 1955 811 2029 consuetudinem
845 1955 1121 2054 disputaremus·
1151 1957 1190 2028 Et

122 2059 290 2159 quatridui
307 2058 440 2156 quidem
463 2085 648 2130 sermonem
671 2057 901 2155 superioribus
925 2059 967 2130 ad
993 2074 1024 2130 te
1050 2060 1188 2157 perscri-

121 2179 215 2261 ptum
241 2160 336 2235 libris
360 2159 529 2234 misimus:
564 2159 679 2258 quinto
706 2176 813 2232 autem
838 2160 911 2246 die,
949 2189 1049 2258 quum
1075 2161 1189 2233 eodem

121 2264 185 2336 in²
207 2263 282 2338 loco
298 2262 572 2350 consedissemus,
598 2262 646 2334 sic
666 2278 716 2336 est
733 2261 954 2365 propositum,
980 2262 1021 2334 de
1042 2291 1110 2363 qno
1127 2263 1190 2335 dis

121 2383 321 2467 putaremus.

42 2467 47 2478 ’
172 2471 212 2540 V.
264 2476 319 2546 12.
353 2476 393 2539 A.
419 2465 593 2537 Nonmibi
612 2465 750 2553 videtur,
777 2465 820 2537 ad
837 2465 931 2537 beate
947 2464 1126 2538 vivendum
1145 2495 1193 2538 sa-

122 2567 166 2642 ti's
183 2597 282 2669 posse
311 2567 471 2640 virtutem.
522 2571 570 2641 M.
596 2568 640 2640 At
668 2566 801 2654 hercule
816 2568 922 2638 Bruto
946 2595 1018 2639 meo
1047 2567 1195 2640 videtur:

89 2749 93 2758 ,
124 2671 218 2745 cuins
236 2699 297 2769 ego
323 2668 502 2757 iudicium,
527 2698 609 2770 pace
635 2685 691 2742 tua
715 2670 874 2757 dixerim,
900 2669 998 2768 longe
1025 2687 1195 2772 antepono

190 2881 207 2935 7
224 2878 254 2927 V.
270 2875 336 2926 ndu.
369 2880 387 2932 8
404 2873 446 2924 sic
461 2875 485 2925 b.
500 2875 546 2925 SE.
561 2844 629 2923 Male
644 2876 686 2923 Or.
696 2891 718 2923 c.
729 2874 789 2924 Ero.
806 2873 874 2939 vulg.
892 2873 937 2923 tis
951 2872 1028 2924 retin.
1044 2876 1075 2924 V.
1092 2875 1161 2925 Adn.
1172 2874 1197 2925 in

123 2947 144 2996 l.
158 2949 184 3005 3,
203 2952 227 3001 5.
270 2942 345 3001 9Sic
358 2941 430 2992 Leid.
445 2947 510 3000 021.
526 2970 558 2980 -
580 2944 622 2991 Or.
638 2959 659 2991 c.
675 2942 734 2990 Ero.
752 2939 827 2992 retin.
842 2941 912 3007 vulg.
933 2941 1081 2992 desiccavit.
1109 2945 1197 2994 Recte.

127 3017 141 3070 1
159 3011 214 3064 atii
231 3011 401 3061 arbitramur.
420 3010 497 3062 Male.
530 3016 549 3068 2
565 3009 623 3058 Ern.
640 3025 662 3058 o.
674 3008 755 3060 Geth:
771 3008 843 3058 omis.
858 3011 905 3058 in:
922 3008 991 3076 qnod
1001 3010 1074 3060 abest
1088 3010 1123 3060 ab
1134 3015 1197 3069 031.

174 3128 278 3178 numeri
300 3140 326 3179 et
347 3127 454 3192 motus)¹
467 3129 499 3179 V.
523 3144 600 3197 supra
621 3128 641 3177 1.
675 3126 727 3193 ptis
743 3126 877 3176 memoriae
887 3125 989 3193 prodita
1001 3135 1027 3175 et
1038 3140 1198 3179 consecrata.

126 3196 165 3259 10,
182 3202 224 3253 20.
311 3204 313 3209 ’
676 3195 808 3244 Memoria
822 3211 898 3260 saepe
912 3192 939 3242 id
955 3203 1007 3255 cst,
1029 3196 1100 3261 qnod
1118 3197 1198 3246 alicn-

175 3276 201 3313 et
217 3263 300 3326 unde)
325 3272 351 3312 et
370 3263 551 3329 quaerebatur:
575 3260 641 3329 quod
676 3261 714 3313 ius
728 3263 765 3313 rei
779 3261 923 3312 memoriam
940 3272 1082 3313 conservat.

124 3332 227 3381 verbnm
247 3329 311 3381 latet
325 3330 351 3379 in
367 3329 560 3380 tractabantur.
726 3342 755 3380 ut
770 3341 888 3378 nostram
911 3329 971 3394 etc.)
992 3329 1069 3378 Plura
1093 3331 1127 3381 de
1152 3332 1199 3381 boc

173 3398 332 3464 reciderent)
342 3398 384 3447 Sic
402 3398 482 3448 Codd.
500 3397 560 3464 aliq.
577 3396 644 3447 Vul-
677 3396 823 3466 dioputandi
848 3413 917 3446 more
936 3395 957 3445 si
975 3413 1135 3462 cognoscere
1152 3418 1200 3450 cu-

125 3476 185 3526 gata
199 3482 274 3534 qnam
290 3464 395 3516 retinuit
415 3464 552 3527 Ernestins,
569 3481 644 3514 rece·
677 3465 724 3534 pis,
749 3464 791 3515 adi
812 3481 859 3513 nos
881 3463 908 3512 in
930 3463 948 3512 l.
970 3463 996 3513 d.
1020 3464 1053 3513 de
1084 3466 1201 3517 Ciceron.

124 3530 219 3585 derant
239 3534 392 3584 sententiam
415 3532 521 3584 alienam
543 3533 575 3582 ab
595 3531 645 3582 hoc
677 3533 741 3601 phil.
758 3551 785 3599 p.
801 3534 925 3588 68-71.

126 3598 316 3665 locodenotat.
336 3602 367 3651 N.
391 3603 421 3651 D.
444 3603 475 3662 ll,
490 3605 531 3658 26.
547 3599 605 3667 quia
620 3609 647 3649 et
723 3598 840 3678 fecimus
854 3628 904 3658 -,
928 3610 968 3652 ut,
988 3599 1202 3678 disputaremus)

25 3692 35 3709 ·
125 3671 249 3720 recidant
264 3669 348 3719 onmia
356 3668 382 3718 in
396 3679 476 3718 terras
490 3679 517 3718 et
525 3670 647 3717 oriantur
678 3670 727 3718 Per
742 3665 1000 3726 crrcumlocutioncm,
1011 3667 1145 3718 Ciceronis
1154 3689 1201 3738 np-

126 3737 234 3787 eterris.
254 3736 296 3786 Sic
310 3738 336 3784 in
351 3737 472 3786 Lucretio
486 3737 506 3798 1,
520 3740 580 3791 866.
596 3752 646 3802 op·
679 3736 759 3803 prime
770 3731 911 3802 propriam,
929 3750 975 3801 pro
993 3734 1122 3803 simplici:
1143 3739 1203 3787 dis-

125 3814 266 3870 ponuutur:
286 3804 405 3853 recidere
428 3804 465 3852 ad
488 3803 602 3852 nihilum
620 3812 648 3852 et
676 3804 837 3873 putarimus.

128 3889 248 3922 crescere
262 3871 296 3920 de
309 3872 409 3932 nihilo,
424 3870 457 3921 id.
473 3872 505 3930 V,
522 3875 583 3927 280.
600 3871 648 3938 gi-
732 3871 789 3918 Cur.
808 3871 838 3917 V.
858 3873 898 3925 12.
922 3869 1055 3936 uirtutem)
1074 3873 1201 3922 Lambino

125 3941 178 4008 gni
192 3950 229 3989 ‘et
251 3940 377 3988 recidere.
396 3967 428 3976 -
457 3939 506 3986 Pro
527 3939 648 3987 recidere
680 3938 799 4005 placebat
808 3938 901 3986 turtur.
919 3939 954 3985 At
963 3936 1027 3987 nibil
1037 3941 1202 3997 mutandum,

34 4008 39 4018 ’
128 4009 217 4058 Cicero
233 4007 265 4055 (lc
281 4008 359 4072 chg.
376 4008 402 4067 Ι,
416 4009 458 4061 23.
473 4003 550 4052 dixit:
566 4024 648 4074 caque
681 4007 787 4055 mitetur
800 4004 866 4053 enim
883 4004 975 4070 passim
997 4005 1203 4072 impersonaliter

127 4077 198 4126 unde
211 4086 351 4144 generata,
367 4091 417 4141 quo
431 4076 570 4121 recurrant.
635 4120 637 4126 ,
681 4073 793 4140 ponitur,
809 4071 844 4121 uti
854 4072 961 4132 dicitur,
968 4076 1099 4135 traditur,
1101 4074 1201 4143 ferrar,

179 4147 220 4201 11.
240 4141 363 4191 Platonis
387 4140 512 4189 memoria
532 4152 556 4189 et
572 4141 646 4190 litte-
681 4151 729 4190 etc.
745 4150 771 4190 et
784 4139 852 4256 apud
867 4141 979 4188 Graecos
995 4142 1106 4207 λέγεται
1127 4142 1201 4194 etsi·

128 4213 170 4262 ris
185 4208 348 4276 consecrata)
366 4209 398 4258 H.
415 4225 437 4258 e.
452 4207 565 4258 Platonis
581 4208 647 4259 scri-
681 4208 757 4260 mitia.
775 4206 896 4258 Uduba
912 4225 935 4257 c.
949 4211 975 4270 8,
990 4215 1035 4268 22.
