2640 4626
197 72 216 109 ‘r

86 244 99 271 ,
273 146 281 169 ⁴
467 199 609 253 ursan
626 202 659 255 u.
678 202 721 263 ια
1061 190 1139 265 ’177

52 317 413 419 et-'megnanimorum
439 332 469 391 et
483 317 691 418 patientium,
717 335 749 393 ct
762 318 908 395 humana
922 322 1136 416 vincentium,

57 421 240 501 toleranter
272 419 421 493 dolorem
456 420 544 519 pati:
569 450 632 495 nec
664 449 742 496 vero
772 424 950 524 quisquam
972 425 1054 515 fuit,
1075 428 1134 528 qui

59 523 239 624 eum„qui
268 523 315 595 ita
344 539 531 623 pateretur,
555 551 624 597 non
649 521 853 599 laudandum
877 544 1015 626 putaret.
1041 530 1135 629 quod
1222 594 1229 611 .

58 642 202 726 ergoet
224 623 410 726 postulatur
437 653 456 698 a
478 623 647 714 fortibus,
666 643 696 700 et
719 627 872 701 laudatur
894 656 997 729 quum
1018 629 1071 720 fit,
1097 633 1136 707 id

59 744 122 803 aut
141 727 353 803 extimescere
375 726 531 816 veniens,
556 746 612 801 aut
634 757 704 801 non
718 729 805 805 ferre
820 758 996 831 praesens,
1021 762 1134 808 nonne

58 848 161 932 torpe
188 831 261 905 est?
280 829 385 928 Atqui
414 829 510 918 vide,
535 858 595 918 ne,
621 856 724 930 quum
754 860 868 906 omnes
894 851 1003 908 rectae
1029 837 1132 911 animi

58 932 255 1008 affectiones
283 934 424 1004 evitatas
448 930 656 1032 appellentur
664 955 676 1020 ,'
697 961 767 1015 non
794 933 928 1009 sithoc
955 939 1131 1038 proprium

55 1064 184 1121 nomen
206 1033 373 1121 omnium,
399 1033 460 1106 scd
488 1033 529 1106 ab
546 1063 602 1122 ea,
628 1062 712 1134 quae
728 1059 794 1108 una
810 1037 926 1125 ceteris
944 1038 1133 1128 excellebat,

57 1165 178 1212 omncs
205 1136 393 1211 nominatae
416 1136 492 1209 sint.
516 1135 679 1238 appellata
695 1154 745 1211 est
762 1138 849 1213 enim
865 1168 905 1213 ex
917 1143 990 1214 cr‘ro
1007 1141 1132 1219 virtus:

57 1239 125 1313 viri
148 1255 256 1313 antem
278 1238 416 1339 propria
441 1238 583 1313 maxime
610 1257 660 1313 cst
680 1238 850 1313 fortitudoss
878 1242 971 1315 cuius
993 1273 1131 1319 munera

58 1342 131 1415 duo
150 1358 228 1417 sunt
246 1340 406 1424 maxima,
430 1341 566 1429 mortis,
592 1341 783 1441 dolorisque
799 1345 1012 1444 contemptio.
1027 1363 1129 1420 uton-

58 1445 143 1519 dum
165 1460 216 1519 est
240 1443 343 1542 igitur
365 1442 439 1531 his,
464 1444 495 1516 si
523 1443 653 1518 virtutis
674 1461 866 1549 compotes,
889 1445 941 1521 vel
963 1447 1075 1547 potius
1100 1450 1130 1521 si

57 1575 128 1630 vim
141 1546 292 1619 volumus
312 1573 384 1619 csse
397 1552 425 1616 ⁵.
759 1602 762 1607 -
1098 1552 1101 1558 ’

163 1647 312 1744 Quaeres
336 1647 494 1735 fortasse,
520 1647 732 1748 quomodo:
758 1665 790 1722 ct
804 1667 901 1723 recte.
925 1649 1026 1724 talem
1041 1652 1146 1725 enim.

58 1748 260 1825 medicinam
274 1749 490 1851 philosophia
503 1749 682 1850 profitetur.
732 1752 826 1837 XIX.
850 1757 909 1833 44.
935 1753 1035 1827 Venit
1049 1753 1131 1855 Epi-

59 1881 172 1942 curus,
201 1853 303 1929 homo
318 1851 454 1925 minime
468 1851 585 1941 malus,
609 1852 660 1926 vel
673 1855 786 1953 potius
802 1854 854 1926 vir
868 1855 1032 1954 optimus:
1057 1873 1131 1929 tan-

58 1972 134 2029 tum
151 1971 283 2042 monet,
310 1970 467 2054 qarantum
486 1954 647 2051 intelligit.
698 1955 855 2054 Neglige,
880 1957 1008 2056 inquit,
1035 1958 1126 2031 dolo-

44 2066 139 2132 rem.
161 2102 209 2116 -
262 2056 348 2153 Quis
368 2056 434 2130 hoc
460 2057 565 2130 dicit?
590 2057 699 2146 idem,
725 2058 782 2157 qui
801 2056 1128 2137 doloremsummum

57 2158 238 2234 malunt*
262 2159 328 2233 vix
366 2159 446 2231 satis
482 2176 677 2232 constanter.
728 2159 915 2233 Audiamus
926 2165 958 2234 ὅ.
992 2205 1040 2219 -·
1090 2162 1129 2235 si

58 2288 210 2336 summus
236 2258 333 2335 dolor
357 2278 423 2348 cst,
448 2261 574 2362 inquit,
599 2289 735 2335 necesse
764 2278 813 2335 est
835 2262 967 2336 brevem
984 2291 1064 2337 csse.
1079 2309 1125 2321 -

56 2371 160 2440 Itera
184 2363 271 2437 dom
293 2362 419 2436 eadem
445 2367 517 2436 ista
540 2363 649 2436 milri:
672 2392 742 2435 nou
765 2364 854 2437 enim
876 2364 956 2436 satis
971 2363 1128 2463 intelligo,

58 2468 144 2568 qnid
173 2494 338 2540 summum
367 2466 459 2539 dicas
488 2492 578 2554 esse,
603 2466 684 2566 quid
709 2465 816 2541 breve.
846 2510 892 2521 —
945 2465 1129 2555 Summum,

58 2598 128 2670 quo
154 2567 239 2641 nihil
261 2569 305 2641 sit
320 2569 495 2666 superius:
522 2569 638 2656 breve,
664 2597 730 2667 quo
746 2567 830 2640 nihil
845 2567 990 2641 brevius.
1039 2568 1129 2641 Con-

58 2690 173 2745 temno
189 2670 451 2768 magnitudinem
467 2670 604 2758 doloris,
630 2699 648 2743 a
663 2699 728 2769 qua
742 2695 795 2746 me
810 2670 953 2745 brevitas
968 2669 1127 2769 temporis

57 2773 244 2847 vindicabit
258 2790 332 2846 aute
348 2800 464 2871 paene,
480 2801 581 2872 quam
594 2773 727 2846 venerit.
742 2817 789 2830 -
843 2772 922 2860 Sed,
947 2772 975 2844 si
992 2787 1038 2844 est
1054 2788 1131 2845 tan-

128 2947 145 3000 5
162 2938 467 3006 Vulgoaddunturbaec:
485 2938 632 3007 quoniame
645 2936 716 2986 airis
730 2935 817 2985 virtus
832 2954 924 2989 nomen
937 2952 978 2989 est
993 2951 1129 2991 mutuata:

59 3027 142 3078 quae,
159 3017 190 3057 ut
212 3008 353 3073 glossema,
371 3025 386 3056 a
408 3008 440 3056 D.
458 3007 529 3055 uncis
552 3007 649 3064 cincta,
668 3004 713 3054 W.
733 3003 918 3055 exterminavit.
952 3009 985 3056 Et
1001 3025 1062 3058 sane
1079 3010 1127 3059 ab·

58 3087 121 3128 sunt
149 3092 165 3124 a
190 3075 253 3124 (lod.
279 3077 337 3124 Urs.
354 3103 388 3112 -
405 3077 448 3124 Or.
465 3082 552 3122 tamen
577 3091 598 3122 c.
616 3074 675 3122 Ern.
693 3070 813 3130 retinuit,
832 3073 944 3149 apprime
969 3074 1001 3124 ob
1025 3075 1127 3142 elegans

58 3144 130 3194 verb.
148 3153 275 3192 mutuato.
291 3142 379 3191 Recte.
414 3143 429 3174 ⁴¹
446 3140 488 3191 Sic
512 3142 543 3190 D.
562 3148 589 3190 et
603 3138 648 3190 W.
665 3164 698 3190 ⁸.-
726 3140 767 3187 Or.
785 3135 839 3186 sine
855 3156 927 3204 signo
945 3141 1067 3210 interrog.
1085 3143 1127 3194 al'-

56 3209 193 3262 lirmative.
226 3211 320 3268 6Ern.
339 3209 392 3258 Vix
408 3211 477 3259 satis
492 3218 644 3258 constanter
661 3205 810 3254 audianus.
828 3205 906 3257 Male.
994 3268 999 3275 Ι

109 3344 178 3406 quae
193 3343 247 3375 una
262 3322 414 3389 excellebat)
431 3325 496 3374 lle.
514 3340 579 3390 quae
612 3321 896 3389 deturessepropn'om.
930 3323 1026 3375 Ibide.
1043 3327 1123 3384 9,19.

59 3411 170 3446 mammo
190 3391 337 3443 excellebat
373 3391 414 3440 Sic
434 3389 579 3457 saepissime
612 3391 743 3459 proprium
766 3399 804 3438 est
819 3389 885 3438 enirn
903 3389 970 3440 irati.
1003 3390 1069 3441 Ibid.
1082 3397 1126 3452 30,

58 3481 129 3514 unas
142 3460 262 3530 ponitur,
288 3469 317 3507 ut
334 3457 439 3508 alicuius
456 3457 493 3507 rei
508 3475 579 3506 sum·
612 3463 653 3515 73.
685 3466 725 3506 est
752 3455 817 3504 enim
842 3456 973 3522 proprium
993 3455 1125 3507 stultitiae.

59 3548 128 3582 mum
146 3528 253 3595 gradum
267 3525 400 3591 significet.
614 3525 652 3574 df.
669 3523 748 3573 Beier.
764 3522 797 3572 ad
809 3523 880 3571 onte.
895 3526 916 3572 I.
931 3527 955 3586 1,
972 3529 997 3581 2.
1014 3542 1039 3590 p.
1053 3528 1077 3582 6.
1087 3541 1125 3590 sq.

109 3598 167 3648 viri
177 3593 298 3664 propria)
316 3592 349 3642 de
365 3596 435 3642 Orat.
450 3594 469 3640 Ι.
488 3595 528 3652 11,
538 3592 578 3648 49.
664 3591 723 3640 Car.
739 3590 815 3639 XIX.
834 3588 879 3646 44.
902 3591 1046 3658 Iteradum)
1071 3590 1127 3639 De-

59 3660 326 3730 Oratqunidcmipsa
339 3658 444 3727 propria
457 3658 579 3718 esthuius
616 3667 700 3707 sumta
726 3665 785 3707 sunt
809 3655 873 3704 haec
896 3658 974 3707 verba
998 3675 1029 3707 ex
1052 3656 1126 3708 Ennii

57 3731 134 3782 unius
157 3729 272 3780 rati0nis.
306 3728 347 3776 Sic
370 3743 469 3793 semper
489 3726 578 3775 Cicero
612 3726 703 3776 Iliona.
736 3722 832 3773 Eadem
851 3722 970 3788 leguntur
993 3725 1026 3774 ad
1048 3724 1126 3775 attic.

58 3797 217 3849 adiectivum
236 3796 365 3864 proprius
386 3794 469 3842 imisit
482 3793 580 3858 geniti·
613 3793 689 3852 XIV,
715 3791 754 3848 14.
780 3789 835 3839 init.
850 3799 876 3838 et
899 3791 1017 3841 leodem.
1036 3795 1068 3841 II.
1083 3797 1125 3853 27,

58 3884 102 3916 vo.
138 3865 265 3914 Neutrum
286 3862 425 3931 propriam
449 3878 507 3909 eum
530 3877 578 3926 ge·
611 3863 659 3916 88:
678 3858 721 3908 ubi
734 3857 824 3926 plenus
838 3873 924 3906 versus
935 3857 973 3908 ita
981 3859 1126 3909 exhibetur:

10 3964 13 3977 ›
57 3931 142 3983 nitivo
160 3930 323 3981 coniunctum
342 3927 494 3978 substantivi
511 3926 578 3976 vices
644 3929 705 3995 Age
721 3925 818 3974 adsta:
836 3941 927 3973 ratane:
944 3927 1024 3976 audi:
1040 3927 1126 3977 iteca-

58 3999 129 4067 apud
138 3999 285 4048 Ciceronem
292 3995 406 4056 sustinet,
423 3996 460 4044 ita
474 4004 502 4043 ut
510 3994 579 4043 idem
681 3993 742 4042 dum
756 3992 901 4041 eadenunet
915 3993 971 4042 ista
987 3993 1061 4044 miti.

58 4069 108 4127 sit,
127 4065 198 4133 quod
208 4064 361 4113 recentiores
371 4062 459 4112 crebro
471 4061 579 4111 barbare
612 4060 736 4110 Goercna.
751 4077 807 4109 cum
814 4059 906 4108 Vossio
928 4059 1038 4110 correxit
1044 4061 1128 4110 Istaec

59 4133 207 4201 exprimunt
229 4148 275 4197 per
290 4145 381 4179 nomen
394 4130 579 4207 proprietatis.
612 4146 659 4196 pro
673 4128 741 4194 vulg.
749 4128 813 4189 ista,
831 4127 908 4175 veretri
920 4144 1025 4187 caussa,
1043 4135 1071 4174 ut
1083 4126 1127 4183 ait,

59 4201 101 4252 sic
123 4200 193 4251 infra
208 4201 253 4248 111.
270 4201 304 4259 8,
324 4200 366 4255 17.
384 4212 436 4249 erus
453 4196 520 4245 enim
536 4195 586 4245 vi--
612 4205 657 4259 at,
674 4194 701 4246 ni
715 4194 799 4257 i'allor,
817 4204 1040 4246 contremetrum.
1053 4191 1138 4252 Qut

887 4267 935 4332 Ὠ
