<?xml version="1.0" encoding="UTF-8"?>
<!DOCTYPE html PUBLIC "-//W3C//DTD XHTML 1.0 Transitional//EN"
    "http://www.w3.org/TR/xhtml1/DTD/xhtml1-transitional.dtd">
<html xmlns="http://www.w3.org/1999/xhtml" xml:lang="en" lang="en">
 <head>
  <title>
</title>
<meta http-equiv="Content-Type" content="text/html;charset=utf-8" />
  <meta name='ocr-system' content='tesseract 3.04.00' />
  <meta name='ocr-capabilities' content='ocr_page ocr_carea ocr_par ocr_line ocrx_word'/>
</head>
<body>
  <div class='ocr_page' id='page_1' title='image "./mtulliiciceroni18cicegoog_0034.png"; bbox 0 0 2640 4626; ppageno 0'>
   <div class='ocr_carea' id='block_1_1' title="bbox 472 187 1140 255">
    <p class='ocr_par' dir='ltr' id='par_1_1' title="bbox 472 187 1140 255">
     <span class='ocr_line' id='line_1_1' title="bbox 472 187 1140 255; baseline 0.001 -9"><span class='ocrx_word' id='word_1_1' title='bbox 472 195 732 247; x_wconf 77' lang='lat' dir='ltr'><strong>PROLEGOMENA.</strong></span> <span class='ocrx_word' id='word_1_2' title='bbox 804 243 807 249; x_wconf 87' lang='lat'><strong>.</strong></span> <span class='ocrx_word' id='word_1_3' title='bbox 1098 187 1140 255; x_wconf 85' lang='grc'><strong>13</strong></span> 
     </span>
    </p>
   </div>
   <div class='ocr_carea' id='block_1_2' title="bbox 41 316 1140 1721">
    <p class='ocr_par' dir='ltr' id='par_1_2' title="bbox 64 316 1138 501">
     <span class='ocr_line' id='line_1_2' title="bbox 150 316 1138 397; baseline 0.001 -16"><span class='ocrx_word' id='word_1_4' title='bbox 150 319 265 381; x_wconf 84' lang='lat' dir='ltr'><strong>xvffl.</strong></span> <span class='ocrx_word' id='word_1_5' title='bbox 274 319 330 381; x_wconf 84' lang='lat' dir='ltr'><strong>Ed.</strong></span> <span class='ocrx_word' id='word_1_6' title='bbox 340 317 521 378; x_wconf 85' lang='lat' dir='ltr'><em>Oxoniensis</em></span> <span class='ocrx_word' id='word_1_7' title='bbox 534 318 610 397; x_wconf 86' lang='lat' dir='ltr'><strong>ipsa,</strong></span> <span class='ocrx_word' id='word_1_8' title='bbox 631 337 695 377; x_wconf 90' lang='lat' dir='ltr'><strong>non</strong></span> <span class='ocrx_word' id='word_1_9' title='bbox 711 316 850 379; x_wconf 84' lang='lat' dir='ltr'><strong>Halensis</strong></span> <span class='ocrx_word' id='word_1_10' title='bbox 867 319 1013 397; x_wconf 74' lang='lat' dir='ltr'>repetitio.</span> <span class='ocrx_word' id='word_1_11' title='bbox 1057 321 1138 391; x_wconf 87' lang='lat' dir='ltr'><em>„In-</em></span> 
     </span>
     <span class='ocr_line' id='line_1_3' title="bbox 64 417 792 501; baseline -0.005 -21"><span class='ocrx_word' id='word_1_12' title='bbox 64 434 138 482; x_wconf 83' lang='lat' dir='ltr'><strong>sunt</strong></span> <span class='ocrx_word' id='word_1_13' title='bbox 158 424 252 483; x_wconf 82' lang='lat' dir='ltr'><em>Codd.</em></span> <span class='ocrx_word' id='word_1_14' title='bbox 272 443 376 481; x_wconf 78' lang='lat' dir='ltr'><em>novem</em></span> <span class='ocrx_word' id='word_1_15' title='bbox 393 423 569 480; x_wconf 85' lang='lat' dir='ltr'><em>lectionee.“</em></span> <span class='ocrx_word' id='word_1_16' title='bbox 612 417 705 501; x_wconf 86' lang='lat' dir='ltr'><strong>(02x,</strong></span> <span class='ocrx_word' id='word_1_17' title='bbox 727 417 792 500; x_wconf 84' lang='lat' dir='ltr'><em>cet.)</em></span> 
     </span>
    </p>

    <p class='ocr_par' dir='ltr' id='par_1_3' title="bbox 62 510 1140 989">
     <span class='ocr_line' id='line_1_4' title="bbox 149 510 1140 603; baseline 0.001 -18"><span class='ocrx_word' id='word_1_18' title='bbox 149 525 236 584; x_wconf 74' lang='lat' dir='ltr'><strong>XIX.</strong></span> <span class='ocrx_word' id='word_1_19' title='bbox 258 510 405 585; x_wconf 85' lang='lat' dir='ltr'><strong>Wolfiana</strong></span> <span class='ocrx_word' id='word_1_20' title='bbox 418 522 525 598; x_wconf 81' lang='lat' dir='ltr'><strong>tertia,</strong></span> <span class='ocrx_word' id='word_1_21' title='bbox 545 521 694 580; x_wconf 84' lang='lat' dir='ltr'><strong>secundae</strong></span> <span class='ocrx_word' id='word_1_22' title='bbox 720 542 804 580; x_wconf 85' lang='lat' dir='ltr'><strong>mera</strong></span> <span class='ocrx_word' id='word_1_23' title='bbox 828 526 981 602; x_wconf 80' lang='lat' dir='ltr'><em>repetitio:</em></span> <span class='ocrx_word' id='word_1_24' title='bbox 1022 524 1140 603; x_wconf 77' lang='lat' dir='ltr'>Lipsiae</span> 
     </span>
     <span class='ocr_line' id='line_1_5' title="bbox 67 622 1140 707; baseline -0.001 -20"><span class='ocrx_word' id='word_1_25' title='bbox 67 628 158 694; x_wconf 73' lang='grc'><strong>1825.</strong></span> <span class='ocrx_word' id='word_1_26' title='bbox 172 623 254 707; x_wconf 89' lang='lat' dir='ltr'><strong>(W.),</strong></span> <span class='ocrx_word' id='word_1_27' title='bbox 269 634 300 685; x_wconf 88' lang='lat' dir='ltr'><strong>et</strong></span> <span class='ocrx_word' id='word_1_28' title='bbox 311 625 392 695; x_wconf 79' lang='lat' dir='ltr'><em>„obt</em></span> <span class='ocrx_word' id='word_1_29' title='bbox 408 626 659 702; x_wconf 81' lang='lat' dir='ltr'><strong>operaepretium</strong></span> <span class='ocrx_word' id='word_1_30' title='bbox 670 622 841 700; x_wconf 82' lang='lat' dir='ltr'><strong>videbatur,</strong></span> <span class='ocrx_word' id='word_1_31' title='bbox 863 633 1029 685; x_wconf 86' lang='lat' dir='ltr'><strong>memoravi</strong></span> <span class='ocrx_word' id='word_1_32' title='bbox 1046 631 1140 687; x_wconf 87' lang='lat' dir='ltr'><em>etiam</em></span> 
     </span>
     <span class='ocr_line' id='line_1_6' title="bbox 64 722 1139 807; baseline 0 -21"><span class='ocrx_word' id='word_1_33' title='bbox 64 722 224 788; x_wconf 79' lang='lat' dir='ltr'><em>lectionem</em></span> <span class='ocrx_word' id='word_1_34' title='bbox 246 728 306 787; x_wconf 80' lang='lat' dir='ltr'><strong>Ed.</strong></span> <span class='ocrx_word' id='word_1_35' title='bbox 325 730 482 806; x_wconf 83' lang='lat' dir='ltr'><strong>primae.“</strong></span> <span class='ocrx_word' id='word_1_36' title='bbox 524 724 641 804; x_wconf 80' lang='lat' dir='ltr'>Lipsiae</span> <span class='ocrx_word' id='word_1_37' title='bbox 665 724 755 792; x_wconf 73' lang='lat'><strong>1792.</strong></span> <span class='ocrx_word' id='word_1_38' title='bbox 771 757 813 772; x_wconf 90' lang='lat'><em>-</em></span> <span class='ocrx_word' id='word_1_39' title='bbox 829 726 1005 795; x_wconf 79' lang='lat' dir='ltr'><strong>„Eiusdem</strong></span> <span class='ocrx_word' id='word_1_40' title='bbox 1026 730 1139 807; x_wconf 85' lang='lat' dir='ltr'><em>Wolfii</em></span> 
     </span>
     <span class='ocr_line' id='line_1_7' title="bbox 64 827 1137 908; baseline 0 -20"><span class='ocrx_word' id='word_1_41' title='bbox 64 832 228 889; x_wconf 88' lang='lat' dir='ltr'><strong>Praelectt.</strong></span> <span class='ocrx_word' id='word_1_42' title='bbox 252 833 285 888; x_wconf 89' lang='lat' dir='ltr'><em>in</em></span> <span class='ocrx_word' id='word_1_43' title='bbox 314 832 401 888; x_wconf 79' lang='lat' dir='ltr'><strong>Tuae.</strong></span> <span class='ocrx_word' id='word_1_44' title='bbox 425 827 520 886; x_wconf 85' lang='lat' dir='ltr'><strong>libros</strong></span> <span class='ocrx_word' id='word_1_45' title='bbox 537 830 690 907; x_wconf 81' lang='lat' dir='ltr'><strong>quinque,</strong></span> <span class='ocrx_word' id='word_1_46' title='bbox 713 839 849 907; x_wconf 81' lang='lat' dir='ltr'><em>exceptae</em></span> <span class='ocrx_word' id='word_1_47' title='bbox 867 849 888 886; x_wconf 84' lang='lat' dir='ltr'><strong>a</strong></span> <span class='ocrx_word' id='word_1_48' title='bbox 911 827 1057 908; x_wconf 79' lang='lat' dir='ltr'><em>diligenti</em></span> <span class='ocrx_word' id='word_1_49' title='bbox 1078 851 1137 888; x_wconf 83' lang='grc' dir='ltr'><em>αιι-</em></span> 
     </span>
     <span class='ocr_line' id='line_1_8' title="bbox 62 931 199 989; baseline 0.007 -1"><span class='ocrx_word' id='word_1_50' title='bbox 62 931 199 989; x_wconf 81' lang='lat' dir='ltr'><em>ditore.“</em></span> 
     </span>
    </p>

    <p class='ocr_par' dir='ltr' id='par_1_4' title="bbox 41 1029 1136 1217">
     <span class='ocr_line' id='line_1_9' title="bbox 41 1029 1136 1108; baseline 0.003 -18"><span class='ocrx_word' id='word_1_51' title='bbox 41 1104 43 1108; x_wconf 66' lang='lat'>,</span> <span class='ocrx_word' id='word_1_52' title='bbox 149 1031 218 1091; x_wconf 89' lang='lat' dir='ltr'><strong>XX.</strong></span> <span class='ocrx_word' id='word_1_53' title='bbox 261 1029 370 1090; x_wconf 82' lang='lat' dir='ltr'><strong>Nissen</strong></span> <span class='ocrx_word' id='word_1_54' title='bbox 384 1031 481 1089; x_wconf 87' lang='lat' dir='ltr'><strong>Curae</strong></span> <span class='ocrx_word' id='word_1_55' title='bbox 495 1030 682 1093; x_wconf 83' lang='lat' dir='ltr'><strong>Novissimae</strong></span> <span class='ocrx_word' id='word_1_56' title='bbox 699 1030 733 1090; x_wconf 86' lang='lat' dir='ltr'><em>in</em></span> <span class='ocrx_word' id='word_1_57' title='bbox 753 1029 795 1089; x_wconf 86' lang='lat' dir='ltr'><strong>M.</strong></span> <span class='ocrx_word' id='word_1_58' title='bbox 810 1030 844 1089; x_wconf 93' lang='grc' dir='ltr'><strong>Τ.</strong></span> <span class='ocrx_word' id='word_1_59' title='bbox 861 1031 893 1090; x_wconf 88' lang='lat' dir='ltr'><strong>C.</strong></span> <span class='ocrx_word' id='word_1_60' title='bbox 910 1030 998 1090; x_wconf 81' lang='lat' dir='ltr'><strong>Tusc.</strong></span> <span class='ocrx_word' id='word_1_61' title='bbox 1015 1029 1136 1106; x_wconf 88' lang='lat' dir='ltr'><strong>Quaest.</strong></span> 
     </span>
     <span class='ocr_line' id='line_1_10' title="bbox 62 1133 673 1217; baseline -0.002 -24"><span class='ocrx_word' id='word_1_62' title='bbox 62 1133 203 1195; x_wconf 88' lang='lat' dir='ltr'><strong>Altonae.</strong></span> <span class='ocrx_word' id='word_1_63' title='bbox 228 1134 318 1202; x_wconf 73' lang='lat'><strong>1792.</strong></span> <span class='ocrx_word' id='word_1_64' title='bbox 669 1208 673 1217; x_wconf 34' lang='grc' dir='ltr'><strong><em>Ι</em></strong></span> 
     </span>
    </p>

    <p class='ocr_par' dir='ltr' id='par_1_5' title="bbox 149 1230 666 1315">
     <span class='ocr_line' id='line_1_11' title="bbox 149 1230 666 1315; baseline -0.006 -21"><span class='ocrx_word' id='word_1_65' title='bbox 149 1234 233 1294; x_wconf 80' lang='lat' dir='ltr'><strong>XXI.</strong></span> <span class='ocrx_word' id='word_1_66' title='bbox 263 1232 462 1294; x_wconf 84' lang='lat' dir='ltr'><strong>Schuetziana</strong></span> <span class='ocrx_word' id='word_1_67' title='bbox 478 1232 533 1293; x_wconf 87' lang='lat' dir='ltr'><strong>Ed.</strong></span> <span class='ocrx_word' id='word_1_68' title='bbox 557 1230 666 1315; x_wconf 80' lang='lat' dir='ltr'><strong>(Sch.)&#39;</strong></span> 
     </span>
    </p>

    <p class='ocr_par' dir='ltr' id='par_1_6' title="bbox 48 1331 1136 1721">
     <span class='ocr_line' id='line_1_12' title="bbox 127 1331 1135 1417; baseline 0.003 -22"><span class='ocrx_word' id='word_1_69' title='bbox 127 1379 131 1386; x_wconf 81' lang='lat'><em>‚</em></span> <span class='ocrx_word' id='word_1_70' title='bbox 150 1336 251 1395; x_wconf 87' lang='lat' dir='ltr'><strong>XXII.</strong></span> <span class='ocrx_word' id='word_1_71' title='bbox 272 1335 344 1395; x_wconf 82' lang='lat' dir='ltr'><strong>cod.</strong></span> <span class='ocrx_word' id='word_1_72' title='bbox 369 1336 529 1395; x_wconf 83' lang='lat' dir='ltr'><strong>Beruensis</strong></span> <span class='ocrx_word' id='word_1_73' title='bbox 552 1337 614 1394; x_wconf 91' lang='lat' dir='ltr'><strong>Sec.</strong></span> <span class='ocrx_word' id='word_1_74' title='bbox 631 1334 716 1410; x_wconf 87' lang='lat' dir='ltr'><strong>XV.‚</strong></span> <span class='ocrx_word' id='word_1_75' title='bbox 738 1331 923 1394; x_wconf 79' lang='lat' dir='ltr'><strong>chartaceus.</strong></span> <span class='ocrx_word' id='word_1_76' title='bbox 945 1354 1004 1411; x_wconf 85' lang='lat' dir='ltr'><strong>„ex</strong></span> <span class='ocrx_word' id='word_1_77' title='bbox 1021 1338 1135 1417; x_wconf 89' lang='lat' dir='ltr'><em>optimo</em></span> 
     </span>
     <span class='ocr_line' id='line_1_13' title="bbox 48 1424 1135 1517; baseline 0.001 -19"><span class='ocrx_word' id='word_1_78' title='bbox 48 1424 368 1517; x_wconf 39' lang='lat' dir='ltr'><strong>,quidem&#39;exemplari</strong></span> <span class='ocrx_word' id='word_1_79' title='bbox 385 1437 570 1516; x_wconf 85' lang='lat' dir='ltr'><strong>descriptus,</strong></span> <span class='ocrx_word' id='word_1_80' title='bbox 593 1436 645 1495; x_wconf 88' lang='lat' dir='ltr'><strong>sed</strong></span> <span class='ocrx_word' id='word_1_81' title='bbox 661 1435 747 1496; x_wconf 87' lang='lat' dir='ltr'><em>foede</em></span> <span class='ocrx_word' id='word_1_82' title='bbox 763 1445 867 1515; x_wconf 86' lang='lat' dir='ltr'><em>postea</em></span> <span class='ocrx_word' id='word_1_83' title='bbox 885 1459 902 1494; x_wconf 88' lang='lat' dir='ltr'><strong>a</strong></span> <span class='ocrx_word' id='word_1_84' title='bbox 919 1437 1061 1515; x_wconf 79' lang='lat' dir='ltr'><strong>magistro</strong></span> <span class='ocrx_word' id='word_1_85' title='bbox 1077 1439 1135 1499; x_wconf 91' lang='lat' dir='ltr'><strong>ali-</strong></span> 
     </span>
     <span class='ocr_line' id='line_1_14' title="bbox 63 1538 1134 1619; baseline 0.001 -20"><span class='ocrx_word' id='word_1_86' title='bbox 63 1561 127 1619; x_wconf 88' lang='lat' dir='ltr'><strong>quo</strong></span> <span class='ocrx_word' id='word_1_87' title='bbox 142 1539 321 1600; x_wconf 85' lang='lat' dir='ltr'><strong>scholastico</strong></span> <span class='ocrx_word' id='word_1_88' title='bbox 335 1539 544 1618; x_wconf 88' lang='lat' dir='ltr'><strong>interpolatus.</strong></span> <span class='ocrx_word' id='word_1_89' title='bbox 579 1538 758 1616; x_wconf 85' lang='lat' dir='ltr'><strong>Plerumque</strong></span> <span class='ocrx_word' id='word_1_90' title='bbox 776 1558 845 1596; x_wconf 90' lang='lat' dir='ltr'><strong>cum</strong></span> <span class='ocrx_word' id='word_1_91' title='bbox 859 1538 941 1616; x_wconf 86' lang='lat' dir='ltr'><strong>regio</strong></span> <span class='ocrx_word' id='word_1_92' title='bbox 958 1539 1061 1599; x_wconf 87' lang='lat' dir='ltr'><strong>facit.“</strong></span> <span class='ocrx_word' id='word_1_93' title='bbox 1098 1540 1134 1600; x_wconf 90' lang='lat' dir='ltr'><strong>V.</strong></span> 
     </span>
     <span class='ocr_line' id='line_1_15' title="bbox 63 1637 1136 1721; baseline 0.001 -20"><span class='ocrx_word' id='word_1_94' title='bbox 63 1643 213 1704; x_wconf 89' lang='lat' dir='ltr'><strong>Orellium</strong></span> <span class='ocrx_word' id='word_1_95' title='bbox 231 1642 270 1703; x_wconf 86' lang='lat' dir='ltr'><strong>ad</strong></span> <span class='ocrx_word' id='word_1_96' title='bbox 286 1642 374 1701; x_wconf 87' lang='lat' dir='ltr'><strong>Tusc.</strong></span> <span class='ocrx_word' id='word_1_97' title='bbox 392 1641 415 1700; x_wconf 93' lang='grc' dir='ltr'><strong>Ι.</strong></span> <span class='ocrx_word' id='word_1_98' title='bbox 429 1651 504 1702; x_wconf 83' lang='lat' dir='ltr'><em>extr.</em></span> <span class='ocrx_word' id='word_1_99' title='bbox 520 1661 549 1719; x_wconf 83' lang='lat' dir='ltr'><strong>p.</strong></span> <span class='ocrx_word' id='word_1_100' title='bbox 565 1640 637 1708; x_wconf 73' lang='lat'><strong>267·</strong></span> <span class='ocrx_word' id='word_1_101' title='bbox 654 1637 709 1721; x_wconf 89' lang='lat' dir='ltr'><strong>(b.)</strong></span> <span class='ocrx_word' id='word_1_102' title='bbox 719 1640 941 1702; x_wconf 86' lang='lat' dir='ltr'><em>-Editionem</em></span> <span class='ocrx_word' id='word_1_103' title='bbox 951 1641 1136 1703; x_wconf 86' lang='lat' dir='ltr'><strong>Orellianam</strong></span> 
     </span>
    </p>
   </div>
   <div class='ocr_carea' id='block_1_3' title="bbox 61 1744 249 1823">
    <p class='ocr_par' dir='ltr' id='par_1_7' title="bbox 61 1744 249 1823">
     <span class='ocr_line' id='line_1_16' title="bbox 61 1744 249 1823; baseline 0.005 -20"><span class='ocrx_word' id='word_1_104' title='bbox 61 1745 182 1823; x_wconf 83' lang='lat' dir='ltr'><strong>signavi</strong></span> <span class='ocrx_word' id='word_1_105' title='bbox 198 1744 249 1805; x_wconf 87' lang='lat' dir='ltr'><strong>Or.</strong></span> 
     </span>
    </p>
   </div>
   <div class='ocr_carea' id='block_1_4' title="bbox 126 2178 1123 2256">
    <p class='ocr_par' dir='ltr' id='par_1_8' title="bbox 126 2178 1123 2256">
     <span class='ocr_line' id='line_1_17' title="bbox 126 2178 1123 2256; baseline 0.004 -3"><span class='ocrx_word' id='word_1_106' title='bbox 126 2179 579 2254; x_wconf 82' lang='lat' dir='ltr'><strong>TUSCULANARUM</strong></span> <span class='ocrx_word' id='word_1_107' title='bbox 611 2178 1072 2256; x_wconf 84' lang='lat' dir='ltr'><strong>DISPUTATIONUM</strong></span> <span class='ocrx_word' id='word_1_108' title='bbox 1115 2218 1123 2225; x_wconf 89' lang='lat'>·</span> 
     </span>
    </p>
   </div>
   <div class='ocr_carea' id='block_1_5' title="bbox 315 2348 879 2520">
    <p class='ocr_par' dir='ltr' id='par_1_9' title="bbox 315 2348 879 2520">
     <span class='ocr_line' id='line_1_18' title="bbox 486 2348 710 2410; baseline 0 -12"><span class='ocrx_word' id='word_1_109' title='bbox 486 2349 577 2399; x_wconf 73' lang='lat' dir='ltr'><strong>anm</strong></span> <span class='ocrx_word' id='word_1_110' title='bbox 600 2348 710 2410; x_wconf 76' lang='lat' dir='ltr'><strong>rann,</strong></span> 
     </span>
     <span class='ocr_line' id='line_1_19' title="bbox 315 2462 879 2520; baseline -0.004 -9"><span class='ocrx_word' id='word_1_111' title='bbox 315 2466 368 2519; x_wconf 82' lang='lat' dir='ltr'><strong>om</strong></span> <span class='ocrx_word' id='word_1_112' title='bbox 382 2466 442 2512; x_wconf 81' lang='lat' dir='ltr'><strong>ssr</strong></span> <span class='ocrx_word' id='word_1_113' title='bbox 454 2466 495 2510; x_wconf 82' lang='lat' dir='ltr'><strong>os</strong></span> <span class='ocrx_word' id='word_1_114' title='bbox 509 2462 743 2508; x_wconf 80' lang='lat' dir='ltr'><strong>oonraussnm</strong></span> <span class='ocrx_word' id='word_1_115' title='bbox 755 2463 879 2520; x_wconf 73' lang='lat' dir='ltr'><strong>nourr,</strong></span> 
     </span>
    </p>
   </div>
   <div class='ocr_carea' id='block_1_6' title="bbox 439 2589 762 2650">
    <p class='ocr_par' dir='ltr' id='par_1_10' title="bbox 439 2589 762 2650">
     <span class='ocr_line' id='line_1_20' title="bbox 439 2589 762 2650; baseline -0.006 0"><span class='ocrx_word' id='word_1_116' title='bbox 439 2589 762 2650; x_wconf 86' lang='lat' dir='ltr'><strong>CONSPECTUS.</strong></span> 
     </span>
    </p>
   </div>
   <div class='ocr_carea' id='block_1_7' title="bbox 49 2757 1206 4270">
    <p class='ocr_par' dir='ltr' id='par_1_11' title="bbox 59 2757 1134 3145">
     <span class='ocr_line' id='line_1_21' title="bbox 148 2757 1134 2840; baseline 0.007 -20"><span class='ocrx_word' id='word_1_117' title='bbox 148 2761 172 2820; x_wconf 90' lang='lat' dir='ltr'><strong>l.</strong></span> <span class='ocrx_word' id='word_1_118' title='bbox 194 2758 397 2837; x_wconf 77' lang='lat' dir='ltr'><strong>Pnooniuon,</strong></span> <span class='ocrx_word' id='word_1_119' title='bbox 418 2760 453 2819; x_wconf 91' lang='lat' dir='ltr'><em>in</em></span> <span class='ocrx_word' id='word_1_120' title='bbox 475 2779 535 2838; x_wconf 92' lang='lat' dir='ltr'><strong>quo</strong></span> <span class='ocrx_word' id='word_1_121' title='bbox 553 2759 656 2820; x_wconf 88' lang='lat' dir='ltr'><strong>Cicero</strong></span> <span class='ocrx_word' id='word_1_122' title='bbox 673 2779 794 2837; x_wconf 83' lang='lat' dir='ltr'><strong>graecae</strong></span> <span class='ocrx_word' id='word_1_123' title='bbox 809 2757 1019 2840; x_wconf 85' lang='lat' dir='ltr'><em>philosophiae</em></span> <span class='ocrx_word' id='word_1_124' title='bbox 1031 2763 1134 2827; x_wconf 84' lang='lat' dir='ltr'><strong>latinis</strong></span> 
     </span>
     <span class='ocr_line' id='line_1_22' title="bbox 59 2861 1134 2957; baseline -0.007 -37"><span class='ocrx_word' id='word_1_125' title='bbox 59 2861 174 2922; x_wconf 88' lang='lat' dir='ltr'><strong>litteris</strong></span> <span class='ocrx_word' id='word_1_126' title='bbox 190 2861 388 2922; x_wconf 82' lang='lat' dir='ltr'><strong>illustrandae</strong></span> <span class='ocrx_word' id='word_1_127' title='bbox 403 2861 563 2921; x_wconf 91' lang='lat' dir='ltr'><strong>consilium</strong></span> <span class='ocrx_word' id='word_1_128' title='bbox 578 2862 712 2941; x_wconf 79' lang='lat' dir='ltr'><em>exponit,</em></span> <span class='ocrx_word' id='word_1_129' title='bbox 734 2862 997 2941; x_wconf 85' lang='lat' dir='ltr'><strong>Romanorumque</strong></span> <span class='ocrx_word' id='word_1_130' title='bbox 1014 2866 1134 2957; x_wconf 43' lang='lat' dir='ltr'><strong>ingen&#39;i.</strong></span> 
     </span>
     <span class='ocr_line' id='line_1_23' title="bbox 60 2962 1134 3050; baseline 0.007 -26"><span class='ocrx_word' id='word_1_131' title='bbox 60 2985 125 3040; x_wconf 89' lang='lat' dir='ltr'><strong>um,</strong></span> <span class='ocrx_word' id='word_1_132' title='bbox 149 2984 257 3039; x_wconf 89' lang='lat' dir='ltr'><strong>mores,</strong></span> <span class='ocrx_word' id='word_1_133' title='bbox 279 2984 342 3023; x_wconf 90' lang='lat' dir='ltr'><strong>rem</strong></span> <span class='ocrx_word' id='word_1_134' title='bbox 360 2972 389 3022; x_wconf 90' lang='lat' dir='ltr'><strong>et</strong></span> <span class='ocrx_word' id='word_1_135' title='bbox 405 2962 597 3023; x_wconf 86' lang='lat' dir='ltr'><strong>domesticam</strong></span> <span class='ocrx_word' id='word_1_136' title='bbox 621 2973 651 3022; x_wconf 92' lang='lat' dir='ltr'><strong>et</strong></span> <span class='ocrx_word' id='word_1_137' title='bbox 667 2962 838 3043; x_wconf 85' lang='lat' dir='ltr'><strong>publicam,</strong></span> <span class='ocrx_word' id='word_1_138' title='bbox 860 2965 977 3025; x_wconf 89' lang='lat' dir='ltr'><strong>litteras</strong></span> <span class='ocrx_word' id='word_1_139' title='bbox 995 2977 1134 3050; x_wconf 86' lang='lat' dir='ltr'><strong>artesque</strong></span> 
     </span>
     <span class='ocr_line' id='line_1_24' title="bbox 59 3063 725 3145; baseline -0.003 -19"><span class='ocrx_word' id='word_1_140' title='bbox 59 3087 133 3127; x_wconf 87' lang='lat' dir='ltr'><strong>cum</strong></span> <span class='ocrx_word' id='word_1_141' title='bbox 148 3067 334 3126; x_wconf 89' lang='lat' dir='ltr'><strong>Graecorum</strong></span> <span class='ocrx_word' id='word_1_142' title='bbox 347 3075 510 3145; x_wconf 83' lang='lat' dir='ltr'><strong>comparat.</strong></span> <span class='ocrx_word' id='word_1_143' title='bbox 534 3085 598 3144; x_wconf 84' lang='lat' dir='ltr'><strong>cap.</strong></span> <span class='ocrx_word' id='word_1_144' title='bbox 618 3063 725 3132; x_wconf 74' lang='grc'><strong>1-4.</strong></span> 
     </span>
    </p>

    <p class='ocr_par' dir='ltr' id='par_1_12' title="bbox 49 3166 1204 4059">
     <span class='ocr_line' id='line_1_25' title="bbox 146 3166 1134 3233; baseline 0.007 -7"><span class='ocrx_word' id='word_1_145' title='bbox 146 3167 186 3227; x_wconf 89' lang='grc' dir='ltr'><strong>Π.</strong></span> <span class='ocrx_word' id='word_1_146' title='bbox 208 3169 403 3227; x_wconf 74' lang='lat' dir='ltr'><strong>Drsrorsmo.</strong></span> <span class='ocrx_word' id='word_1_147' title='bbox 445 3166 574 3226; x_wconf 87' lang='lat' dir='ltr'><strong>Ponitur</strong></span> <span class='ocrx_word' id='word_1_148' title='bbox 594 3167 632 3225; x_wconf 87' lang='lat' dir='ltr'><strong>ab</strong></span> <span class='ocrx_word' id='word_1_149' title='bbox 655 3166 807 3227; x_wconf 88' lang='lat' dir='ltr'><strong>auditore:</strong></span> <span class='ocrx_word' id='word_1_150' title='bbox 828 3167 946 3231; x_wconf 75' lang='lat' dir='ltr'><strong>Mnus</strong></span> <span class='ocrx_word' id='word_1_151' title='bbox 963 3189 1029 3230; x_wconf 82' lang='lat' dir='ltr'><strong>assa</strong></span> <span class='ocrx_word' id='word_1_152' title='bbox 1050 3191 1134 3233; x_wconf 82' lang='lat' dir='ltr'><strong>nos-</strong></span> 
     </span>
     <span class='ocr_line' id='line_1_26' title="bbox 59 3253 1135 3351; baseline 0.007 -23"><span class='ocrx_word' id='word_1_153' title='bbox 59 3289 134 3329; x_wconf 77' lang='lat' dir='ltr'><strong>ram.</strong></span> <span class='ocrx_word' id='word_1_154' title='bbox 178 3269 360 3344; x_wconf 85' lang='lat' dir='ltr'><strong>Quaeritur,</strong></span> <span class='ocrx_word' id='word_1_155' title='bbox 384 3269 460 3328; x_wconf 91' lang='lat' dir='ltr'><em>iisne</em></span> <span class='ocrx_word' id='word_1_156' title='bbox 475 3290 557 3329; x_wconf 89' lang='lat' dir='ltr'><strong>mors</strong></span> <span class='ocrx_word' id='word_1_157' title='bbox 575 3269 689 3329; x_wconf 89' lang='lat' dir='ltr'><strong>malum</strong></span> <span class='ocrx_word' id='word_1_158' title='bbox 705 3269 761 3345; x_wconf 78' lang='lat' dir='ltr'><em>eit,</em></span> <span class='ocrx_word' id='word_1_159' title='bbox 784 3270 837 3347; x_wconf 89' lang='lat' dir='ltr'><strong>qui</strong></span> <span class='ocrx_word' id='word_1_160' title='bbox 859 3271 920 3328; x_wconf 87' lang='lat' dir='ltr'><strong>iam</strong></span> <span class='ocrx_word' id='word_1_161' title='bbox 934 3253 1053 3332; x_wconf 88' lang='lat' dir='ltr'><strong>mortui</strong></span> <span class='ocrx_word' id='word_1_162' title='bbox 1064 3275 1135 3351; x_wconf 87' lang='lat' dir='ltr'><em>sint,</em></span> 
     </span>
     <span class='ocr_line' id='line_1_27' title="bbox 59 3370 1135 3454; baseline 0.003 -23"><span class='ocrx_word' id='word_1_163' title='bbox 59 3393 101 3432; x_wconf 86' lang='lat' dir='ltr'><strong>an</strong></span> <span class='ocrx_word' id='word_1_164' title='bbox 116 3371 165 3447; x_wconf 91' lang='lat' dir='ltr'><em>iis,</em></span> <span class='ocrx_word' id='word_1_165' title='bbox 188 3372 298 3450; x_wconf 89' lang='lat' dir='ltr'><strong>quibus</strong></span> <span class='ocrx_word' id='word_1_166' title='bbox 315 3370 506 3431; x_wconf 89' lang='lat' dir='ltr'><strong>moriendum</strong></span> <span class='ocrx_word' id='word_1_167' title='bbox 524 3372 572 3431; x_wconf 87' lang='lat' dir='ltr'><em>sit.</em></span> <span class='ocrx_word' id='word_1_168' title='bbox 616 3373 744 3430; x_wconf 39' lang='lat' dir='ltr'><strong>Malum*</strong></span> <span class='ocrx_word' id='word_1_169' title='bbox 757 3380 857 3430; x_wconf 89' lang='lat' dir='ltr'><strong>autem</strong></span> <span class='ocrx_word' id='word_1_170' title='bbox 874 3392 939 3431; x_wconf 88' lang='lat' dir='ltr'><strong>eam</strong></span> <span class='ocrx_word' id='word_1_171' title='bbox 956 3373 1019 3433; x_wconf 87' lang='lat' dir='ltr'><strong>vim</strong></span> <span class='ocrx_word' id='word_1_172' title='bbox 1033 3373 1135 3454; x_wconf 85' lang='lat' dir='ltr'><strong>habet,</strong></span> 
     </span>
     <span class='ocr_line' id='line_1_28' title="bbox 57 3471 1134 3556; baseline 0.003 -22"><span class='ocrx_word' id='word_1_173' title='bbox 57 3483 97 3551; x_wconf 82' lang='lat' dir='ltr'><strong>ut</strong></span> <span class='ocrx_word' id='word_1_174' title='bbox 111 3472 194 3533; x_wconf 84' lang='lat' dir='ltr'><em>idem</em></span> <span class='ocrx_word' id='word_1_175' title='bbox 210 3474 259 3549; x_wconf 91' lang='lat' dir='ltr'><em>sit,</em></span> <span class='ocrx_word' id='word_1_176' title='bbox 282 3471 365 3551; x_wconf 88' lang='lat' dir='ltr'><strong>quod</strong></span> <span class='ocrx_word' id='word_1_177' title='bbox 380 3476 535 3542; x_wconf 70' lang='lat' dir='ltr'><strong>mserum,</strong></span> <span class='ocrx_word' id='word_1_178' title='bbox 559 3474 701 3551; x_wconf 88' lang='lat' dir='ltr'><strong>quoniam</strong></span> <span class='ocrx_word' id='word_1_179' title='bbox 714 3493 795 3533; x_wconf 87' lang='lat' dir='ltr'><strong>mors</strong></span> <span class='ocrx_word' id='word_1_180' title='bbox 804 3472 883 3531; x_wconf 82' lang='lat' dir='ltr'><strong>adea</strong></span> <span class='ocrx_word' id='word_1_181' title='bbox 898 3473 978 3547; x_wconf 83' lang='lat' dir='ltr'><strong>mala</strong></span> <span class='ocrx_word' id='word_1_182' title='bbox 991 3475 1134 3556; x_wconf 83' lang='lat' dir='ltr'><em>pertinet,</em></span> 
     </span>
     <span class='ocr_line' id='line_1_29' title="bbox 58 3573 1136 3659; baseline 0.004 -25"><span class='ocrx_word' id='word_1_183' title='bbox 58 3595 139 3655; x_wconf 88' lang='lat' dir='ltr'><strong>quae</strong></span> <span class='ocrx_word' id='word_1_184' title='bbox 164 3574 302 3634; x_wconf 88' lang='lat' dir='ltr'><strong>sensibus</strong></span> <span class='ocrx_word' id='word_1_185' title='bbox 329 3575 546 3657; x_wconf 78' lang='lat' dir='ltr'><strong>percipiantur.</strong></span> <span class='ocrx_word' id='word_1_186' title='bbox 601 3573 742 3649; x_wconf 84' lang='lat' dir='ltr'><strong>Quodsi</strong></span> <span class='ocrx_word' id='word_1_187' title='bbox 773 3575 868 3652; x_wconf 86' lang='lat' dir='ltr'><strong>igitur</strong></span> <span class='ocrx_word' id='word_1_188' title='bbox 890 3579 1136 3659; x_wconf 84' lang='lat' dir='ltr'><strong>mors-utrisque</strong></span> 
     </span>
     <span class='ocr_line' id='line_1_30' title="bbox 49 3670 1136 3762; baseline 0.006 -26"><span class='ocrx_word' id='word_1_189' title='bbox 49 3670 176 3737; x_wconf 77' lang='lat' dir='ltr'><strong>&#39;malum</strong></span> <span class='ocrx_word' id='word_1_190' title='bbox 191 3685 244 3736; x_wconf 89' lang='lat' dir='ltr'><strong>aut</strong></span> <span class='ocrx_word' id='word_1_191' title='bbox 258 3677 401 3736; x_wconf 89' lang='lat' dir='ltr'><strong>miserum</strong></span> <span class='ocrx_word' id='word_1_192' title='bbox 415 3685 468 3753; x_wconf 84' lang='lat' dir='ltr'><em>est,</em></span> <span class='ocrx_word' id='word_1_193' title='bbox 490 3675 635 3754; x_wconf 88' lang='lat' dir='ltr'><strong>sequitur,</strong></span> <span class='ocrx_word' id='word_1_194' title='bbox 656 3684 693 3734; x_wconf 91' lang='lat' dir='ltr'><strong>ut</strong></span> <span class='ocrx_word' id='word_1_195' title='bbox 704 3696 806 3736; x_wconf 91' lang='lat' dir='ltr'><strong>omnes</strong></span> <span class='ocrx_word' id='word_1_196' title='bbox 821 3676 923 3753; x_wconf 77' lang='lat' dir='ltr'><strong>miseri</strong></span> <span class='ocrx_word' id='word_1_197' title='bbox 936 3677 1008 3762; x_wconf 78' lang='lat' dir='ltr'><em>sint,</em></span> <span class='ocrx_word' id='word_1_198' title='bbox 1030 3689 1061 3740; x_wconf 94' lang='lat' dir='ltr'><strong>et</strong></span> <span class='ocrx_word' id='word_1_199' title='bbox 1071 3700 1136 3745; x_wconf 86' lang='lat' dir='ltr'><strong>non</strong></span> 
     </span>
     <span class='ocr_line' id='line_1_31' title="bbox 58 3777 1204 3857; baseline 0.006 -18"><span class='ocrx_word' id='word_1_200' title='bbox 58 3780 161 3839; x_wconf 89' lang='lat' dir='ltr'><strong>solnm</strong></span> <span class='ocrx_word' id='word_1_201' title='bbox 179 3779 296 3855; x_wconf 86' lang='lat' dir='ltr'><strong>miseri,</strong></span> <span class='ocrx_word' id='word_1_202' title='bbox 321 3778 374 3837; x_wconf 82' lang='lat' dir='ltr'><strong>sed</strong></span> <span class='ocrx_word' id='word_1_203' title='bbox 389 3778 478 3838; x_wconf 89' lang='lat' dir='ltr'><strong>etiam</strong></span> <span class='ocrx_word' id='word_1_204' title='bbox 494 3798 611 3857; x_wconf 87' lang='lat' dir='ltr'><strong>semper</strong></span> <span class='ocrx_word' id='word_1_205' title='bbox 626 3777 745 3853; x_wconf 85' lang='lat' dir='ltr'><strong>miseri,</strong></span> <span class='ocrx_word' id='word_1_206' title='bbox 768 3778 911 3856; x_wconf 90' lang='lat' dir='ltr'><strong>quoniam</strong></span> <span class='ocrx_word' id='word_1_207' title='bbox 923 3789 987 3840; x_wconf 89' lang='lat' dir='ltr'><strong>non</strong></span> <span class='ocrx_word' id='word_1_208' title='bbox 1001 3783 1099 3845; x_wconf 90' lang='lat' dir='ltr'><strong>solum</strong></span> <span class='ocrx_word' id='word_1_209' title='bbox 1111 3784 1136 3845; x_wconf 85' lang='lat' dir='ltr'><strong>ii</strong></span> <span class='ocrx_word' id='word_1_210' title='bbox 1199 3792 1204 3801; x_wconf 92' lang='lat'>&#39;</span> 
     </span>
     <span class='ocr_line' id='line_1_32' title="bbox 57 3864 1133 3960; baseline 0.003 -18"><span class='ocrx_word' id='word_1_211' title='bbox 57 3881 164 3942; x_wconf 86' lang='lat' dir='ltr'><strong>miseri</strong></span> <span class='ocrx_word' id='word_1_212' title='bbox 189 3890 276 3956; x_wconf 88' lang='lat' dir='ltr'><strong>sunt,</strong></span> <span class='ocrx_word' id='word_1_213' title='bbox 316 3881 369 3959; x_wconf 89' lang='lat' dir='ltr'><strong>qui</strong></span> <span class='ocrx_word' id='word_1_214' title='bbox 395 3879 523 3956; x_wconf 81' lang='lat' dir='ltr'><em>vivunt,</em></span> <span class='ocrx_word' id='word_1_215' title='bbox 564 3879 617 3940; x_wconf 82' lang='lat' dir='ltr'><strong>sed</strong></span> <span class='ocrx_word' id='word_1_216' title='bbox 641 3879 730 3940; x_wconf 85' lang='lat' dir='ltr'><strong>etiam</strong></span> <span class='ocrx_word' id='word_1_217' title='bbox 750 3879 788 3958; x_wconf 87' lang='lat' dir='ltr'><strong>ii,</strong></span> <span class='ocrx_word' id='word_1_218' title='bbox 826 3881 879 3960; x_wconf 91' lang='lat' dir='ltr'><strong>qui</strong></span> <span class='ocrx_word' id='word_1_219' title='bbox 909 3882 1024 3943; x_wconf 85' lang='lat' dir='ltr'><strong>mortui</strong></span> <span class='ocrx_word' id='word_1_220' title='bbox 1053 3864 1133 3947; x_wconf 83' lang='lat' dir='ltr'><strong>suut.</strong></span> 
     </span>
     <span class='ocr_line' id='line_1_33' title="bbox 58 3983 737 4059; baseline -0.001 -17"><span class='ocrx_word' id='word_1_221' title='bbox 58 4005 85 4042; x_wconf 89' lang='lat' dir='ltr'><strong>c.</strong></span> <span class='ocrx_word' id='word_1_222' title='bbox 107 3984 139 4050; x_wconf 83' lang='lat'><strong>5.</strong></span> <span class='ocrx_word' id='word_1_223' title='bbox 165 3983 192 4059; x_wconf 89' lang='lat'><strong>§.</strong></span> <span class='ocrx_word' id='word_1_224' title='bbox 215 3985 245 4048; x_wconf 88' lang='lat'><strong>9.</strong></span> <span class='ocrx_word' id='word_1_225' title='bbox 298 4013 304 4025; x_wconf 74' lang='lat'><em>=</em></span> <span class='ocrx_word' id='word_1_226' title='bbox 412 4047 417 4055; x_wconf 42' lang='grc'>,</span> <span class='ocrx_word' id='word_1_227' title='bbox 734 4036 737 4041; x_wconf 86' lang='grc'><strong>.</strong></span> 
     </span>
    </p>

    <p class='ocr_par' dir='ltr' id='par_1_13' title="bbox 145 4082 1206 4162">
     <span class='ocr_line' id='line_1_34' title="bbox 145 4082 1206 4162; baseline 0.005 -20"><span class='ocrx_word' id='word_1_228' title='bbox 145 4082 300 4143; x_wconf 87' lang='lat' dir='ltr'><em>Sententia</em></span> <span class='ocrx_word' id='word_1_229' title='bbox 311 4083 467 4162; x_wconf 88' lang='lat' dir='ltr'><strong>proposita</strong></span> <span class='ocrx_word' id='word_1_230' title='bbox 482 4082 640 4144; x_wconf 86' lang='lat' dir='ltr'><strong>refellitur.</strong></span> <span class='ocrx_word' id='word_1_231' title='bbox 683 4084 819 4143; x_wconf 87' lang='lat' dir='ltr'><strong>Primum</strong></span> <span class='ocrx_word' id='word_1_232' title='bbox 834 4083 1077 4162; x_wconf 86' lang='lat' dir='ltr'><strong>demonstratur,</strong></span> <span class='ocrx_word' id='word_1_233' title='bbox 1202 4148 1206 4155; x_wconf 74' lang='grc'><em>,</em></span> 
     </span>
    </p>

    <p class='ocr_par' dir='ltr' id='par_1_14' title="bbox 147 4185 1144 4270">
     <span class='ocr_line' id='line_1_35' title="bbox 147 4185 1144 4270; baseline 0 -27"><span class='ocrx_word' id='word_1_234' title='bbox 147 4187 174 4251; x_wconf 88' lang='lat'><strong>1.</strong></span> <span class='ocrx_word' id='word_1_235' title='bbox 198 4185 327 4245; x_wconf 83' lang='lat' dir='ltr'><strong>Mortem</strong></span> <span class='ocrx_word' id='word_1_236' title='bbox 343 4206 403 4245; x_wconf 86' lang='lat' dir='ltr'><strong>non</strong></span> <span class='ocrx_word' id='word_1_237' title='bbox 427 4208 491 4261; x_wconf 84' lang='lat' dir='ltr'><strong>ease</strong></span> <span class='ocrx_word' id='word_1_238' title='bbox 508 4187 627 4246; x_wconf 84' lang='lat' dir='ltr'><strong>molum</strong></span> <span class='ocrx_word' id='word_1_239' title='bbox 649 4207 741 4270; x_wconf 81' lang='lat' dir='ltr'><em>neque</em></span> <span class='ocrx_word' id='word_1_240' title='bbox 761 4190 823 4256; x_wconf 85' lang='lat' dir='ltr'><em>iis,</em></span> <span class='ocrx_word' id='word_1_241' title='bbox 854 4192 910 4268; x_wconf 83' lang='lat' dir='ltr'><strong>qui</strong></span> <span class='ocrx_word' id='word_1_242' title='bbox 933 4191 1003 4246; x_wconf 81' lang='lat' dir='ltr'><strong>inm</strong></span> <span class='ocrx_word' id='word_1_243' title='bbox 1024 4193 1144 4244; x_wconf 69' lang='lat' dir='ltr'><strong>nmrtnt</strong></span> 
     </span>
    </p>
   </div>
   <div class='ocr_carea' id='block_1_8' title="bbox 0 0 1324 4626">
    <p class='ocr_par' dir='ltr' id='par_1_15' title="bbox 0 0 1324 4626">
     <span class='ocr_line' id='line_1_36' title="bbox 0 0 1324 4626; baseline 0 1"><span class='ocrx_word' id='word_1_244' title='bbox 0 0 1324 4626; x_wconf 95' lang='lat' dir='ltr'><strong> </strong></span> 
     </span>
    </p>
   </div>
  </div>
 </body>
</html>
