2640 4626
536 218 666 271 crana
683 220 715 270 v.
735 223 776 278 12.
1126 202 1193 275 327.
1228 293 1232 305 ¹

221 333 296 405 XII.
321 332 392 406 Etsi
403 335 494 406 Zeno
507 334 631 408 Citieus
644 347 674 422 1,
701 337 825 410 advena
841 336 977 436 quidam
989 340 1021 424 ²,
1046 350 1079 410 et
1094 332 1189 432 igno·

118 434 198 523 bilis
215 435 390 508 verborum
407 436 528 535 opifex,
554 437 739 510 insinuasse
755 467 790 512 se
805 445 820 492 ³
839 439 874 510 in
894 438 1067 538 antiquam.
1079 435 1189 536 pbilo—
1255 432 1259 439 ⁴

119 537 275 638 sophiam
306 538 452 611 videtur:
490 539 588 612 buius
621 541 801 614 sententiae
828 541 970 639 gravitas
996 569 1014 612 a
1039 537 1188 612 Platonis

93 692 94 697 κ
119 641 312 714 auctoritate
329 657 502 740 repetatur.
538 643 627 741 apud
642 671 740 741 quem
755 671 854 743 saepe
873 644 954 716 haec
970 641 1075 714 oratio
1092 667 1190 714 usur-

119 759 198 843 pata
213 759 278 829 est,
303 758 340 813 nt
354 742 436 825 nihil
453 760 583 842 praeter
601 744 753 819 virtutem
771 746 935 818 diceretur
957 744 1092 817 bonum.
1122 741 1188 815 vel-

118 863 156 917 ut
171 845 207 916 in
217 844 343 942 Gorgia
351 845 515 932 Socrates,
533 854 633 958 quib]
646 853 731 920 esset
741 877 778 920 er
791 877 829 920 eo
840 847 1043 946 quaesitum,
1061 844 1189 917 Arche-

119 946 227 1034 laum,
251 947 429 1020 Perdiccae
443 947 545 1020 silium
556 1005 578 1036 „
592 949 649 1048 qui
663 966 731 1022 tum
748 949 1029 1022 fortunatissimus
1050 946 1187 1019 babere-

121 1067 193 1135 tur,
226 1077 336 1121 nonne
369 1049 501 1121 beatum
523 1053 675 1150 putaret?
727 1060 783 1131 35.
813 1051 912 1123 Haud
939 1050 1027 1136 scio,
1062 1047 1187 1147 inquit:

120 1178 302 1250 numquam
322 1151 499 1224 enimcum
520 1153 558 1225 eo
583 1153 762 1226 collocutus
786 1181 868 1226 sum.
888 1195 933 1210 -
962 1152 1038 1224 Ain’
1055 1154 1120 1224 tu?
1146 1178 1188 1222 an
1241 1190 1244 1197 ·

121 1253 246 1326 aliter4
263 1251 299 1324 id
313 1253 397 1326 scire
414 1282 482 1325 non
497 1258 614 1354 potes?
632 1297 679 1310 -
706 1255 803 1328 Nullo
819 1255 928 1327 modo.
945 1298 991 1310 -
1018 1255 1072 1326 Tu
1087 1251 1189 1349 igitur

120 1384 163 1428 ne
191 1355 234 1427 de
248 1355 421 1427 Persarum
444 1357 578 1454 quidem
602 1385 679 1454 rege
699 1386 819 1454 magno
846 1373 940 1456 potes
959 1356 1084 1441 dicere,
1110 1354 1188 1426 bea·
1273 1443 1276 1447 ι

120 1475 218 1530 tusne
239 1457 290 1528 sit.
308 1501 354 1512 -
381 1458 436 1529 An
452 1487 512 1555 ego
532 1459 678 1558 possim,
705 1487 806 1558 quum
832 1460 998 1556 ignorem,
1024 1483 1122 1556 quam
1145 1454 1188 1526 sit

121 1561 260 1646 doctus,
287 1586 386 1657 quam
402 1559 453 1631 vir
475 1559 606 1649 bonus?
634 1603 681 1616 -
700 1561 817 1657 Quid?
843 1577 879 1632 tu
902 1561 937 1632 in
960 1588 999 1632 eo
1025 1558 1121 1631 sitam
1140 1554 1187 1628 vi·
1212 1557 1215 1567 “

121 1679 188 1734 tam
205 1661 334 1734 beatam
349 1663 469 1760 putas?
486 1656 596 1759 -llta
617 1691 756 1762 prorsus
771 1663 940 1749 existim03
966 1662 1086 1746 bonos,
1111 1659 1188 1731 bea·

122 1782 193 1851 tos;
219 1763 408 1862 improbos,
434 1765 581 1836 miseros.
607 1810 654 1822 --
691 1766 796 1838 Miser
820 1793 898 1863 ergo
912 1762 1118 1836 Archelaus?
1140 1803 1186 1817 -
1258 1855 1260 1859 ¹
1309 1774 1314 1785 ‘

124 1869 237 1954 Certe,
262 1867 291 1937 si
307 1865 464 1938 iniustus·
507 1866 689 1940 Videtume
712 1895 842 1940 omnem
868 1867 922 1939 bic
938 1865 1068 1946 beatam
1089 1864 1188 1959 uitam

123 1970 158 2040 in
173 1996 239 2041 nna
259 1968 377 2041 virtute
387 1971 533 2067 ponere?
568 1963 624 2050 36.
648 1969 742 2066 Quid
755 1972 853 2042 vero?
880 1966 1103 2069 inEpitapbio
1121 1993 1187 2063 quo

189 2159 205 2211 1
230 2157 290 2203 Ern.
317 2170 338 2203 c.
357 2153 410 2204 aliis
427 2153 516 2222 paucis
535 2155 654 2204 Citrieus.
691 2156 728 2204 Cf.
747 2158 823 2206 Gocr.
842 2155 874 2205 ad
891 2154 946 2204 Fin.
981 2155 1012 2203 V.
1030 2157 1072 2210 20.
1087 2170 1113 2229 p·
1129 2148 1187 2207 489.

121 2224 214 2282 2Ern.
232 2239 253 2272 c.
269 2221 353 2271 Guelf.
371 2222 416 2271 Ed.
434 2224 508 2280 1581.
527 2223 639 2290 qm'dem.
651 2222 734 2272 'Male
768 2229 785 2281 3
803 2220 866 2280 01x.
884 2232 911 2272 et
926 2220 1025 2271 Nonius
1047 2227 1133 2269 omitt.
1150 2233 1187 2275 se,

122 2289 214 2358 probb.
231 2287 310 2337 Bouh.
327 2299 353 2338 et
369 2291 456 2338 Garat.
469 2289 534 2338 Phil.
551 2297 584 2351 5,
600 2295 625 2347 3.
651 2308 676 2357 p.
692 2295 747 2348 103.
782 2289 850 2340 Hine
866 2294 910 2353 Dr.
931 2287 1002 2338 uncis
1025 2285 1137 2336 inclusit.
1161 2285 1190 2341 ’4

121 2356 165 2408 Sic
178 2357 256 2406 VLD.
273 2358 347 2423 Seqq.
356 2385 388 2394 —
403 2356 486 2421 Vulgo
503 2375 539 2406 an
554 2369 583 2406 tu
597 2357 678 2407 aliter
692 2357 786 2408 omisso
803 2358 850 2406 ain
863 2369 899 2406 tu.
914 2385 947 2394 -
965 2355 1032 2405 Bake
1046 2352 1115 2403 Bibl.
1129 2351 1189 2401 crit.

121 2430 147 2482 3.
164 2443 189 2491 p.
208 2428 249 2500 79.
264 2424 311 2472 ain
327 2424 377 2474 tu?
394 2424 489 2487 aliter,
507 2424 537 2474 ut
552 2443 627 2492 supra
641 2427 661 2475 1.
678 2427 699 2493 1.
716 2425 806 2483 39ade
819 2427 882 2492 [lep.
897 2427 918 2474 1.
934 2427 1036 2485 13,19.
1071 2419 1138 2470 Hinc
1147 2422 1189 2468 Or.

121 2509 159 2541 an
174 2508 245 2541 uncis
263 2489 351 2540 cinxit.
381 2527 391 2535 .

173 2609 234 2658 Car.
259 2609 318 2656 XII.
335 2609 396 2658 Etsi
410 2613 479 2659 Zeno
501 2612 537 2648 -¹
552 2611 576 2677 §.
596 2613 639 2666 37.
724 2608 970 2678 nonne-putaret)
989 2604 1116 2656 Ernestius
1130 2613 1191 2652 ten·-

122 2674 242 2727 manabit
250 2676 347 2741 oratio)
358 2676 443 2726 Solam
452 2677 569 2726 virtutem
578 2677 642 2726 bea·
674 2676 747 2726 tabat
771 2690 840 2726 antae
862 2677 903 2724 vel
923 2692 1010 2725 onnon
1028 2702 1061 2711 -
1074 2681 1191 2740 putarem

122 2757 176 2796 tam
193 2742 407 2808 vitametticere,
428 2743 479 2793 hoc
502 2761 554 2793 nnn
572 2746 641 2793 Zeno
674 2743 743 2793 nulla
757 2744 880 2793 invitante
893 2742 1052 2801 necessitate,
1068 2738 1106 2789 uti
1121 2745 1192 2787 recte

123 2813 220 2881 primus
234 2810 328 2870 docuit,
343 2810 388 2860 sed
396 2811 479 2870 Plato,
495 2820 642 2878 equotan-
673 2821 762 2860 mouet
787 2811 906 2862 Ochsner.
932 2810 987 2861 Ecl.
1012 2807 1064 2857 Cic.
1087 2825 1112 2873 p·
1132 2804 1191 2862 274·

121 2896 199 2947 quam
212 2877 283 2926 tonte
295 2876 358 2928 haec
369 2878 448 2927 omnis
464 2877 581 2933 doctrina
594 2878 643 2926 erit
675 2879 753 2928 Acad.
765 2881 803 2932 11.
822 2881 863 2939 24,
878 2882 918 2937 76.
940 2895 971 2928 er
987 2893 1027 2925 me
1058 2872 1191 2931 naesieras,

121 2945 270 2996 haurienda.
287 2971 322 2982 -
346 2947 415 2994 Zeno
430 2944 521 2994 dicitnr
532 2938 642 3006 'advena
675 2946 761 2994 nonne
771 2942 901 3012 putarem.
922 2945 954 2994 de
969 2893 1062 2992 Fimll

121 3016 140 3064 i.
157 3031 181 3063 e.
194 3011 351 3079 peregrinus,
372 3011 430 3078 quia
446 3029 477 3060 ex
492 3011 566 3071 Citio,
581 3012 643 3060 urbe
676 3029 777 3089 quaero,
800 3029 888 3062 nonne
907 3011 955 3061 tibi
966 3007 1111 3059 faciendum
1125 3005 1192 3054 illem

121 3079 232 3148 quadam
250 3077 341 3157 Cypri,
362 3077 552 3129 cuiusincolae
570 3088 642 3128 eraut
675 3088 716 3128 sit.
744 3083 812 3129 Orat.
831 3083 871 3139 63,
882 3081 950 3135 011.
971 3080 1087 3139 Quaero,
1107 3087 1192 3122 nonne

1064 2943 1083 2990 1.
1098 2939 1129 3000 4.
1151 2941 1191 2994 aa·
1280 2986 1288 3007 ,

121 3147 274 3214 phoeniciae
296 3145 415 3211 anginis,
436 3144 556 3196 oriundus
578 3152 641 3194 erat.
673 3145 829 3194 innumerus
843 3144 964 3199 ellecerit.
982 3144 1146 3194 V.Goe1·enz.
1159 3137 1193 3189 ad
1280 3195 1289 3210 .

124 3214 238 3264 Eandem
263 3214 296 3263 ob
326 3231 438 3262 curassem
465 3213 553 3263 Cicero
585 3230 642 3262 eum
675 3213 730 3262 Fin.
740 3215 769 3262 ΙΙ.
779 3217 818 3273 18,
836 3218 877 3272 58.
891 3232 917 3280 p.
932 3216 991 3270 210.

122 3283 269 3332 Poenulum
284 3278 407 3348 appellat.
433 3276 529 3332 Neide.
725 3285 766 3337 35.
784 3276 846 3331 Ain·
862 3281 922 3346 21⁴2)
940 3279 974 3331 Τί
995 3277 1061 3341 δαίς
1088 3277 1120 3327 V.
1137 3273 1193 3325 Ad-

174 3347 310 3398 verborum
317 3346 420 3416 opifex)
431 3348 462 3397 de
471 3349 525 3398 rin.
533 3350 576 3397 ΙΙΙ.
584 3354 609 3407 2,
618 3353 642 3404 5.
676 3357 767 3398 notatu
782 3347 808 3397 in
822 3340 907 3409 I.17,
921 3351 962 3405 39.

122 3421 195 3465 Zeno
214 3445 247 3453 -
263 3432 316 3466 non
338 3427 393 3464 tam
414 3433 501 3465 rerum
520 3417 644 3464 inventor
726 3417 770 3465 An
795 3432 843 3483 ego
865 3416 973 3483 possim)
998 3415 1109 3463 Graece:
1138 3403 1193 3458 Καὶ

115 3482 188 3553 j'uit,
198 3501 275 3552 quam
287 3481 562 3542 verborumnovorum,
576 3476 644 3531 mul-v
678 3479 772 3548 ἀληθῆ
787 3499 815 3547 γε
833 3479 901 3548 loo?
917 3479 952 3534 ου’
971 3479 1024 3546 γὰρ
1044 3475 1109 3532 οἶδα
1130 3492 1195 3527 παν

123 3553 209 3617 tisqne
223 3550 278 3601 aliis
296 3549 358 3600 locis
374 3549 462 3601 Cicero
478 3551 527 3600 hoc
536 3548 645 3599 Zenonis
678 3551 755 3608 δείας
774 3547 863 3613 ὅπως,Ι
875 3547 926 3616 ἔχει
941 3547 986 3608 nul
1005 3542 1195 3607 δικαιοσύνης.

125 3618 239 3668 novandi
254 3617 364 3668 studium
380 3619 500 3683 exagitat.
728 3617 808 3666 sitam
831 3618 913 3666 vitam
937 3614 1059 3680 beatam)
1083 3615 1121 3662 De
1144 3610 1195 3659 hoc
1219 3640 1222 3647 .

177 3685 264 3750 huius)
282 3686 344 3734 Post
359 3685 499 3752 particulas
516 3683 645 3734 concessi·
678 3685 856 3750 παρηχήματι
866 3702 897 3734 n.
917 3684 1047 3734 Adnotata
1063 3680 1200 3738 iu1V.17.-

125 3773 178 3813 vas,
197 3763 225 3802 ut
240 3753 298 3809 etsi,
311 3769 472 3819 quaratquam,
487 3769 571 3820 quaem,
583 3751 646 3800 sub·
678 3757 719 3808 38.
742 3760 768 3799 et
783 3769 846 3818 qnae
859 3752 973 3818 exempla
987 3749 1115 3801 cumulate
1132 3764 1195 3812 sup-

124 3821 186 3871 inde
200 3820 328 3870 omittitur
342 3832 437 3869 tomen.
455 3820 592 3870 deamat.
602 3823 645 3878 22.
678 3818 779 3886 peditat
793 3818 876 3870 Bremi
891 3819 923 3869 ad
936 3819 991 3868 Fin.
1005 3819 1035 3867 ΙΙ.
1052 3823 1076 3872 5.
1092 3833 1118 3882 p.
1135 3816 1195 3871 121.

124 3896 168 3946 75.
193 3887 364 3950 Qrtatnvisf-
389 3885 573 3938 Themistocles
591 3886 649 3935 iuro
702 3895 704 3900 '
727 3890 769 3942 36.
791 3887 820 3934 in
833 3887 989 3955 Epitaphiot
1004 3886 1197 3934 seuMenexeno

125 3954 295 4005 laudetur-t
318 3970 370 4003 non
392 3954 473 4003 minus
489 3952 646 4022 praeclarum
675 3952 800 4002 Platonis.
815 3954 846 4002 T.
865 3955 895 4004 V.
923 3989 936 4019 ,2
951 3959 1010 4011 302·
1028 3951 1083 4018 Bip.
1100 3951 1197 3998 Graeca

125 4021 387 4074 hoc-iudicandum
402 4032 450 4071 est.
463 4022 495 4070 V.
506 4020 647 4070 Ramshorn
679 4019 716 4069 sic
730 4036 757 4069 se
772 4020 880 4071 habent:
917 4038 954 4090 ep
976 4018 1029 4086 γὰρ
1053 4016 1135 4084 ἀνδρὶ
1158 4013 1197 4072 εἰς

129 4096 188 4141 Lat.
206 4091 321 4138 Gramm.
336 4092 359 4159 1.
376 4096 434 4148 205.
448 4106 474 4155 p.
494 4093 551 4146 590.
681 4085 782 4140 ἑαυτὸν
797 4086 947 4155 ἀνήρτηται
958 4086 1054 4139 ’πάντα
1073 4084 1108 4136 τὰ
1128 4083 1198 4144 πρὸς

179 4159 208 4208 in
224 4159 340 4228 Gorgia)
367 4158 398 4207 Τ.
420 4157 463 4206 IV.
481 4153 514 4224 p.
539 4160 582 4214 53.
605 4153 647 4205 ad.
681 4152 863 4221 εὐδαιμονίαν
878 4151 1101 4222 φέρονται’-καὶ
1117 4169 1154 4213 μη
1171 4145 1200 4199 ἓν

130 4225 184 4294 oip.
202 4228 224 4295 1.
242 4229 323 4293 531).
339 4224 401 4285 470.
419 4225 449 4275 D.
469 4226 497 4274 Ε.
596 4219 776 4284 ..atton
792 4222 962 4288 ἀνθρώποις,
980 4214 1199 4288 ἐξῶνῆεὖῆκα·
1298 4256 1302 4266 .
