2640 4626
187 186 252 255 260
434 192 717 247 rusconsoanon
732 191 1014 245 normanorum

191 314 362 415 equidem:
397 311 458 386 sed
478 311 606 384 intento
632 337 717 410 opus
742 325 792 383 est
818 309 947 398 animo,
972 336 1014 382 ne
1041 305 1155 381 omnia
1183 304 1264 378 dila-

190 418 328 504 bantur,
348 413 384 487 si
405 443 508 487 unum
519 413 659 512 aliquod
674 411 835 510 effugerit.

294 516 484 615 Quoniam,
510 544 594 616 quae
615 513 734 589 Graeci
752 513 841 612 asota
854 529 991 600 vocant,
1015 508 1117 585 nobis
1137 524 1263 610 pertur-

190 620 343 694 bationes
365 617 526 720 appellari
541 614 647 716 magis
664 615 773 718 placet
789 643 888 715 quam
903 615 1058 702 morbos3
1086 613 1121 684 in
1140 611 1197 684 his
1215 638 1264 683 er-

189 722 356 824 plicandis
389 737 530 795 veterem
564 718 655 792 illam
685 717 838 818 equidem
868 717 1078 836 Pythagopae
1109 714 1264 830 primunr,

75 890 82 907 ,
190 823 313 901 deinde
345 822 494 897 Platonis
530 820 789 921 descriptionem
824 848 951 919 sequar.
976 847 1035 919 qur
1059 816 1213 893 animum
1233 843 1265 887 1n

191 927 275 1001 duas
294 926 399 1026 partis
415 925 585 1011 dividunt;
611 923 745 998 alteram
759 922 898 996 rationis
915 921 1120 1022 participem.
1130 917 1265 1005 faciunt,

131 1042 133 1047 '
191 1028 327 1103 alteram
344 1045 527 1128 expertem:
552 1026 587 1100 in
603 1024 765 1128 participe
779 1025 920 1097 rationis
938 1039 1068 1125 ponunt
1080 1019 1266 1120 tranquilli-

190 1146 312 1218 tatem,
337 1128 374 1202 id
399 1147 448 1202 est
470 1128 636 1230 placidam
653 1128 868 1228 quietamque
891 1124 1128 1213 constantiam
1156 1123 1195 1196 in
1215 1121 1266 1195 illa

191 1232 293 1309 altera
320 1248 432 1305 motus
446 1231 599 1304 turbidos
615 1246 686 1303 torn
701 1230 789 1318 irae,
813 1246 883 1303 tum
899 1226 1111 1330 cupiditatis,
1136 1241 1267 1299 contra·

189 1335 261 1409 rios
289 1333 509 1434 inimicosque
529 1333 660 1407 rationi.
713 1340 770 1413 11.
795 1331 847 1423 Sit
869 1331 971 1430 igitur
993 1329 1049 1404 bic
1072 1329 1177 1404 fonsz'
1198 1344 1266 1400 uta·

190 1465 266 1510 mur
288 1452 419 1525 tamen,
444 1437 479 1508 in
502 1434 556 1508 his
580 1434 884 1535 perturbationibus
902 1430 1154 1519 describendis,
1181 1428 1266 1503 Stoi·

192 1567 307 1613 corum
333 1537 583 1612 definitionibus
610 1554 642 1612 et
659 1535 913 1637 partitionibus;
939 1535 997 1636 qui
1010 1533 1094 1608 mihi
1112 1533 1266 1606 ridentur

191 1641 227 1715 in
243 1640 307 1714 hac
346 1638 515 1713 uaestione
531 1639 655 1713 versari
676 1638 873 1713 acutissime.
948 1680 952 1687 1

293 1668 350 1813 Vi
373 1740 434 1839 Est
458 1740 560 1838 igitur
576 1741 721 1814 Zenonis
737 1740 819 1815 haec
837 1739 1004 1827 definitio,
1029 1755 1066 1810 ut
1078 1737 1267 1836 perturba

191 1845 241 1915 tio
264 1842 325 1931 sit,
343 1841 442 1942 quod
456 1843 557 1933 πάθος
572 1841 625 1916 ille
641 1842 741 1931 dicit,
766 1871 878 1917 aversa
893 1872 912 1916 a
927 1859 1016 1916 recta
1031 1841 1174 1927 ratione,
1189 1866 1268 1912 con-

191 1961 241 2017 tra
262 1961 431 2032 naturam,
457 1942 558 2023 aniani
583 1946 770 2018 commotio.
802 1944 939 2046 quidam
960 1943 1108 2029 brevius,
1136 1957 1268 2043 pertur-

191 2046 361 2120 bationem
383 2073 454 2120 esse
485 2046 668 2146 appetitum
690 2046 984 2134 vehementiorem
1011 2044 1071 2119 sed
1090 2044 1268 2118 vehemen-

192 2149 312 2224 tiorem
326 2176 403 2222 eum
416 2146 531 2221 volunt
548 2175 638 2238 esse,
663 2149 720 2249 qui
736 2149 870 2247 longius
889 2146 1079 2224 discesserit
1095 2174 1113 2219 a
1130 2162 1267 2219 naturae

243 2371 285 2426 10.
306 2365 474 2436 dilabantur)
501 2369 565 2427 Cato
581 2385 597 2420 a
614 2368 649 2419 ud
665 2369 710 2420 (li-
743 2369 877 2439 putatione
889 2368 956 2420 redit
978 2368 1011 2420 ad
1027 2366 1175 2419 Stoicorum
1189 2365 1266 2417 disci

192 2451 277 2486 ceron.
293 2434 326 2485 de
338 2436 393 2486 Fin.
409 2436 451 2487 III.
465 2441 514 2500 22,
533 2436 575 2494 74.
593 2387 711 2505 discipli·
743 2436 849 2511 plinam.

191 2519 250 2554 nam
263 2502 376 2553 Stoicam
392 2502 428 2552 sic
444 2503 593 2570 praedicans
609 2503 712 2554 induci·
796 2505 854 2554 Car.
870 2505 913 2556 vt.
935 2507 976 2563 11.
1001 2503 1115 2554 Zenonis
1132 2500 1257 2568 definitio

192 2580 248 2621 tur:
272 2569 434 2620 Admirabilis
456 2571 608 2638 compositio
631 2571 713 2621 disci·
744 2571 820 2638 Diog.
844 2574 931 2623 Laert.
955 2573 1017 2636 vn,
1042 2575 1099 2630 110·
1131 2568 1216 2624 Ἐστι
1238 2569 1254 2623 d

192 2637 294 2706 plinae,
312 2636 516 2704 incredibilisque
533 2656 616 2687 rerum
632 2639 712 2688 traxit
746 2636 816 2692 oded
839 2637 871 2692 cd
895 2637 989 2699 πάθος
1010 2638 1083 2692 κατὰ
1107 2636 1229 2706 Ζήνωνα
1250 2633 1266 2702 ἡ

193 2704 267 2755 ordo.
290 2731 323 2742 -
358 2703 425 2766 Quid
451 2720 505 2754 non
529 2705 566 2754 sic
591 2704 661 2755 aliud
682 2722 714 2754 ex
747 2704 845 2773 ἄλογος
861 2706 908 2760 καὶ
924 2704 1001 2771 παρὰ
1017 2704 1103 2773 φύσιν
1117 2706 1215 2773 ψυχῆς
1229 2702 1266 2757 al·

193 2770 245 2822 alio
260 2770 386 2833 nectitur,
404 2780 516 2834 utnon,
539 2771 561 2821 si
574 2771 651 2823 ullatn
665 2773 714 2823 lit·
746 2788 839 2840 νησις,
871 2770 890 2842 ἢ
913 2771 984 2842 ὁρμὴ
1008 2771 1213 2837 πλεονάζουσα.
1236 2797 1266 2810 -

193 2847 275 2888 teram
291 2838 415 2899 moveris,
434 2836 524 2889 labent
538 2838 642 2889 omnia?
666 2858 714 2889 nec
748 2841 863 2890 Ceterum
878 2851 938 2908 post
954 2840 1031 2890 verba
1054 2840 1123 2890 doec
1143 2837 1265 2906 dffnr‘tt'o

194 2914 280 2955 tamen
297 2905 430 2973 quicquam
451 2915 505 2968 est,
531 2906 600 2973 quod
617 2907 714 2959 moveri
746 2918 816 2958 recte
838 2908 952 2975 sequitur
972 2920 1015 2970 ut,
1032 2924 1092 2958 ‘non
1108 2907 1266 2959 accusativos

194 2973 283 3039 possit.
747 2992 769 3025 c.
785 2974 848 3039 inl,
865 2975 925 3041 quia
938 2974 1003 3025 haec
1019 2977 1179 3039 constructio
1193 2973 1265 3025 adhi-

746 3041 828 3105 betur,
847 3059 922 3109 quom
937 3041 1034 3109 aliquid
1047 3058 1102 3092 esse
1116 3043 1163 3093 vel
1174 3043 1265 3093 factum

244 3104 596 3223 Pythagorae-Platonis
609 3109 714 3160 deseri·
747 3126 801 3159 esse
815 3110 1005 3176 pronunciatur,
1024 3109 1174 3161 coniunctio
1183 3121 1265 3161 autem

191 3172 317 3243 ptionem)
357 3173 374 3224 f.
391 3173 521 3226 Adnotatu
536 3175 596 3225 inl.
613 3181 652 3239 10,
669 3183 712 3235 20.
747 3189 776 3226 ut
787 3176 899 3244 ponitur,
918 3193 993 3244 quum
1007 3177 1062 3246 quis
1076 3175 1195 3228 indicare
1205 3176 1269 3238 vult,

194 3248 224 3291 ot
242 3242 275 3290 11.
292 3244 341 3303 21,
361 3241 403 3299 47.
438 3240 519 3291 Stolci
540 3252 630 3294 contra
651 3261 713 3311 per-
745 3243 932 3310 ramaliquam
958 3255 1028 3295 certo
1051 3243 1171 3295 >nodam
1191 3243 1264 3295 modo

194 3306 353 3359 turbationes
382 3307 545 3359 collocabant
569 3309 597 3359 in
625 3310 712 3361 eadent
745 3310 908 3377 cogitandam
930 3328 992 3362 esse.
1034 3261 1073 3361 Gi.
1095 3328 1160 3362 mox
1199 3311 1263 3369 .1l·

195 3376 270 3439 sede,
304 3375 345 3427 cui
376 3375 502 3427 rationem
534 3375 709 3443 adsignabant.
745 3378 813 3428 Hinc
836 3378 929 3428 dicitnr
949 3379 990 3430 sie
1010 3377 1052 3429 vel
1073 3379 1116 3429 ita
1142 3380 1178 3430 de
1195 3379 1264 3440 'nita

195 3442 323 3494 Plutarch.
343 3443 434 3495 Placit.
457 3445 501 3495 tv.
519 3461 541 3494 c.
556 3449 598 3503 21.
633 3444 723 3495 Stoici
746 3457 783 3496 nt.
820 3446 858 3496 Cf.
874 3445 941 3497 infra
956 3464 979 3497 c.
995 3449 1044 3508 21,
1059 3447 1106 3504 47.
1133 3464 1157 3498 c.
1173 3450 1206 3510 9,
1222 3452 1263 3504 20·

195 3509 286 3562 dieunt
306 3507 379 3566 εἶναι
394 3512 444 3580 τῆς
460 3511 551 3579 ψυχῆς
569 3509 713 3566 ἀνώτατον
746 3514 794 3564 hoc
806 3513 882 3563 modo
895 3513 1054 3576 describunt,
1066 3525 1110 3564 att.
1131 3532 1155 3566 c.
1167 3519 1209 3575 11,
1223 3519 1262 3572 27.

195 3576 292 3644 μέρος,
309 3576 341 3633 ed
359 3577 525 3647 ἡγεμονικὸν
530 3616 539 3665 τ
562 3580 595 3633 τὸ
610 3581 712 3634 ποιοῦν
746 3580 918 3631 offensionum
928 3581 1100 3647 definitiones
1113 3593 1180 3632 eunt
1192 3582 1263 3632 eiua-

195 3642 246 3704 ede
266 3647 421 3712 φαντασίας
436 3645 485 3700 καὶ
506 3665 558 3708 τας
577 3662 711 3713 συγκατα·
745 3649 832 3711 modi,
849 3660 884 3698 ot.
914 3648 982 3698 nlibt
996 3648 1079 3699 solum
1092 3650 1263 3700 accusativum

195 3709 288 3771 θέσεις
303 3712 351 3765 καὶ
370 3711 474 3780 ὁρμάς·
498 3712 546 3768 καὶ
565 3716 648 3769 τοῦτο
666 3717 709 3769 lo·
744 3716 833 3766 Cicero
884 3715 954 3779 onit,
993 3715 1032 3767 uti
1064 3716 1134 3767 infra
1157 3721 1190 3779 8,
1224 3719 1261 3775 18

195 3776 294 3855 γραμὸν
307 3781 447 3857 καλοῦσιν.
479 3781 554 3832 Plura
566 3782 644 3832 affert
656 3784 712 3833 Da·
745 3799 776 3834 aa
793 3734 883 3833 sicnb
906 3785 997 3834 niune:
1040 3783 1184 3854 igritiam,
1209 3800 1262 3835 ναι·-

197 3860 280 3893 vtsrns.
308 3845 396 3898 Cicero
411 3846 489 3912 igitur
500 3848 672 3916 Pythagoram
686 3859 713 3900 et
744 3862 799 3900 tum
813 3852 995 3920 consequentis
1018 3851 1110 3902 eboris
1122 3861 1186 3902 cett.
1216 3848 1262 3902 Vel

196 3910 368 3963 Platonemin
382 3930 413 3963 eo
427 3912 553 3979 sequitur,
571 3916 640 3983 qnod
654 3917 712 3968 ani·
745 3918 821 3968 ctiam
843 3918 935 3969 dicunt
958 3937 980 3969 c.
1001 3919 1047 3970 inl.
1073 3920 1203 3986 sequitur,
1225 3914 1260 3967 uti

196 3994 265 4028 mum
294 3978 323 4028 in
352 3978 414 4029 duas
437 3990 523 4046 partes
549 3982 712 4034 dividendum
743 3984 812 4035 infra
838 4002 860 4035 c.
875 3990 903 4043 8.
922 3986 1002 4053 princ.
1044 3987 1118 4036 Haec
1141 3985 1260 4037 deliniunt

197 4054 292 4109 censet,
307 4045 414 4096 alteram
430 4047 537 4097 rationis
552 4051 711 4119 participem,
729 4051 794 4103 ,hoc
814 4052 900 4103 modo.
933 4054 1118 4104 Invidentiam
1140 4071 1200 4106 esse
1217 4051 1259 4101 di-

179 4113 303 4165 ·alteram
323 4124 464 4183 expertem:
492 4113 519 4164 in
536 4133 585 4182 qna
601 4119 711 4170 existant
744 4132 806 4170 cunt
821 4139 854 4170 oe
873 4121 1018 4174 titudinem
1031 4131 1094 4172 cett.
1119 4122 1163 4176 ·V·
1180 4118 1257 4171 Ocht-

191 4181 414 4249 perturbationes:
432 4180 459 4232 in
473 4181 571 4253 reliqua
586 4186 710 4237 verodis-
743 4204 796 4238 ner.
813 4187 831 4238 l.
865 4224 871 4239 .
889 4207 915 4257 p.
929 4193 972 4249 79.
