2640 4626
17 142 59 256 ’ἶ
79 228 89 241 -.
103 144 195 275 218*
353 185 638 249 ruscunauanuu
653 184 936 241 nnrurunoumr

1 314 14 329 ’“
110 334 270 394 maerore,
291 333 393 405 quum
410 301 587 402 intelligas,
611 302 698 377 nibil
713 330 814 404 posse
828 304 957 405 profici.
983 331 1064 389 nam
1072 302 1186 378 Clean·
1232 230 1235 401 l

33 398 36 407 ¹
108 410 184 485 tbes
212 409 348 509 quidem
364 406 548 507 sapientem
565 405 773 495 consolatur,
798 407 855 506 qui
874 406 1104 481 consolatione
1119 401 1186 479 non
1230 412 1235 453 ³

113 528 195 612 eget.
230 508 315 584 nibil
341 510 429 583 enirn
453 537 525 584 esse
552 507 696 597 malum,
728 511 820 608 quod
849 526 947 611 turpe
966 538 1038 583 non
1066 509 1128 597 sit,
1160 509 1187 582 si

58 622 79 637 ''
113 613 238 713 lugenti
264 611 488 714 persuaseris;
520 640 589 684 non
614 628 651 683 tu
676 610 723 684 illi
751 610 896 697 luctum,
929 612 990 686 sed
1016 610 1187 685 stultitiam

114 716 312 793 detraxeris:
339 715 481 788 alienum
498 730 606 786 autem
622 731 753 814 tempus
769 714 921 788 docendi.
941 731 1108 802 ettamen
1122 743 1187 786 non
1233 760 1235 779 ι

115 818 195 892 satis
208 819 293 892 mibi
308 817 438 892 videtur
452 816 575 889 vidisse
589 813 654 889 hoc
665 816 850 905 Cleanthes,
866 817 1001 918 suscipi
1009 816 1186 917 aliquando
1232 820 1235 903 ἶ

116 921 356 1020 aegritudinem
382 947 482 1020 posse
508 948 547 992 ex
564 946 603 992 eo
620 918 713 1019 ipso,
740 921 832 1018 quod
847 948 919 994 esse
936 947 1105 994 summum
1123 948 1186 993 ma-

114 1022 183 1098 lum
201 1022 375 1098 Cleanthes
391 1022 463 1123 ipse
477 1020 624 1095 fateatur.

219 1141 313 1238 Quid
336 1141 424 1215 enim
445 1141 614 1227 dicemus,
639 1168 740 1240 quum
760 1141 913 1215 Socrates
930 1140 1104 1215 Alcibiadi
1117 1169 1188 1242 per-

117 1234 290 1331 suasisset,
322 1261 358 1316 ut
391 1244 598 1343 accepimus,
623 1270 698 1316 eum
730 1242 814 1316 nihil
840 1243 988 1317 bominis
1011 1240 1107 1333 esse,
1132 1273 1188 1318 nec

83 1362 92 1379 ³
118 1346 299 1447 quidquam
332 1347 432 1418 inter
454 1344 681 1435 Alcibiadem,
714 1373 844 1421 summo
865 1345 952 1419 'loco
987 1363 1130 1433 natum,
1163 1363 1190 1420 et

119 1449 267 1549 quemvis
297 1447 446 1521 baiulum
471 1448 644 1535 interesse;
671 1476 772 1548 quum
789 1475 824 1521 sc
842 1448 1036 1522 Alcibiades
1054 1448 1190 1523 afflicta-

119 1569 186 1641 ret,
219 1549 460 1649 lacrimansque
486 1549 617 1623 Socrati
644 1549 785 1651 supplex
807 1567 912 1637 esset,
935 1566 973 1622 ut
996 1550 1064 1625 sibi
1091 1551 1192 1625 virtu·

118 1670 185 1729 tem
209 1653 370 1739 traderet,
390 1651 696 1752 turpitudinemque
723 1650 917 1753 depelleret:
943 1652 1026 1752 quid
1043 1653 1192 1728 dicemus

121 1755 300 1847 Cleanthe?
325 1782 407 1827 num
436 1753 472 1825 in
495 1753 551 1827 illa
576 1783 631 1842 re,
657 1782 741 1856 quae
758 1755 963 1854 aegritudine
980 1754 1193 1832 Alcibiadem

121 1856 303 1944 afficiebat,
328 1855 405 1929 mali
420 1856 505 1929 nibil
522 1856 648 1930 fuisse?
1205 1943 1208 1949 ¹

221 1981 279 2057 78.
303 1974 422 2071 Quid?
447 1974 503 2048 illa
520 1975 667 2078 Lyconis
684 1975 794 2076 qualia
810 1977 912 2050 sunt?
938 1975 1049 2076 quiae
1094 1977 1195 2051 itudi-

120 2105 196 2177 nem
223 2094 420 2165 extenuans,
444 2076 556 2177 parvis
582 2078 722 2151 niteam
747 2077 848 2152 rebus
872 2078 1015 2167 moveri',
1055 2097 1195 2154 ortunae

124 2195 156 2252 et
186 2179 338 2279 corporis
360 2179 599 2268 incommodis,
625 2208 693 2254 non
718 2181 821 2253 animi
843 2180 948 2254 malis.
982 2181 1067 2281 quid
1093 2183 1196 2281 crgo?

122 2281 221 2368 illud,
247 2281 339 2381 quod
355 2281 548 2356 Alcibiades
570 2282 721 2371 dolebat,
746 2312 815 2356 uon
845 2311 883 2357 cx
908 2282 1011 2363 animi
1032 2284 1133 2358 malis
1150 2284 1196 2357 vi·

123 2383 249 2558 tiisqude
278 2385 472 2458 constabat?
496 2384 553 2458 Ad
584 2385 724 2485 Epicuri
750 2385 1009 2459 consolationem
1034 2387 1118 2461 satis
1149 2403 1196 2461 est

122 2503 195 2560 ante
242 2503 350 2561 ictum.
1135 2504 1152 2513 ''

223 2605 383 2677 XXXIII.
434 2613 491 2686 79.
523 2606 573 2678 Ne
597 2604 654 2677 illa
677 2605 812 2706 quidem
832 2604 1021 2678 firmissima
1045 2607 1198 2681 consola·

124 2707 201 2778 tio⁵
226 2723 293 2794 est,
328 2734 526 2806 quamquam
561 2723 594 2779 et
614 2706 734 2780 usitata
760 2724 824 2797 est,
858 2725 890 2781 et
918 2735 1017 2807 saepe
1040 2709 1198 2826 prodest:

125 2836 196 2881 non
217 2811 285 2881 tibi
302 2807 368 2881 boc
391 2809 467 2881 soli.
517 2809 658 2883 Prodest
681 2810 762 2884 baec
784 2810 938 2911 quidem,
962 2826 998 2882 ut
1021 2810 1114 2900 drxi,
1140 2812 1198 2886 sed

124 2939 185 2984 nec
203 2939 343 3011 semper,
368 2939 430 2984 nec
447 2910 610 2984 omnibus
638 2928 715 2984 sunt
731 2913 837 3000 enim,
862 2913 919 3012 qui
932 2930 1112 3011 respuant:
1140 2915 1199 2988 sed

26 3000 33 3014 ⁸
124 3012 241 3101 refert,
274 3041 341 3113 quo
375 3013 476 3086 modo
505 3014 708 3089 adhibeatur.
739 3032 777 3087 ut
804 3014 891 3089 enim
918 3013 1029 3089 tulerit
1054 3017 1199 3119 quisque

191 3203 208 3256 5
223 3198 265 3248 Sic
279 3199 310 3248 ll.
327 3199 353 3248 b.
371 3199 422 3249 PD.
440 3227 473 3239 -
491 3201 550 3250 Ern.
569 3220 591 3252 c.
609 3201 678 3268 vulg.
695 3216 765 3252 cone.
775 3199 855 3270 firm.

176 3315 272 3383 tertia)
295 3316 317 3366 E
333 3315 502 3384 superioribus
519 3317 644 3387 supplen-
676 3318 735 3371 dem
753 3319 856 3383 ferunt,
883 3318 1009 3370 simodo
1026 3319 1134 3373 nominc
1150 3320 1199 3371 ho-

127 3382 187 3434 dum
203 3383 373 3449 eatadocare.
676 3386 750 3436 minis
766 3386 887 3439 memoria
902 3404 954 3438 non
969 3386 1052 3450 fauit,
1080 3406 1139 3439 cum
1153 3387 1199 3439 sibi

176 3452 323 3520 sapientem
346 3451 511 3519 consolatur)
543 3451 642 3503 dicens:
675 3454 765 3505 beatus
780 3454 922 3517 videretur,
939 3457 1047 3506 socrate
1062 3455 1199 3525 diapntan·

127 3518 201 3570 nihil
214 3519 310 3571 malum
326 3539 398 3584 ease,
415 3521 484 3590 quod
500 3532 577 3590 turpe
592 3537 644 3572 non
677 3530 713 3584 te,
735 3533 762 3573 et
779 3521 818 3582 ei,
836 3538 911 3589 quam
926 3521 1001 3573 misor
1019 3533 1098 3587 emet,
1116 3539 1198 3592 quom«

128 3587 178 3636 sr't:
195 3605 259 3654 qnae
272 3606 332 3638 vero
344 3588 470 3640 medicina
482 3588 530 3638 soli
541 3588 644 3656 sapien·
672 3588 727 3642 inm
756 3589 848 3641 attdtua
877 3598 958 3654 esset,
996 3588 1198 3652 demonstrante,

127 3652 164 3716 ti,
183 3655 225 3721 qui
240 3656 416 3707 consolatione
432 3673 485 3706 non
500 3667 573 3724 eget,
598 3674 644 3708 ao-
676 3656 782 3709 derben.

128 3722 288 3773 commodata
303 3741 357 3775 esse
371 3722 462 3791 possit.
1151 3768 1154 3773 .

179 3807 211 3839 ex
226 3807 256 3839 eo
271 3791 343 3859 ipso)
368 3791 427 3842 Scit.
446 3807 478 3840 ex
494 3789 570 3841 animi
585 3801 643 3841 tur·
726 3791 934 3843 nihilhominus
952 3792 1023 3860 ease)
1046 3793 1157 3846 Gravius
1173 3800 1197 3842 ct

129 3854 251 3921 pitudino.
286 3860 353 3924 Ergo
366 3857 388 3906 oi
402 3857 456 3920 cui,
474 3858 517 3925 qui
530 3858 645 3925 aegritu-
677 3857 804 3909 efficacius
826 3877 887 3938 pro:
912 3858 978 3910 nibil
1000 3859 1029 3912 in
1051 3877 1086 3913 eo
1108 3861 1195 3926 inesse,

128 3920 213 3972 dinem
238 3923 349 3991 arrsoepit
374 3941 405 3974 ex
430 3924 507 3974 animi
532 3935 559 3976 tu
591 3926 645 3976 itu·
694 3926 746 3977 uod
770 3924 888 3990 homme,
923 3926 1004 3995 qualia
1031 3926 1114 3980 debet
1137 3943 1195 3988 esee,

129 3988 202 4051 dine,
228 3989 356 4041 Cleanthis
381 3991 529 4043 medicinam
554 4012 569 4044 a
612 4011 645 4044 o·
677 3942 783 4060 dignum
800 4005 874 4045 emet.
908 3996 994 4046 Homo
1017 3994 1081 4049 κατ’
1103 3993 1196 4063 ἐξοχὴ*

129 4074 188 4108 vere
204 4058 287 4118 voles,
305 4057 370 4108 nihil
384 4059 509 4126 proficies.
677 4060 785 4123 dicitur,
818 4060 862 4129 qui
891 4062 1032 4129 sapientiae
1056 4059 1194 4131 praeceptis

178 4143 256 4204 quum
272 4127 394 4176 Socrates
409 4127 548 4179 Alcibiadi
589 4131 645 4179 An·
677 4128 787 4178 imbutus
813 4139 861 4180 eat.
905 4130 943 4180 CI.
966 4131 1089 4184 Schuetz·
1114 4128 1194 4182 Lexic·

117 4203 216 4258 gnatrn.
244 4194 273 4248 G.
288 4194 320 4247 D.
337 4194 409 4249 XIV.
434 4199 497 4256 nssss
565 4194 647 4248 cibia—
680 4195 799 4249 ciceron.
812 4214 833 4247 s.
848 4212 872 4246 r.
890 4195 972 4249 honio.
