<?xml version="1.0" encoding="UTF-8"?>
<!DOCTYPE html PUBLIC "-//W3C//DTD XHTML 1.0 Transitional//EN"
    "http://www.w3.org/TR/xhtml1/DTD/xhtml1-transitional.dtd">
<html xmlns="http://www.w3.org/1999/xhtml" xml:lang="en" lang="en">
 <head>
  <title>
</title>
<meta http-equiv="Content-Type" content="text/html;charset=utf-8" />
  <meta name='ocr-system' content='tesseract 3.04.00' />
  <meta name='ocr-capabilities' content='ocr_page ocr_carea ocr_par ocr_line ocrx_word'/>
</head>
<body>
  <div class='ocr_page' id='page_1' title='image "./mtulliiciceroni18cicegoog_0245.png"; bbox 0 0 2640 4626; ppageno 0'>
   <div class='ocr_carea' id='block_1_1' title="bbox 204 228 1030 300">
    <p class='ocr_par' dir='ltr' id='par_1_1' title="bbox 204 228 1030 300">
     <span class='ocr_line' id='line_1_1' title="bbox 204 228 1030 300; baseline -0.01 0"><span class='ocrx_word' id='word_1_1' title='bbox 204 228 304 300; x_wconf 72' lang='lat'><strong>224-</strong></span> <span class='ocrx_word' id='word_1_2' title='bbox 451 243 734 294; x_wconf 74' lang='lat' dir='ltr'><strong>nuscunmmnn</strong></span> <span class='ocrx_word' id='word_1_3' title='bbox 748 241 1030 294; x_wconf 75' lang='lat' dir='ltr'><strong>nrsnurarronuu</strong></span> 
     </span>
    </p>
   </div>
   <div class='ocr_carea' id='block_1_2' title="bbox 198 357 1279 1890">
    <p class='ocr_par' dir='ltr' id='par_1_2' title="bbox 204 357 1279 1482">
     <span class='ocr_line' id='line_1_2' title="bbox 205 357 1277 448; baseline -0.003 -14"><span class='ocrx_word' id='word_1_4' title='bbox 205 362 399 447; x_wconf 82' lang='lat' dir='ltr'><strong>Athonis7,</strong></span> <span class='ocrx_word' id='word_1_5' title='bbox 426 387 525 433; x_wconf 83' lang='lat' dir='ltr'>senex</span> <span class='ocrx_word' id='word_1_6' title='bbox 544 363 655 448; x_wconf 90' lang='lat' dir='ltr'>Zeno,</span> <span class='ocrx_word' id='word_1_7' title='bbox 681 361 821 433; x_wconf 89' lang='lat' dir='ltr'><strong>istorum</strong></span> <span class='ocrx_word' id='word_1_8' title='bbox 847 359 1075 447; x_wconf 80' lang='lat' dir='ltr'><strong>acutissimus,</strong></span> <span class='ocrx_word' id='word_1_9' title='bbox 1101 357 1277 433; x_wconf 74' lang='lat' dir='ltr'><strong>contende</strong></span> 
     </span>
     <span class='ocr_line' id='line_1_3' title="bbox 204 460 1278 561; baseline -0.005 -25"><span class='ocrx_word' id='word_1_10' title='bbox 204 491 261 551; x_wconf 90' lang='lat' dir='ltr'><strong>re,</strong></span> <span class='ocrx_word' id='word_1_11' title='bbox 287 480 320 535; x_wconf 87' lang='lat' dir='ltr'><strong>et</strong></span> <span class='ocrx_word' id='word_1_12' title='bbox 335 491 455 559; x_wconf 83' lang='lat' dir='ltr'><strong>magna</strong></span> <span class='ocrx_word' id='word_1_13' title='bbox 473 491 552 535; x_wconf 88' lang='lat' dir='ltr'><strong>voce</strong></span> <span class='ocrx_word' id='word_1_14' title='bbox 569 463 679 535; x_wconf 83' lang='lat' dir='ltr'><strong>dicere</strong></span> <span class='ocrx_word' id='word_1_15' title='bbox 695 461 837 535; x_wconf 80' lang='lat' dir='ltr'>solebat:</span> <span class='ocrx_word' id='word_1_16' title='bbox 864 490 938 534; x_wconf 83' lang='lat' dir='ltr'><strong>eunt</strong></span> <span class='ocrx_word' id='word_1_17' title='bbox 964 489 1037 536; x_wconf 85' lang='lat' dir='ltr'><strong>esse</strong></span> <span class='ocrx_word' id='word_1_18' title='bbox 1052 461 1200 549; x_wconf 89' lang='lat' dir='ltr'><strong>beatum,</strong></span> <span class='ocrx_word' id='word_1_19' title='bbox 1224 460 1278 561; x_wconf 86' lang='lat' dir='ltr'><strong>qui</strong></span> 
     </span>
     <span class='ocr_line' id='line_1_4' title="bbox 207 562 1279 665; baseline 0 -29"><span class='ocrx_word' id='word_1_20' title='bbox 207 565 439 665; x_wconf 77' lang='lat' dir='ltr'><strong>praesentibus</strong></span> <span class='ocrx_word' id='word_1_21' title='bbox 482 565 707 664; x_wconf 87' lang='lat' dir='ltr'><strong>voluptatibus</strong></span> <span class='ocrx_word' id='word_1_22' title='bbox 746 564 929 651; x_wconf 82' lang='lat' dir='ltr'><strong>frueretur,</strong></span> <span class='ocrx_word' id='word_1_23' title='bbox 965 562 1213 662; x_wconf 82' lang='lat' dir='ltr'><strong>confideretque</strong></span> <span class='ocrx_word' id='word_1_24' title='bbox 1247 589 1279 636; x_wconf 88' lang='lat' dir='ltr'><strong>se</strong></span> 
     </span>
     <span class='ocr_line' id='line_1_5' title="bbox 205 664 1279 769; baseline 0 -31"><span class='ocrx_word' id='word_1_25' title='bbox 205 666 382 738; x_wconf 73' lang='lat' dir='ltr'><strong>{initurum</strong></span> <span class='ocrx_word' id='word_1_26' title='bbox 407 683 463 739; x_wconf 91' lang='lat' dir='ltr'><strong>aut</strong></span> <span class='ocrx_word' id='word_1_27' title='bbox 481 667 641 753; x_wconf 88' lang='lat' dir='ltr'><strong>inomni,</strong></span> <span class='ocrx_word' id='word_1_28' title='bbox 668 684 725 740; x_wconf 91' lang='lat' dir='ltr'><strong>aut</strong></span> <span class='ocrx_word' id='word_1_29' title='bbox 738 667 774 739; x_wconf 90' lang='lat' dir='ltr'><strong>in</strong></span> <span class='ocrx_word' id='word_1_30' title='bbox 789 695 907 764; x_wconf 82' lang='lat' dir='ltr'><strong>magna</strong></span> <span class='ocrx_word' id='word_1_31' title='bbox 922 683 1017 769; x_wconf 86' lang='lat' dir='ltr'><strong>parte</strong></span> <span class='ocrx_word' id='word_1_32' title='bbox 1036 665 1140 753; x_wconf 88' lang='lat' dir='ltr'><strong>vitae,</strong></span> <span class='ocrx_word' id='word_1_33' title='bbox 1166 664 1279 738; x_wconf 89' lang='lat' dir='ltr'><strong>dolore</strong></span> 
     </span>
     <span class='ocr_line' id='line_1_6' title="bbox 206 768 1279 856; baseline 0.001 -16"><span class='ocrx_word' id='word_1_34' title='bbox 206 797 273 840; x_wconf 93' lang='lat' dir='ltr'><strong>non</strong></span> <span class='ocrx_word' id='word_1_35' title='bbox 297 768 549 843; x_wconf 88' lang='lat' dir='ltr'><strong>interveniente:</strong></span> <span class='ocrx_word' id='word_1_36' title='bbox 575 785 632 841; x_wconf 89' lang='lat' dir='ltr'><strong>ant</strong></span> <span class='ocrx_word' id='word_1_37' title='bbox 656 769 684 842; x_wconf 88' lang='lat' dir='ltr'><strong>si</strong></span> <span class='ocrx_word' id='word_1_38' title='bbox 710 769 937 856; x_wconf 89' lang='lat' dir='ltr'><strong>interveniret,</strong></span> <span class='ocrx_word' id='word_1_39' title='bbox 963 769 993 841; x_wconf 89' lang='lat' dir='ltr'><strong>si</strong></span> <span class='ocrx_word' id='word_1_40' title='bbox 1017 795 1169 841; x_wconf 87' lang='lat' dir='ltr'><strong>summus</strong></span> <span class='ocrx_word' id='word_1_41' title='bbox 1187 768 1279 854; x_wconf 78' lang='lat' dir='ltr'><strong>foret,</strong></span> 
     </span>
     <span class='ocr_line' id='line_1_7' title="bbox 205 869 1279 971; baseline 0 -28"><span class='ocrx_word' id='word_1_42' title='bbox 205 870 353 944; x_wconf 81' lang='lat' dir='ltr'><strong>futurum</strong></span> <span class='ocrx_word' id='word_1_43' title='bbox 375 872 527 958; x_wconf 88' lang='lat' dir='ltr'><strong>brevem;</strong></span> <span class='ocrx_word' id='word_1_44' title='bbox 554 872 636 943; x_wconf 86' lang='lat' dir='ltr'><strong>sin8</strong></span> <span class='ocrx_word' id='word_1_45' title='bbox 666 870 881 971; x_wconf 89' lang='lat' dir='ltr'><strong>productior,</strong></span> <span class='ocrx_word' id='word_1_46' title='bbox 907 870 983 970; x_wconf 93' lang='lat' dir='ltr'><strong>plus</strong></span> <span class='ocrx_word' id='word_1_47' title='bbox 1009 869 1279 943; x_wconf 80' lang='lat' dir='ltr'><strong>habiturumiu-</strong></span> 
     </span>
     <span class='ocr_line' id='line_1_8' title="bbox 207 972 1279 1072; baseline -0.001 -26"><span class='ocrx_word' id='word_1_48' title='bbox 207 973 329 1060; x_wconf 91' lang='lat' dir='ltr'><strong>cundi,</strong></span> <span class='ocrx_word' id='word_1_49' title='bbox 355 1001 454 1072; x_wconf 87' lang='lat' dir='ltr'><strong>quam</strong></span> <span class='ocrx_word' id='word_1_50' title='bbox 479 973 574 1047; x_wconf 89' lang='lat' dir='ltr'><strong>mali:</strong></span> <span class='ocrx_word' id='word_1_51' title='bbox 602 973 682 1047; x_wconf 87' lang='lat' dir='ltr'><strong>haec</strong></span> <span class='ocrx_word' id='word_1_52' title='bbox 703 974 901 1071; x_wconf 80' lang='lat' dir='ltr'><strong>cogitantem</strong></span> <span class='ocrx_word' id='word_1_53' title='bbox 916 972 988 1046; x_wconf 85' lang='lat' dir='ltr'><strong>fore</strong></span> <span class='ocrx_word' id='word_1_54' title='bbox 1005 972 1161 1059; x_wconf 91' lang='lat' dir='ltr'><strong>beatum,</strong></span> <span class='ocrx_word' id='word_1_55' title='bbox 1186 999 1279 1071; x_wconf 84' lang='lat' dir='ltr'><strong>prae·</strong></span> 
     </span>
     <span class='ocr_line' id='line_1_9' title="bbox 205 1076 1278 1176; baseline -0.002 -27"><span class='ocrx_word' id='word_1_56' title='bbox 205 1076 318 1149; x_wconf 89' lang='lat' dir='ltr'><strong>sertim</strong></span> <span class='ocrx_word' id='word_1_57' title='bbox 355 1076 384 1148; x_wconf 91' lang='lat' dir='ltr'><strong>si</strong></span> <span class='ocrx_word' id='word_1_58' title='bbox 421 1093 453 1149; x_wconf 90' lang='lat' dir='ltr'><strong>et</strong></span> <span class='ocrx_word' id='word_1_59' title='bbox 475 1093 549 1149; x_wconf 91' lang='lat' dir='ltr'><strong>ante</strong></span> <span class='ocrx_word' id='word_1_60' title='bbox 573 1076 740 1176; x_wconf 80' lang='lat' dir='ltr'><strong>perceptis</strong></span> <span class='ocrx_word' id='word_1_61' title='bbox 763 1076 863 1148; x_wconf 90' lang='lat' dir='ltr'><strong>bonis</strong></span> <span class='ocrx_word' id='word_1_62' title='bbox 887 1091 1059 1148; x_wconf 85' lang='lat' dir='ltr'><strong>contentus</strong></span> <span class='ocrx_word' id='word_1_63' title='bbox 1085 1090 1194 1160; x_wconf 91' lang='lat' dir='ltr'><strong>esset,</strong></span> <span class='ocrx_word' id='word_1_64' title='bbox 1221 1101 1278 1147; x_wconf 88' lang='lat' dir='ltr'><strong>nec</strong></span> 
     </span>
     <span class='ocr_line' id='line_1_10' title="bbox 205 1168 1278 1277; baseline -0.003 -26"><span class='ocrx_word' id='word_1_65' title='bbox 205 1195 365 1265; x_wconf 87' lang='lat' dir='ltr'><strong>mortem,</strong></span> <span class='ocrx_word' id='word_1_66' title='bbox 391 1206 452 1253; x_wconf 89' lang='lat' dir='ltr'><strong>nec</strong></span> <span class='ocrx_word' id='word_1_67' title='bbox 475 1179 556 1252; x_wconf 92' lang='lat' dir='ltr'><strong>deos</strong></span> <span class='ocrx_word' id='word_1_68' title='bbox 573 1168 805 1252; x_wconf 81' lang='lat' dir='ltr'><strong>extimesceret.</strong></span> <span class='ocrx_word' id='word_1_69' title='bbox 855 1177 968 1251; x_wconf 88' lang='lat' dir='ltr'><strong>Habes</strong></span> <span class='ocrx_word' id='word_1_70' title='bbox 982 1175 1125 1251; x_wconf 81' lang='lat' dir='ltr'><strong>formam</strong></span> <span class='ocrx_word' id='word_1_71' title='bbox 1140 1175 1278 1277; x_wconf 88' lang='lat' dir='ltr'><strong>Epicuri</strong></span> 
     </span>
     <span class='ocr_line' id='line_1_11' title="bbox 205 1278 1278 1380; baseline -0.002 -28"><span class='ocrx_word' id='word_1_72' title='bbox 205 1279 290 1353; x_wconf 89' lang='lat' dir='ltr'><strong>vitae</strong></span> <span class='ocrx_word' id='word_1_73' title='bbox 315 1281 448 1370; x_wconf 87' lang='lat' dir='ltr'><strong>beatae,</strong></span> <span class='ocrx_word' id='word_1_74' title='bbox 474 1281 584 1354; x_wconf 84' lang='lat' dir='ltr'><strong>verbis</strong></span> <span class='ocrx_word' id='word_1_75' title='bbox 604 1282 748 1354; x_wconf 86' lang='lat' dir='ltr'><strong>Zenonis</strong></span> <span class='ocrx_word' id='word_1_76' title='bbox 772 1304 979 1380; x_wconf 80' lang='lat' dir='ltr'><strong>expressam,</strong></span> <span class='ocrx_word' id='word_1_77' title='bbox 1004 1278 1089 1351; x_wconf 88' lang='lat' dir='ltr'><strong>nihil</strong></span> <span class='ocrx_word' id='word_1_78' title='bbox 1111 1294 1150 1352; x_wconf 90' lang='lat' dir='ltr'><strong>ut</strong></span> <span class='ocrx_word' id='word_1_79' title='bbox 1172 1278 1278 1379; x_wconf 85' lang='lat' dir='ltr'><strong>possit</strong></span> 
     </span>
     <span class='ocr_line' id='line_1_12' title="bbox 204 1410 325 1482; baseline -0.008 -27"><span class='ocrx_word' id='word_1_80' title='bbox 204 1410 325 1482; x_wconf 80' lang='lat' dir='ltr'><strong>negari.</strong></span> 
     </span>
    </p>

    <p class='ocr_par' dir='ltr' id='par_1_3' title="bbox 198 1483 1277 1890">
     <span class='ocr_line' id='line_1_13' title="bbox 306 1483 1277 1583; baseline -0.002 -26"><span class='ocrx_word' id='word_1_81' title='bbox 306 1486 429 1557; x_wconf 84' lang='lat' dir='ltr'><strong>XVIII.</strong></span> <span class='ocrx_word' id='word_1_82' title='bbox 480 1493 537 1563; x_wconf 85' lang='lat'><strong>39.</strong></span> <span class='ocrx_word' id='word_1_83' title='bbox 565 1483 659 1580; x_wconf 82' lang='lat' dir='ltr'><strong>Quid</strong></span> <span class='ocrx_word' id='word_1_84' title='bbox 688 1485 790 1583; x_wconf 84' lang='lat' dir='ltr'><strong>ergo?</strong></span> <span class='ocrx_word' id='word_1_85' title='bbox 815 1483 958 1557; x_wconf 88' lang='lat' dir='ltr'><strong>huiusne</strong></span> <span class='ocrx_word' id='word_1_86' title='bbox 984 1483 1068 1556; x_wconf 83' lang='lat' dir='ltr'><strong>vitae</strong></span> <span class='ocrx_word' id='word_1_87' title='bbox 1089 1483 1277 1583; x_wconf 83' lang='lat' dir='ltr'><strong>propositio</strong></span> 
     </span>
     <span class='ocr_line' id='line_1_14' title="bbox 204 1584 1277 1686; baseline -0.003 -25"><span class='ocrx_word' id='word_1_88' title='bbox 204 1603 235 1661; x_wconf 87' lang='lat' dir='ltr'><strong>et</strong></span> <span class='ocrx_word' id='word_1_89' title='bbox 259 1587 415 1684; x_wconf 79' lang='lat' dir='ltr'><strong>cogitatio</strong></span> <span class='ocrx_word' id='word_1_90' title='bbox 434 1602 489 1658; x_wconf 91' lang='lat' dir='ltr'><strong>aut</strong></span> <span class='ocrx_word' id='word_1_91' title='bbox 505 1586 556 1658; x_wconf 80' lang='lat' dir='ltr'><strong>&#39;th</strong></span> <span class='ocrx_word' id='word_1_92' title='bbox 583 1604 674 1660; x_wconf 83' lang='lat' dir='ltr'><strong>osten</strong></span> <span class='ocrx_word' id='word_1_93' title='bbox 690 1587 797 1660; x_wconf 80' lang='lat' dir='ltr'><strong>levare</strong></span> <span class='ocrx_word' id='word_1_94' title='bbox 814 1586 959 1686; x_wconf 90' lang='lat' dir='ltr'><strong>poterit,</strong></span> <span class='ocrx_word' id='word_1_95' title='bbox 985 1601 1041 1658; x_wconf 92' lang='lat' dir='ltr'><strong>aut</strong></span> <span class='ocrx_word' id='word_1_96' title='bbox 1055 1584 1215 1673; x_wconf 79' lang='lat' dir='ltr'><strong>Aeetam,</strong></span> <span class='ocrx_word' id='word_1_97' title='bbox 1241 1586 1277 1658; x_wconf 87' lang='lat' dir='ltr'><strong>de</strong></span> 
     </span>
     <span class='ocr_line' id='line_1_15' title="bbox 204 1614 1276 1788; baseline 0 -28"><span class='ocrx_word' id='word_1_98' title='bbox 204 1717 270 1788; x_wconf 92' lang='lat' dir='ltr'><strong>quo</strong></span> <span class='ocrx_word' id='word_1_99' title='bbox 306 1688 417 1786; x_wconf 91' lang='lat' dir='ltr'><strong>paullo</strong></span> <span class='ocrx_word' id='word_1_100' title='bbox 445 1704 519 1760; x_wconf 91' lang='lat' dir='ltr'><strong>ante</strong></span> <span class='ocrx_word' id='word_1_101' title='bbox 550 1614 636 1776; x_wconf 81' lang='lat' dir='ltr'><strong>dixi,</strong></span> <span class='ocrx_word' id='word_1_102' title='bbox 663 1706 716 1761; x_wconf 89' lang='lat' dir='ltr'><strong>aut</strong></span> <span class='ocrx_word' id='word_1_103' title='bbox 742 1688 973 1775; x_wconf 85' lang='lat' dir='ltr'><strong>Telamonem,</strong></span> <span class='ocrx_word' id='word_1_104' title='bbox 999 1686 1134 1788; x_wconf 91' lang='lat' dir='ltr'><strong>pulsum</strong></span> <span class='ocrx_word' id='word_1_105' title='bbox 1161 1688 1276 1787; x_wconf 83' lang='lat' dir='ltr'><strong>patria,</strong></span> 
     </span>
     <span class='ocr_line' id='line_1_16' title="bbox 198 1789 1275 1890; baseline 0 -27"><span class='ocrx_word' id='word_1_106' title='bbox 198 1789 406 1885; x_wconf 83' lang='lat' dir='ltr'><strong>exsulantem</strong></span> <span class='ocrx_word' id='word_1_107' title='bbox 423 1806 520 1889; x_wconf 91' lang='lat' dir='ltr'><strong>atque</strong></span> <span class='ocrx_word' id='word_1_108' title='bbox 538 1793 711 1888; x_wconf 80' lang='lat' dir='ltr'><strong>egentem?</strong></span> <span class='ocrx_word' id='word_1_109' title='bbox 735 1791 772 1863; x_wconf 91' lang='lat' dir='ltr'><strong>in</strong></span> <span class='ocrx_word' id='word_1_110' title='bbox 791 1819 857 1890; x_wconf 93' lang='lat' dir='ltr'><strong>quo</strong></span> <span class='ocrx_word' id='word_1_111' title='bbox 874 1791 955 1864; x_wconf 91' lang='lat' dir='ltr'><strong>haec</strong></span> <span class='ocrx_word' id='word_1_112' title='bbox 970 1789 1146 1863; x_wconf 88' lang='lat' dir='ltr'><strong>admiratio</strong></span> <span class='ocrx_word' id='word_1_113' title='bbox 1163 1789 1275 1863; x_wconf 82' lang='lat' dir='ltr'><strong>fiebat:</strong></span> 
     </span>
    </p>
   </div>
   <div class='ocr_carea' id='block_1_3' title="bbox 244 1910 1275 2057">
    <p class='ocr_par' dir='ltr' id='par_1_4' title="bbox 244 1910 1275 2057">
     <span class='ocr_line' id='line_1_17' title="bbox 244 1910 1275 2055; baseline 0.001 -84"><span class='ocrx_word' id='word_1_114' title='bbox 244 1910 355 1971; x_wconf 87' lang='lat' dir='ltr'><strong>Hicine</strong></span> <span class='ocrx_word' id='word_1_115' title='bbox 384 1920 428 1970; x_wconf 88' lang='lat' dir='ltr'><strong>est</strong></span> <span class='ocrx_word' id='word_1_116' title='bbox 454 1912 507 1971; x_wconf 89' lang='lat' dir='ltr'><strong>ille</strong></span> <span class='ocrx_word' id='word_1_117' title='bbox 536 1913 701 1989; x_wconf 84' lang='lat' dir='ltr'><strong>Telamo⁹,</strong></span> <span class='ocrx_word' id='word_1_118' title='bbox 723 1913 813 1972; x_wconf 91' lang='lat' dir='ltr'><strong>modo</strong></span> <span class='ocrx_word' id='word_1_119' title='bbox 844 1933 932 1992; x_wconf 89' lang='lat' dir='ltr'><strong>quem</strong></span> <span class='ocrx_word' id='word_1_120' title='bbox 962 1910 1133 2055; x_wconf 49' lang='lat' dir='ltr'><strong>glomuli</strong></span> <span class='ocrx_word' id='word_1_121' title='bbox 1160 1912 1275 1972; x_wconf 84' lang='lat' dir='ltr'><strong>coelum</strong></span> 
     </span>
     <span class='ocr_line' id='line_1_18' title="bbox 999 2005 1109 2057; baseline -0.027 0"><span class='ocrx_word' id='word_1_122' title='bbox 999 2006 1050 2057; x_wconf 84' lang='lat' dir='ltr'><strong>ext</strong></span> <span class='ocrx_word' id='word_1_123' title='bbox 1096 2005 1109 2054; x_wconf 88' lang='lat' dir='ltr'><strong>t</strong></span> 
     </span>
    </p>
   </div>
   <div class='ocr_carea' id='block_1_4' title="bbox 248 2076 1275 2224">
    <p class='ocr_par' dir='ltr' id='par_1_5' title="bbox 248 2076 1275 2224">
     <span class='ocr_line' id='line_1_19' title="bbox 248 2076 1275 2224; baseline -0.001 -86"><span class='ocrx_word' id='word_1_124' title='bbox 248 2081 346 2153; x_wconf 87' lang='lat' dir='ltr'><strong>Quom</strong></span> <span class='ocrx_word' id='word_1_125' title='bbox 374 2079 612 2161; x_wconf 74' lang='lat' dir='ltr'><strong>adspectabant?</strong></span> <span class='ocrx_word' id='word_1_126' title='bbox 636 2083 723 2142; x_wconf 84' lang='lat' dir='ltr'><strong>cuius</strong></span> <span class='ocrx_word' id='word_1_127' title='bbox 754 2083 791 2142; x_wconf 93' lang='lat' dir='ltr'><strong>ob</strong></span> <span class='ocrx_word' id='word_1_128' title='bbox 805 2076 808 2083; x_wconf 72' lang='grc'><strong>’</strong></span> <span class='ocrx_word' id='word_1_129' title='bbox 821 2103 853 2141; x_wconf 90' lang='lat' dir='ltr'><strong>os</strong></span> <span class='ocrx_word' id='word_1_130' title='bbox 884 2082 969 2141; x_wconf 87' lang='lat' dir='ltr'><strong>Graii</strong></span> <span class='ocrx_word' id='word_1_131' title='bbox 998 2081 1275 2224; x_wconf 52' lang='lat' dir='ltr'><strong>or·a?obvertebant</strong></span> 
     </span>
     <span class='ocr_line' id='line_1_20' title="bbox 997 2186 1051 2224; baseline 0 0"><span class='ocrx_word' id='word_1_132' title='bbox 997 2186 1051 2224; x_wconf 87' lang='lat' dir='ltr'><strong>sua</strong></span> 
     </span>
    </p>
   </div>
   <div class='ocr_carea' id='block_1_5' title="bbox 203 2261 1276 2568">
    <p class='ocr_par' dir='ltr' id='par_1_6' title="bbox 203 2261 1276 2568">
     <span class='ocr_line' id='line_1_21' title="bbox 204 2261 1275 2358; baseline 0.001 -25"><span class='ocrx_word' id='word_1_133' title='bbox 204 2266 263 2340; x_wconf 76' lang='grc'><strong>40.</strong></span> <span class='ocrx_word' id='word_1_134' title='bbox 291 2261 425 2358; x_wconf 83' lang='lat' dir='ltr'><strong>Quodsi</strong></span> <span class='ocrx_word' id='word_1_135' title='bbox 459 2264 528 2351; x_wconf 87' lang='lat' dir='ltr'><strong>cui,</strong></span> <span class='ocrx_word' id='word_1_136' title='bbox 554 2281 591 2336; x_wconf 92' lang='lat' dir='ltr'><strong>ut</strong></span> <span class='ocrx_word' id='word_1_137' title='bbox 621 2264 797 2351; x_wconf 82' lang='lat' dir='ltr'><strong>nitidem,</strong></span> <span class='ocrx_word' id='word_1_138' title='bbox 823 2263 935 2335; x_wconf 73' lang='lat' dir='ltr'><strong>siml</strong></span> <span class='ocrx_word' id='word_1_139' title='bbox 965 2267 1109 2335; x_wconf 79' lang='lat' dir='ltr'><strong>antinus</strong></span> <span class='ocrx_word' id='word_1_140' title='bbox 1134 2291 1217 2335; x_wconf 89' lang='lat' dir='ltr'><strong>cum</strong></span> <span class='ocrx_word' id='word_1_141' title='bbox 1242 2291 1275 2334; x_wconf 81' lang='lat' dir='ltr'><strong>rc</strong></span> 
     </span>
     <span class='ocr_line' id='line_1_22' title="bbox 205 2363 1276 2467; baseline 0.002 -33"><span class='ocrx_word' id='word_1_142' title='bbox 205 2363 376 2452; x_wconf 83' lang='lat' dir='ltr'><strong>concidit,</strong></span> <span class='ocrx_word' id='word_1_143' title='bbox 404 2394 420 2437; x_wconf 90' lang='lat' dir='ltr'><strong>a</strong></span> <span class='ocrx_word' id='word_1_144' title='bbox 448 2366 604 2464; x_wconf 83' lang='lat' dir='ltr'><strong>gravibus</strong></span> <span class='ocrx_word' id='word_1_145' title='bbox 637 2366 702 2438; x_wconf 90' lang='lat' dir='ltr'><strong>illis</strong></span> <span class='ocrx_word' id='word_1_146' title='bbox 732 2365 876 2465; x_wconf 88' lang='lat' dir='ltr'><strong>antiquis</strong></span> <span class='ocrx_word' id='word_1_147' title='bbox 898 2365 1112 2465; x_wconf 89' lang='lat' dir='ltr'><strong>philosophis</strong></span> <span class='ocrx_word' id='word_1_148' title='bbox 1134 2365 1276 2467; x_wconf 88' lang='lat' dir='ltr'><strong>petenda</strong></span> 
     </span>
     <span class='ocr_line' id='line_1_23' title="bbox 203 2467 1275 2568; baseline 0.002 -29"><span class='ocrx_word' id='word_1_149' title='bbox 203 2467 370 2547; x_wconf 89' lang='lat' dir='ltr'><strong>medicina</strong></span> <span class='ocrx_word' id='word_1_150' title='bbox 387 2485 453 2557; x_wconf 89' lang='lat' dir='ltr'><strong>est,</strong></span> <span class='ocrx_word' id='word_1_151' title='bbox 479 2497 547 2541; x_wconf 91' lang='lat' dir='ltr'><strong>non</strong></span> <span class='ocrx_word' id='word_1_152' title='bbox 564 2469 605 2540; x_wconf 87' lang='lat' dir='ltr'><strong>ab</strong></span> <span class='ocrx_word' id='word_1_153' title='bbox 623 2468 675 2540; x_wconf 89' lang='lat' dir='ltr'><strong>his</strong></span> <span class='ocrx_word' id='word_1_154' title='bbox 692 2468 893 2568; x_wconf 88' lang='lat' dir='ltr'><strong>voluptariis.</strong></span> <span class='ocrx_word' id='word_1_155' title='bbox 919 2482 1020 2567; x_wconf 72' lang='lat' dir='ltr'><strong>quam</strong></span> <span class='ocrx_word' id='word_1_156' title='bbox 1034 2468 1124 2541; x_wconf 87' lang='lat' dir='ltr'><strong>enim</strong></span> <span class='ocrx_word' id='word_1_157' title='bbox 1140 2469 1199 2542; x_wconf 84' lang='lat' dir='ltr'><strong>isti</strong></span> <span class='ocrx_word' id='word_1_158' title='bbox 1217 2468 1275 2541; x_wconf 91' lang='lat' dir='ltr'><strong>bo-</strong></span> 
     </span>
    </p>
   </div>
   <div class='ocr_carea' id='block_1_6' title="bbox 201 2651 1275 2788">
    <p class='ocr_par' dir='ltr' id='par_1_7' title="bbox 201 2651 1275 2788">
     <span class='ocr_line' id='line_1_24' title="bbox 268 2651 1275 2722; baseline 0.002 -20"><span class='ocrx_word' id='word_1_159' title='bbox 268 2657 286 2712; x_wconf 85' lang='lat'>7</span> <span class='ocrx_word' id='word_1_160' title='bbox 303 2655 360 2703; x_wconf 92' lang='lat' dir='ltr'><strong>Ern.</strong></span> <span class='ocrx_word' id='word_1_161' title='bbox 378 2670 400 2702; x_wconf 89' lang='lat' dir='ltr'><strong>c.</strong></span> <span class='ocrx_word' id='word_1_162' title='bbox 408 2652 476 2719; x_wconf 79' lang='lat' dir='ltr'><strong>vulg.</strong></span> <span class='ocrx_word' id='word_1_163' title='bbox 494 2653 654 2722; x_wconf 83' lang='lat' dir='ltr'><strong>interpunxit</strong></span> <span class='ocrx_word' id='word_1_164' title='bbox 670 2665 729 2705; x_wconf 87' lang='lat' dir='ltr'><strong>ante</strong></span> <span class='ocrx_word' id='word_1_165' title='bbox 738 2655 860 2706; x_wconf 70' lang='lat' dir='ltr'><strong>Athenio</strong></span> <span class='ocrx_word' id='word_1_166' title='bbox 895 2658 913 2711; x_wconf 86' lang='lat'>8</span> <span class='ocrx_word' id='word_1_167' title='bbox 929 2654 971 2703; x_wconf 88' lang='lat' dir='ltr'><strong>Sic</strong></span> <span class='ocrx_word' id='word_1_168' title='bbox 979 2655 1036 2703; x_wconf 86' lang='lat' dir='ltr'><strong>D.e</strong></span> <span class='ocrx_word' id='word_1_169' title='bbox 1050 2651 1143 2722; x_wconf 89' lang='lat' dir='ltr'><strong>plurib.</strong></span> <span class='ocrx_word' id='word_1_170' title='bbox 1152 2655 1235 2704; x_wconf 90' lang='lat' dir='ltr'><strong>Codd.</strong></span> <span class='ocrx_word' id='word_1_171' title='bbox 1246 2681 1275 2694; x_wconf 90' lang='lat'><strong>·-</strong></span> 
     </span>
     <span class='ocr_line' id='line_1_25' title="bbox 201 2719 1241 2788; baseline 0 -18"><span class='ocrx_word' id='word_1_172' title='bbox 201 2721 260 2770; x_wconf 88' lang='lat' dir='ltr'><strong>Em.</strong></span> <span class='ocrx_word' id='word_1_173' title='bbox 280 2737 303 2771; x_wconf 83' lang='lat' dir='ltr'><strong>c.</strong></span> <span class='ocrx_word' id='word_1_174' title='bbox 321 2719 389 2786; x_wconf 86' lang='lat' dir='ltr'><strong>vulg.</strong></span> <span class='ocrx_word' id='word_1_175' title='bbox 408 2722 440 2770; x_wconf 79' lang='lat' dir='ltr'><strong>ci.</strong></span> <span class='ocrx_word' id='word_1_176' title='bbox 480 2725 497 2778; x_wconf 88' lang='grc'><strong>9</strong></span> <span class='ocrx_word' id='word_1_177' title='bbox 515 2721 555 2769; x_wconf 87' lang='lat' dir='ltr'><strong>Sic</strong></span> <span class='ocrx_word' id='word_1_178' title='bbox 572 2724 603 2770; x_wconf 87' lang='lat' dir='ltr'><strong>D.</strong></span> <span class='ocrx_word' id='word_1_179' title='bbox 620 2750 654 2760; x_wconf 92' lang='lat'>—</span> <span class='ocrx_word' id='word_1_180' title='bbox 670 2724 729 2771; x_wconf 86' lang='lat' dir='ltr'><strong>Ern.</strong></span> <span class='ocrx_word' id='word_1_181' title='bbox 750 2742 770 2773; x_wconf 91' lang='lat' dir='ltr'><strong>c.</strong></span> <span class='ocrx_word' id='word_1_182' title='bbox 789 2722 857 2788; x_wconf 78' lang='lat' dir='ltr'><strong>vulg.</strong></span> <span class='ocrx_word' id='word_1_183' title='bbox 875 2723 988 2771; x_wconf 87' lang='lat' dir='ltr'><strong>Hiccine</strong></span> <span class='ocrx_word' id='word_1_184' title='bbox 1004 2733 1044 2771; x_wconf 82' lang='lat' dir='ltr'><strong>est</strong></span> <span class='ocrx_word' id='word_1_185' title='bbox 1061 2722 1170 2771; x_wconf 85' lang='lat' dir='ltr'><strong>Telamo</strong></span> <span class='ocrx_word' id='word_1_186' title='bbox 1185 2723 1241 2772; x_wconf 84' lang='lat' dir='ltr'><strong>ille.</strong></span> 
     </span>
    </p>
   </div>
   <div class='ocr_carea' id='block_1_7' title="bbox 201 2836 1276 3109">
    <p class='ocr_par' dir='ltr' id='par_1_8' title="bbox 201 2836 1276 3109">
     <span class='ocr_line' id='line_1_26' title="bbox 201 2836 1276 2906; baseline 0.001 -19"><span class='ocrx_word' id='word_1_187' title='bbox 201 2836 265 2887; x_wconf 88' lang='lat' dir='ltr'><strong>dicit</strong></span> <span class='ocrx_word' id='word_1_188' title='bbox 283 2839 371 2894; x_wconf 84' lang='lat' dir='ltr'><strong>Zeno,</strong></span> <span class='ocrx_word' id='word_1_189' title='bbox 394 2837 545 2903; x_wconf 80' lang='lat' dir='ltr'><strong>Epictneus,</strong></span> <span class='ocrx_word' id='word_1_190' title='bbox 572 2837 649 2889; x_wconf 89' lang='lat' dir='ltr'><strong>homo</strong></span> <span class='ocrx_word' id='word_1_191' title='bbox 670 2856 722 2889; x_wconf 90' lang='lat' dir='ltr'><strong>non</strong></span> <span class='ocrx_word' id='word_1_192' title='bbox 754 2839 793 2891; x_wconf 84' lang='lat' dir='ltr'><strong>nsi</strong></span> <span class='ocrx_word' id='word_1_193' title='bbox 815 2847 888 2899; x_wconf 89' lang='lat' dir='ltr'><strong>sunt,</strong></span> <span class='ocrx_word' id='word_1_194' title='bbox 913 2855 989 2905; x_wconf 88' lang='lat' dir='ltr'><strong>quum</strong></span> <span class='ocrx_word' id='word_1_195' title='bbox 1013 2855 1044 2888; x_wconf 82' lang='lat' dir='ltr'><strong>ex</strong></span> <span class='ocrx_word' id='word_1_196' title='bbox 1064 2837 1113 2900; x_wconf 85' lang='lat' dir='ltr'><strong>iis,</strong></span> <span class='ocrx_word' id='word_1_197' title='bbox 1140 2855 1210 2906; x_wconf 78' lang='lat' dir='ltr'><strong>quae</strong></span> <span class='ocrx_word' id='word_1_198' title='bbox 1227 2855 1276 2888; x_wconf 85' lang='lat' dir='ltr'><strong>non</strong></span> 
     </span>
     <span class='ocr_line' id='line_1_27' title="bbox 201 2904 1274 2975; baseline 0 -20"><span class='ocrx_word' id='word_1_199' title='bbox 201 2904 339 2969; x_wconf 73' lang='lat' dir='ltr'><strong>acutissimi</strong></span> <span class='ocrx_word' id='word_1_200' title='bbox 358 2905 459 2969; x_wconf 82' lang='lat' dir='ltr'><strong>ingenii,</strong></span> <span class='ocrx_word' id='word_1_201' title='bbox 478 2916 505 2955; x_wconf 85' lang='lat' dir='ltr'><strong>at</strong></span> <span class='ocrx_word' id='word_1_202' title='bbox 521 2905 626 2954; x_wconf 88' lang='lat' dir='ltr'><strong>istorum</strong></span> <span class='ocrx_word' id='word_1_203' title='bbox 645 2907 721 2974; x_wconf 87' lang='lat' dir='ltr'><strong>(Epi-</strong></span> <span class='ocrx_word' id='word_1_204' title='bbox 754 2907 817 2957; x_wconf 85' lang='lat' dir='ltr'><strong>satis</strong></span> <span class='ocrx_word' id='word_1_205' title='bbox 835 2905 966 2956; x_wconf 82' lang='lat' dir='ltr'><strong>credibilia</strong></span> <span class='ocrx_word' id='word_1_206' title='bbox 981 2905 1113 2968; x_wconf 85' lang='lat' dir='ltr'><strong>videntur,</strong></span> <span class='ocrx_word' id='word_1_207' title='bbox 1139 2924 1188 2970; x_wconf 82' lang='lat' dir='ltr'><strong>ea,</strong></span> <span class='ocrx_word' id='word_1_208' title='bbox 1214 2923 1274 2975; x_wconf 82' lang='lat' dir='ltr'><strong>qnae</strong></span> 
     </span>
     <span class='ocr_line' id='line_1_28' title="bbox 201 2972 1274 3041; baseline 0.001 -20"><span class='ocrx_word' id='word_1_209' title='bbox 201 2987 351 3032; x_wconf 85' lang='lat' dir='ltr'><strong>aureorum,</strong></span> <span class='ocrx_word' id='word_1_210' title='bbox 378 2972 421 3037; x_wconf 89' lang='lat' dir='ltr'><strong>qui</strong></span> <span class='ocrx_word' id='word_1_211' title='bbox 445 2984 499 3021; x_wconf 90' lang='lat' dir='ltr'><strong>tum</strong></span> <span class='ocrx_word' id='word_1_212' title='bbox 521 2973 627 3023; x_wconf 84' lang='lat' dir='ltr'><strong>Athenis</strong></span> <span class='ocrx_word' id='word_1_213' title='bbox 648 2975 721 3023; x_wconf 83' lang='lat' dir='ltr'><strong>rive·</strong></span> <span class='ocrx_word' id='word_1_214' title='bbox 753 2991 842 3041; x_wconf 81' lang='lat' dir='ltr'><strong>purum</strong></span> <span class='ocrx_word' id='word_1_215' title='bbox 858 2982 1030 3023; x_wconf 77' lang='lat' dir='ltr'><strong>consentanea</strong></span> <span class='ocrx_word' id='word_1_216' title='bbox 1045 2982 1114 3034; x_wconf 82' lang='lat' dir='ltr'><strong>aunt,</strong></span> <span class='ocrx_word' id='word_1_217' title='bbox 1131 2973 1274 3034; x_wconf 82' lang='lat' dir='ltr'><strong>eliciuntur,</strong></span> 
     </span>
     <span class='ocr_line' id='line_1_29' title="bbox 201 3037 1275 3109; baseline 0.001 -21"><span class='ocrx_word' id='word_1_218' title='bbox 201 3037 294 3098; x_wconf 82' lang='lat' dir='ltr'><strong>bant,)</strong></span> <span class='ocrx_word' id='word_1_219' title='bbox 312 3038 477 3089; x_wconf 87' lang='lat' dir='ltr'><strong>acutissimus.</strong></span> <span class='ocrx_word' id='word_1_220' title='bbox 512 3041 594 3089; x_wconf 85' lang='lat' dir='ltr'><strong>Neide</strong></span> <span class='ocrx_word' id='word_1_221' title='bbox 612 3042 721 3109; x_wconf 81' lang='lat' dir='ltr'><strong>explicat</strong></span> <span class='ocrx_word' id='word_1_222' title='bbox 755 3042 899 3109; x_wconf 82' lang='lat' dir='ltr'><strong>explicante</strong></span> <span class='ocrx_word' id='word_1_223' title='bbox 906 3041 995 3091; x_wconf 85' lang='lat' dir='ltr'><strong>Beiero</strong></span> <span class='ocrx_word' id='word_1_224' title='bbox 1006 3039 1039 3090; x_wconf 84' lang='lat' dir='ltr'><strong>ad</strong></span> <span class='ocrx_word' id='word_1_225' title='bbox 1046 3039 1120 3091; x_wconf 75' lang='lat' dir='ltr'><strong>offic.</strong></span> <span class='ocrx_word' id='word_1_226' title='bbox 1129 3042 1176 3092; x_wconf 88' lang='lat'><strong>111.</strong></span> <span class='ocrx_word' id='word_1_227' title='bbox 1185 3046 1228 3104; x_wconf 73' lang='lat'><strong>21),</strong></span> <span class='ocrx_word' id='word_1_228' title='bbox 1236 3046 1275 3099; x_wconf 81' lang='grc'><strong>81.</strong></span> 
     </span>
    </p>
   </div>
   <div class='ocr_carea' id='block_1_8' title="bbox 100 3106 911 3221">
    <p class='ocr_par' dir='ltr' id='par_1_9' title="bbox 100 3106 911 3221">
     <span class='ocr_line' id='line_1_30' title="bbox 100 3106 911 3221; baseline 0.006 -70"><span class='ocrx_word' id='word_1_229' title='bbox 100 3140 106 3151; x_wconf 88' lang='lat'><strong>.</strong></span> <span class='ocrx_word' id='word_1_230' title='bbox 203 3106 336 3154; x_wconf 82' lang='lat' dir='ltr'><strong>acriculus</strong></span> <span class='ocrx_word' id='word_1_231' title='bbox 347 3122 412 3221; x_wconf 73' lang='lat' dir='ltr'><strong>per:</strong></span> <span class='ocrx_word' id='word_1_232' title='bbox 439 3107 481 3173; x_wconf 91' lang='lat' dir='ltr'><strong>qui</strong></span> <span class='ocrx_word' id='word_1_233' title='bbox 498 3108 573 3158; x_wconf 85' lang='lat' dir='ltr'><strong>focile</strong></span> <span class='ocrx_word' id='word_1_234' title='bbox 591 3108 719 3159; x_wconf 87' lang='lat' dir='ltr'><strong>irascitur:</strong></span> <span class='ocrx_word' id='word_1_235' title='bbox 754 3127 779 3177; x_wconf 89' lang='lat' dir='ltr'><strong>p.</strong></span> <span class='ocrx_word' id='word_1_236' title='bbox 797 3113 856 3168; x_wconf 79' lang='lat'><strong>336.</strong></span> <span class='ocrx_word' id='word_1_237' title='bbox 873 3126 911 3175; x_wconf 85' lang='lat' dir='ltr'><strong>sq.</strong></span> 
     </span>
    </p>
   </div>
   <div class='ocr_carea' id='block_1_9' title="bbox 202 3171 1275 3261">
    <p class='ocr_par' dir='ltr' id='par_1_10' title="bbox 202 3171 1275 3261">
     <span class='ocr_line' id='line_1_31' title="bbox 202 3171 1275 3261; baseline 0.009 -42"><span class='ocrx_word' id='word_1_238' title='bbox 202 3189 267 3238; x_wconf 89' lang='lat' dir='ltr'><strong>quae</strong></span> <span class='ocrx_word' id='word_1_239' title='bbox 280 3171 345 3237; x_wconf 81' lang='lat' dir='ltr'><strong>sigui</strong></span> <span class='ocrx_word' id='word_1_240' title='bbox 364 3173 430 3224; x_wconf 82' lang='lat' dir='ltr'><strong>catio</strong></span> <span class='ocrx_word' id='word_1_241' title='bbox 445 3174 477 3223; x_wconf 84' lang='lat' dir='ltr'><strong>ab</strong></span> <span class='ocrx_word' id='word_1_242' title='bbox 490 3173 610 3226; x_wconf 81' lang='lat' dir='ltr'><strong>hocloco</strong></span> <span class='ocrx_word' id='word_1_243' title='bbox 624 3177 721 3227; x_wconf 86' lang='lat' dir='ltr'><strong>abhor-</strong></span> <span class='ocrx_word' id='word_1_244' title='bbox 752 3185 759 3195; x_wconf 87' lang='lat'><strong><em>‘</em></strong></span> <span class='ocrx_word' id='word_1_245' title='bbox 805 3194 834 3242; x_wconf 68' lang='lat'><strong>,¹72</strong></span> <span class='ocrx_word' id='word_1_246' title='bbox 851 3193 908 3261; x_wconf 65' lang='lat' dir='ltr'><em>quo)</em></span> <span class='ocrx_word' id='word_1_247' title='bbox 927 3191 959 3241; x_wconf 67' lang='lat' dir='ltr'><strong>de</strong></span> <span class='ocrx_word' id='word_1_248' title='bbox 975 3190 1045 3241; x_wconf 65' lang='lat' dir='ltr'><strong>cuin,</strong></span> <span class='ocrx_word' id='word_1_249' title='bbox 1061 3190 1201 3253; x_wconf 23' lang='lat' dir='ltr'><strong>immutata*</strong></span> <span class='ocrx_word' id='word_1_250' title='bbox 1213 3210 1275 3242; x_wconf 70' lang='lat' dir='ltr'><strong>con.</strong></span> 
     </span>
    </p>
   </div>
   <div class='ocr_carea' id='block_1_10' title="bbox 201 3240 1274 3379">
    <p class='ocr_par' dir='ltr' id='par_1_11' title="bbox 201 3240 1274 3379">
     <span class='ocr_line' id='line_1_32' title="bbox 201 3240 1274 3360; baseline 0.034 -71"><span class='ocrx_word' id='word_1_251' title='bbox 201 3254 258 3289; x_wconf 81' lang='lat' dir='ltr'><strong>rere</strong></span> <span class='ocrx_word' id='word_1_252' title='bbox 282 3240 392 3289; x_wconf 85' lang='lat' dir='ltr'><strong>videtur.</strong></span> <span class='ocrx_word' id='word_1_253' title='bbox 413 3269 446 3280; x_wconf 92' lang='lat'>-</span> <span class='ocrx_word' id='word_1_254' title='bbox 481 3243 519 3291; x_wconf 81' lang='lat' dir='ltr'><strong>De</strong></span> <span class='ocrx_word' id='word_1_255' title='bbox 539 3247 641 3322; x_wconf 59' lang='grc' dir='ltr'><strong>’ρθῠφῐξθ</strong></span> <span class='ocrx_word' id='word_1_256' title='bbox 657 3243 720 3360; x_wconf 46' lang='lat' dir='ltr'><strong>Elei·</strong></span> <span class='ocrx_word' id='word_1_257' title='bbox 754 3259 851 3309; x_wconf 87' lang='lat' dir='ltr'><strong>ditione</strong></span> <span class='ocrx_word' id='word_1_258' title='bbox 868 3259 969 3327; x_wconf 82' lang='lat' dir='ltr'><strong>quidam</strong></span> <span class='ocrx_word' id='word_1_259' title='bbox 985 3258 1149 3309; x_wconf 65' lang='lat' dir='ltr'><strong>mirabundffl</strong></span> <span class='ocrx_word' id='word_1_260' title='bbox 1168 3260 1274 3311; x_wconf 60' lang='lat' dir='ltr'><strong>dicebat*</strong></span> 
     </span>
     <span class='ocr_line' id='line_1_33' title="bbox 203 3305 851 3379; baseline 0.014 -21"><span class='ocrx_word' id='word_1_261' title='bbox 203 3324 279 3358; x_wconf 82' lang='lat' dir='ltr'><strong>aureo</strong></span> <span class='ocrx_word' id='word_1_262' title='bbox 293 3324 317 3356; x_wconf 81' lang='lat' dir='ltr'><strong>r.</strong></span> <span class='ocrx_word' id='word_1_263' title='bbox 333 3305 395 3374; x_wconf 77' lang='lat' dir='ltr'><strong>quoi</strong></span> <span class='ocrx_word' id='word_1_264' title='bbox 409 3309 480 3359; x_wconf 84' lang='lat' dir='ltr'><strong>locos</strong></span> <span class='ocrx_word' id='word_1_265' title='bbox 494 3320 601 3359; x_wconf 74' lang='lat' dir='ltr'><strong>excitavi</strong></span> <span class='ocrx_word' id='word_1_266' title='bbox 614 3328 640 3359; x_wconf 88' lang='lat' dir='ltr'><strong>m</strong></span> <span class='ocrx_word' id='word_1_267' title='bbox 653 3311 671 3359; x_wconf 91' lang='lat' dir='ltr'>h</span> <span class='ocrx_word' id='word_1_268' title='bbox 690 3327 730 3360; x_wconf 93' lang='lat' dir='ltr'><strong>ro.</strong></span> <span class='ocrx_word' id='word_1_269' title='bbox 754 3328 851 3379; x_wconf 60' lang='lat' dir='ltr'><strong>mide,</strong></span> 
     </span>
    </p>
   </div>
   <div class='ocr_carea' id='block_1_11' title="bbox 201 3374 1275 3547">
    <p class='ocr_par' dir='ltr' id='par_1_12' title="bbox 201 3374 1275 3547">
     <span class='ocr_line' id='line_1_34' title="bbox 201 3374 1275 3547; baseline -0.003 -17"><span class='ocrx_word' id='word_1_270' title='bbox 201 3374 720 3512; x_wconf 60' lang='lat' dir='ltr'><strong>t·detrusti-uttuutat</strong></span> <span class='ocrx_word' id='word_1_271' title='bbox 800 3412 908 3478; x_wconf 56' lang='lat' dir='ltr'><strong>t</strong></span> <span class='ocrx_word' id='word_1_272' title='bbox 923 3410 1275 3547; x_wconf 61' lang='lat' dir='ltr'><strong>tutarentur</strong></span> 
     </span>
    </p>
   </div>
   <div class='ocr_carea' id='block_1_12' title="bbox 202 3512 760 3580">
    <p class='ocr_par' dir='ltr' id='par_1_13' title="bbox 202 3512 760 3580">
     <span class='ocr_line' id='line_1_35' title="bbox 202 3512 760 3580; baseline -0.005 -19"><span class='ocrx_word' id='word_1_273' title='bbox 202 3527 318 3561; x_wconf 77' lang='lat' dir='ltr'><strong>neronem</strong></span> <span class='ocrx_word' id='word_1_274' title='bbox 336 3528 434 3578; x_wconf 89' lang='lat' dir='ltr'><strong>semper</strong></span> <span class='ocrx_word' id='word_1_275' title='bbox 449 3512 516 3574; x_wconf 86' lang='lat' dir='ltr'><strong>sere,</strong></span> <span class='ocrx_word' id='word_1_276' title='bbox 542 3530 618 3580; x_wconf 90' lang='lat' dir='ltr'><strong>quum</strong></span> <span class='ocrx_word' id='word_1_277' title='bbox 637 3529 718 3562; x_wconf 86' lang='lat' dir='ltr'><strong>sermo</strong></span> <span class='ocrx_word' id='word_1_278' title='bbox 754 3547 760 3558; x_wconf 93' lang='lat'><strong>.</strong></span> 
     </span>
    </p>
   </div>
   <div class='ocr_carea' id='block_1_13' title="bbox 200 3546 1272 3777">
    <p class='ocr_par' dir='ltr' id='par_1_14' title="bbox 200 3546 1272 3777">
     <span class='ocr_line' id='line_1_36' title="bbox 200 3546 1253 3648; baseline -0.024 -34"><span class='ocrx_word' id='word_1_279' title='bbox 200 3577 230 3626; x_wconf 72' lang='lat' dir='ltr'><strong>fit</strong></span> <span class='ocrx_word' id='word_1_280' title='bbox 248 3578 280 3627; x_wconf 70' lang='lat' dir='ltr'><strong>de</strong></span> <span class='ocrx_word' id='word_1_281' title='bbox 296 3577 471 3646; x_wconf 48' lang='lat' dir='ltr'><strong>philosophis,</strong></span> <span class='ocrx_word' id='word_1_282' title='bbox 495 3598 542 3648; x_wconf 69' lang='lat' dir='ltr'><strong>pm</strong></span> <span class='ocrx_word' id='word_1_283' title='bbox 561 3580 653 3630; x_wconf 56' lang='lat' dir='ltr'><em>docere</em></span> <span class='ocrx_word' id='word_1_284' title='bbox 669 3598 720 3648; x_wconf 73' lang='lat'><strong>1³⁰·</strong></span> <span class='ocrx_word' id='word_1_285' title='bbox 752 3547 875 3648; x_wconf 75' lang='lat' dir='ltr'><strong>inscripta</strong></span> <span class='ocrx_word' id='word_1_286' title='bbox 892 3555 947 3641; x_wconf 76' lang='lat' dir='ltr'><strong>erat</strong></span> <span class='ocrx_word' id='word_1_287' title='bbox 964 3547 1085 3608; x_wconf 76' lang='lat' dir='ltr'><strong>Telamo,</strong></span> <span class='ocrx_word' id='word_1_288' title='bbox 1102 3546 1191 3615; x_wconf 80' lang='lat' dir='ltr'><strong>petiti,</strong></span> <span class='ocrx_word' id='word_1_289' title='bbox 1218 3632 1224 3643; x_wconf 33' lang='grc'>1</span> <span class='ocrx_word' id='word_1_290' title='bbox 1247 3631 1253 3641; x_wconf 35' lang='lat'><strong>.</strong></span> 
     </span>
     <span class='ocr_line' id='line_1_37' title="bbox 200 3630 1272 3709; baseline -0.012 -16"><span class='ocrx_word' id='word_1_291' title='bbox 200 3643 277 3693; x_wconf 88' lang='lat' dir='ltr'><strong>nitur.</strong></span> <span class='ocrx_word' id='word_1_292' title='bbox 314 3646 352 3694; x_wconf 84' lang='lat' dir='ltr'><strong>cf.</strong></span> <span class='ocrx_word' id='word_1_293' title='bbox 369 3645 434 3696; x_wconf 85' lang='lat' dir='ltr'><strong>infra</strong></span> <span class='ocrx_word' id='word_1_294' title='bbox 450 3649 492 3698; x_wconf 83' lang='lat' dir='ltr'><strong>tv.</strong></span> <span class='ocrx_word' id='word_1_295' title='bbox 507 3655 532 3708; x_wconf 89' lang='lat'><strong>7,</strong></span> <span class='ocrx_word' id='word_1_296' title='bbox 551 3653 592 3705; x_wconf 81' lang='lat'><strong>15.</strong></span> <span class='ocrx_word' id='word_1_297' title='bbox 619 3653 720 3698; x_wconf 62' lang='lat' dir='ltr'><strong>Docere</strong></span> <span class='ocrx_word' id='word_1_298' title='bbox 803 3631 847 3689; x_wconf 82' lang='grc'><strong>40.</strong></span> <span class='ocrx_word' id='word_1_299' title='bbox 874 3648 979 3680; x_wconf 74' lang='lat' dir='ltr'><strong>animus</strong></span> <span class='ocrx_word' id='word_1_300' title='bbox 1005 3648 1062 3680; x_wconf 90' lang='lat' dir='ltr'><strong>cum</strong></span> <span class='ocrx_word' id='word_1_301' title='bbox 1087 3648 1129 3709; x_wconf 43' lang='lat' dir='ltr'><strong>fe·</strong></span> <span class='ocrx_word' id='word_1_302' title='bbox 1143 3630 1272 3695; x_wconf 75' lang='lat' dir='ltr'><strong>conada)</strong></span> 
     </span>
     <span class='ocr_line' id='line_1_38' title="bbox 200 3697 1271 3777; baseline -0.012 -17"><span class='ocrx_word' id='word_1_303' title='bbox 200 3728 259 3760; x_wconf 83' lang='lat' dir='ltr'><strong>raro</strong></span> <span class='ocrx_word' id='word_1_304' title='bbox 274 3711 381 3777; x_wconf 83' lang='lat' dir='ltr'><strong>legitur,</strong></span> <span class='ocrx_word' id='word_1_305' title='bbox 400 3724 429 3762; x_wconf 87' lang='lat' dir='ltr'><strong>ut</strong></span> <span class='ocrx_word' id='word_1_306' title='bbox 442 3716 562 3764; x_wconf 84' lang='lat' dir='ltr'><strong>Acadcm.</strong></span> <span class='ocrx_word' id='word_1_307' title='bbox 578 3718 596 3764; x_wconf 92' lang='grc' dir='ltr'><strong>Ι.</strong></span> <span class='ocrx_word' id='word_1_308' title='bbox 616 3722 656 3777; x_wconf 71' lang='lat'><strong>10,</strong></span> <span class='ocrx_word' id='word_1_309' title='bbox 674 3720 731 3773; x_wconf 75' lang='lat'><strong>36„</strong></span> <span class='ocrx_word' id='word_1_310' title='bbox 753 3700 785 3748; x_wconf 86' lang='lat' dir='ltr'><strong>H.</strong></span> <span class='ocrx_word' id='word_1_311' title='bbox 800 3715 822 3748; x_wconf 88' lang='lat' dir='ltr'><strong>e.</strong></span> <span class='ocrx_word' id='word_1_312' title='bbox 836 3698 933 3751; x_wconf 85' lang='lat' dir='ltr'><strong>animus</strong></span> <span class='ocrx_word' id='word_1_313' title='bbox 947 3709 974 3748; x_wconf 87' lang='lat' dir='ltr'><strong>et</strong></span> <span class='ocrx_word' id='word_1_314' title='bbox 986 3715 1034 3747; x_wconf 88' lang='lat' dir='ltr'><strong>res.</strong></span> <span class='ocrx_word' id='word_1_315' title='bbox 1068 3698 1195 3750; x_wconf 80' lang='lat' dir='ltr'><strong>Similiter</strong></span> <span class='ocrx_word' id='word_1_316' title='bbox 1204 3697 1271 3761; x_wconf 71' lang='lat' dir='ltr'><strong>Ouid</strong></span> 
     </span>
    </p>
   </div>
   <div class='ocr_carea' id='block_1_14' title="bbox 200 3765 1272 3914">
    <p class='ocr_par' dir='ltr' id='par_1_15' title="bbox 200 3765 1272 3914">
     <span class='ocr_line' id='line_1_39' title="bbox 200 3765 1257 3845; baseline 0.018 -19"><span class='ocrx_word' id='word_1_317' title='bbox 200 3795 266 3844; x_wconf 84' lang='lat' dir='ltr'><strong>quae</strong></span> <span class='ocrx_word' id='word_1_318' title='bbox 289 3790 373 3829; x_wconf 89' lang='lat' dir='ltr'><strong>autem</strong></span> <span class='ocrx_word' id='word_1_319' title='bbox 389 3783 525 3831; x_wconf 83' lang='lat' dir='ltr'><strong>secuudum</strong></span> <span class='ocrx_word' id='word_1_320' title='bbox 544 3792 659 3832; x_wconf 82' lang='lat' dir='ltr'><strong>naturam</strong></span> <span class='ocrx_word' id='word_1_321' title='bbox 676 3801 718 3832; x_wconf 84' lang='lat' dir='ltr'><strong>es·</strong></span> <span class='ocrx_word' id='word_1_322' title='bbox 752 3765 1011 3844; x_wconf 46' lang='lat' dir='ltr'><strong>P⁰¹¹hm12⁵f47¹</strong></span> <span class='ocrx_word' id='word_1_323' title='bbox 1031 3830 1037 3844; x_wconf 86' lang='lat'><strong>.</strong></span> <span class='ocrx_word' id='word_1_324' title='bbox 1251 3832 1257 3845; x_wconf 96' lang='lat'><strong>.</strong></span> 
     </span>
     <span class='ocr_line' id='line_1_40' title="bbox 200 3832 1272 3914; baseline 0.016 -20"><span class='ocrx_word' id='word_1_325' title='bbox 200 3854 272 3908; x_wconf 83' lang='lat' dir='ltr'><strong>sent,</strong></span> <span class='ocrx_word' id='word_1_326' title='bbox 296 3865 325 3897; x_wconf 86' lang='lat' dir='ltr'><strong>ea</strong></span> <span class='ocrx_word' id='word_1_327' title='bbox 340 3847 461 3898; x_wconf 86' lang='lat' dir='ltr'><strong>sumenda</strong></span> <span class='ocrx_word' id='word_1_328' title='bbox 477 3878 509 3887; x_wconf 95' lang='lat'>-</span> <span class='ocrx_word' id='word_1_329' title='bbox 527 3849 651 3899; x_wconf 80' lang='lat' dir='ltr'><strong>docebat:</strong></span> <span class='ocrx_word' id='word_1_330' title='bbox 676 3850 718 3899; x_wconf 93' lang='lat' dir='ltr'><strong>ubi</strong></span> <span class='ocrx_word' id='word_1_331' title='bbox 787 3832 868 3883; x_wconf 63' lang='lat' dir='ltr'><strong>crede</strong></span> <span class='ocrx_word' id='word_1_332' title='bbox 892 3832 969 3885; x_wconf 75' lang='lat' dir='ltr'>¹¹¹¹h¹²</span> <span class='ocrx_word' id='word_1_333' title='bbox 1004 3849 1110 3885; x_wconf 51' lang='grc' dir='ltr'><strong>ΝΜ</strong></span> <span class='ocrx_word' id='word_1_334' title='bbox 1139 3833 1272 3914; x_wconf 61' lang='lat' dir='ltr'><strong>Prud‘nm</strong></span> 
     </span>
    </p>
   </div>
   <div class='ocr_carea' id='block_1_15' title="bbox 193 3900 1269 4257">
    <p class='ocr_par' dir='ltr' id='par_1_16' title="bbox 200 3900 1269 4121">
     <span class='ocr_line' id='line_1_41' title="bbox 200 3900 1236 3982; baseline 0.009 -21"><span class='ocrx_word' id='word_1_335' title='bbox 200 3929 224 3962; x_wconf 90' lang='lat' dir='ltr'><strong>v.</strong></span> <span class='ocrx_word' id='word_1_336' title='bbox 240 3915 364 3964; x_wconf 84' lang='lat' dir='ltr'><strong>Goerenz.</strong></span> <span class='ocrx_word' id='word_1_337' title='bbox 383 3934 407 3982; x_wconf 89' lang='lat' dir='ltr'><strong>p.</strong></span> <span class='ocrx_word' id='word_1_338' title='bbox 423 3919 464 3972; x_wconf 85' lang='lat'><strong>57.</strong></span> <span class='ocrx_word' id='word_1_339' title='bbox 1004 3900 1085 3968; x_wconf 73' lang='lat' dir='ltr'><strong>Prima</strong></span> <span class='ocrx_word' id='word_1_340' title='bbox 1102 3901 1236 3970; x_wconf 77' lang='lat' dir='ltr'><strong>rehoquit,</strong></span> 
     </span>
     <span class='ocr_line' id='line_1_42' title="bbox 250 3969 1269 4049; baseline 0.001 -33"><span class='ocrx_word' id='word_1_341' title='bbox 250 3982 323 4033; x_wconf 57' lang='lat' dir='ltr'><em>nihil</em></span> <span class='ocrx_word' id='word_1_342' title='bbox 332 3983 369 4047; x_wconf 78' lang='lat' dir='ltr'><strong>ut)</strong></span> <span class='ocrx_word' id='word_1_343' title='bbox 385 3982 416 4031; x_wconf 69' lang='lat' dir='ltr'><strong>v,</strong></span> <span class='ocrx_word' id='word_1_344' title='bbox 425 3981 554 4032; x_wconf 75' lang='lat' dir='ltr'><strong>annotata</strong></span> <span class='ocrx_word' id='word_1_345' title='bbox 566 3984 592 4033; x_wconf 69' lang='lat' dir='ltr'><strong>j„</strong></span> <span class='ocrx_word' id='word_1_346' title='bbox 602 3986 632 4034; x_wconf 63' lang='grc' dir='ltr'><strong>Π,</strong></span> <span class='ocrx_word' id='word_1_347' title='bbox 641 3985 667 4047; x_wconf 56' lang='lat'><strong>4,</strong></span> <span class='ocrx_word' id='word_1_348' title='bbox 677 3989 717 4042; x_wconf 66' lang='grc' dir='ltr'><strong>ῃ,</strong></span> <span class='ocrx_word' id='word_1_349' title='bbox 818 3969 852 4020; x_wconf 88' lang='lat' dir='ltr'><strong>Et</strong></span> <span class='ocrx_word' id='word_1_350' title='bbox 865 3984 1025 4049; x_wconf 66' lang='lat' dir='ltr'><strong>censueram</strong></span> <span class='ocrx_word' id='word_1_351' title='bbox 1039 3987 1069 4018; x_wconf 82' lang='lat' dir='ltr'><strong>re</strong></span> <span class='ocrx_word' id='word_1_352' title='bbox 1083 3971 1269 4048; x_wconf 73' lang='lat' dir='ltr'><strong>consiliumque</strong></span> 
     </span>
     <span class='ocr_line' id='line_1_43' title="bbox 250 4036 1140 4121; baseline 0.007 -24"><span class='ocrx_word' id='word_1_353' title='bbox 250 4048 310 4098; x_wconf 76' lang='lat' dir='ltr'><strong>Cur.</strong></span> <span class='ocrx_word' id='word_1_354' title='bbox 327 4050 422 4098; x_wconf 87' lang='lat' dir='ltr'><strong>XVIII.</strong></span> <span class='ocrx_word' id='word_1_355' title='bbox 453 4053 494 4107; x_wconf 82' lang='grc'><strong>39.</strong></span> <span class='ocrx_word' id='word_1_356' title='bbox 529 4052 598 4115; x_wconf 83' lang='lat' dir='ltr'><strong>Quid</strong></span> <span class='ocrx_word' id='word_1_357' title='bbox 620 4053 737 4121; x_wconf 81' lang='lat' dir='ltr'><strong>ergo?)·</strong></span> <span class='ocrx_word' id='word_1_358' title='bbox 1059 4036 1140 4116; x_wconf 37' lang='lat'>5¹8¹&amp;</span> 
     </span>
    </p>

    <p class='ocr_par' dir='ltr' id='par_1_17' title="bbox 201 4102 1265 4184">
     <span class='ocr_line' id='line_1_44' title="bbox 201 4102 1265 4184; baseline 0.008 -17"><span class='ocrx_word' id='word_1_359' title='bbox 201 4116 235 4167; x_wconf 82' lang='grc' dir='ltr'><strong>Τί</strong></span> <span class='ocrx_word' id='word_1_360' title='bbox 250 4110 318 4177; x_wconf 59' lang='lat' dir='ltr'><strong>olm</strong></span> <span class='ocrx_word' id='word_1_361' title='bbox 342 4114 446 4182; x_wconf 83' lang='lat' dir='ltr'><strong>supple:</strong></span> <span class='ocrx_word' id='word_1_362' title='bbox 470 4117 599 4169; x_wconf 80' lang='lat' dir='ltr'><strong>videtur?</strong></span> <span class='ocrx_word' id='word_1_363' title='bbox 623 4120 716 4180; x_wconf 66' lang='grc' dir='ltr'><strong><em>δοκεῖς</em></strong></span> <span class='ocrx_word' id='word_1_364' title='bbox 750 4102 854 4180; x_wconf 60' lang='lat' dir='ltr'><strong>resena</strong></span> <span class='ocrx_word' id='word_1_365' title='bbox 868 4104 931 4153; x_wconf 70' lang='lat' dir='ltr'>Eun·</span> <span class='ocrx_word' id='word_1_366' title='bbox 946 4105 1022 4182; x_wconf 56' lang='lat' dir='ltr'><strong>m)</strong></span> <span class='ocrx_word' id='word_1_367' title='bbox 1035 4108 1083 4182; x_wconf 79' lang='lat'><strong>,1⁰⁰</strong></span> <span class='ocrx_word' id='word_1_368' title='bbox 1106 4105 1197 4184; x_wconf 49' lang='grc' dir='ltr'><strong>ἕω]</strong></span> <span class='ocrx_word' id='word_1_369' title='bbox 1212 4119 1265 4155; x_wconf 61' lang='lat'><em>⁶⁰³²·</em></span> 
     </span>
    </p>

    <p class='ocr_par' dir='ltr' id='par_1_18' title="bbox 193 4170 1264 4257">
     <span class='ocr_line' id='line_1_45' title="bbox 193 4170 1264 4257; baseline 0.007 -25"><span class='ocrx_word' id='word_1_370' title='bbox 193 4184 250 4245; x_wconf 81' lang='lat' dir='ltr'><strong>Qua</strong></span> <span class='ocrx_word' id='word_1_371' title='bbox 263 4200 320 4233; x_wconf 88' lang='lat' dir='ltr'><strong>cum</strong></span> <span class='ocrx_word' id='word_1_372' title='bbox 333 4182 504 4237; x_wconf 80' lang='lat' dir='ltr'><strong>admiratione</strong></span> <span class='ocrx_word' id='word_1_373' title='bbox 519 4202 534 4238; x_wconf 83' lang='lat' dir='ltr'><strong>e</strong></span> <span class='ocrx_word' id='word_1_374' title='bbox 547 4186 717 4257; x_wconf 81' lang='lat' dir='ltr'><strong>superioribus</strong></span> <span class='ocrx_word' id='word_1_375' title='bbox 749 4170 840 4221; x_wconf 57' lang='lat' dir='ltr'><strong>*ullum</strong></span> <span class='ocrx_word' id='word_1_376' title='bbox 850 4189 909 4223; x_wconf 63' lang='lat' dir='ltr'><strong>‘um</strong></span> <span class='ocrx_word' id='word_1_377' title='bbox 918 4190 948 4221; x_wconf 66' lang='grc' dir='ltr'><strong>Γθ</strong></span> <span class='ocrx_word' id='word_1_378' title='bbox 957 4171 1059 4222; x_wconf 55' lang='lat' dir='ltr'><strong>amm?</strong></span> <span class='ocrx_word' id='word_1_379' title='bbox 1076 4170 1121 4223; x_wconf 58' lang='lat'><strong>“¹²¹</strong></span> <span class='ocrx_word' id='word_1_380' title='bbox 1139 4190 1162 4223; x_wconf 68' lang='lat' dir='ltr'><strong>V·</strong></span> <span class='ocrx_word' id='word_1_381' title='bbox 1171 4170 1264 4225; x_wconf 51' lang='grc' dir='ltr'><strong>ΒΜ</strong></span> 
     </span>
    </p>
   </div>
   <div class='ocr_carea' id='block_1_16' title="bbox 181 4249 1236 4324">
    <p class='ocr_par' dir='ltr' id='par_1_19' title="bbox 181 4249 1236 4324">
     <span class='ocr_line' id='line_1_46' title="bbox 181 4249 1236 4324; baseline 0.026 -25"><span class='ocrx_word' id='word_1_382' title='bbox 181 4249 287 4319; x_wconf 81' lang='lat' dir='ltr'><strong>aliquid</strong></span> <span class='ocrx_word' id='word_1_383' title='bbox 313 4252 458 4323; x_wconf 76' lang='lat' dir='ltr'><strong>colligendi</strong></span> <span class='ocrx_word' id='word_1_384' title='bbox 483 4254 599 4311; x_wconf 72' lang='lat' dir='ltr'><strong>formula</strong></span> <span class='ocrx_word' id='word_1_385' title='bbox 620 4263 723 4309; x_wconf 69' lang='lat' dir='ltr'><strong>rueres</strong></span> <span class='ocrx_word' id='word_1_386' title='bbox 807 4255 986 4324; x_wconf 50' lang='lat' dir='ltr'><strong>antiquati·</strong></span> <span class='ocrx_word' id='word_1_387' title='bbox 999 4259 1084 4317; x_wconf 60' lang='lat' dir='ltr'><strong>ulis</strong></span> <span class='ocrx_word' id='word_1_388' title='bbox 1098 4259 1142 4314; x_wconf 62' lang='lat' dir='ltr'><strong>ffi·</strong></span> <span class='ocrx_word' id='word_1_389' title='bbox 1158 4255 1236 4324; x_wconf 53' lang='grc' dir='ltr'><strong>ΨΜ·</strong></span> 
     </span>
    </p>
   </div>
   <div class='ocr_carea' id='block_1_17' title="bbox 0 0 1324 4626">
    <p class='ocr_par' dir='ltr' id='par_1_20' title="bbox 0 0 1324 4626">
     <span class='ocr_line' id='line_1_47' title="bbox 0 0 1324 4626; baseline 0 1"><span class='ocrx_word' id='word_1_390' title='bbox 0 0 1324 4626; x_wconf 95' lang='lat' dir='ltr'><strong> </strong></span> 
     </span>
    </p>
   </div>
  </div>
 </body>
</html>
