2640 4626
544 225 673 276 umen
693 227 725 276 u.
743 231 767 283 7.
1134 215 1193 281 155

118 364 192 419 tum
217 345 252 417 in
274 342 387 418 dolore
404 341 497 415 duxit
513 340 600 414 mali.
625 343 735 430 ceteri,
759 359 892 443 praeter
906 345 1091 430 Zenonem,
1117 345 1194 417 Ari-

119 439 271 536 sloucm,
295 445 521 549 Pyrrhonem,
546 443 634 517 idem
655 443 740 533 fere,
767 445 857 545 quod
879 446 979 520 modo
994 462 1046 519 tu:
1073 446 1194 520 malum

118 550 204 624 illud
223 549 377 650 quidem,
403 547 462 620 sed
481 545 544 619 alia
559 545 682 646 peiora.

225 661 281 745 16.
306 652 395 748 Ergo
420 650 457 722 id
478 649 569 748 quod
584 654 700 721 natura
720 649 792 750 ipsa
810 665 840 722 et
858 651 1019 748 quaedam
1035 678 1195 748 generosa

119 757 226 829 virtus
252 754 362 826 statim
385 753 529 852 respuit,
554 779 596 824 ne
617 750 764 824 dolorem
786 780 950 825 summum
965 751 1086 826 malum
1106 754 1196 827 dice-

120 886 197 946 res,
232 855 453 956 oppositoque
478 853 639 936 dedecore
666 854 826 927 sententia
850 854 1065 955 depellerere,
1091 855 1124 928 in
1156 884 1195 929 eo

120 959 281 1058 magistra
311 960 396 1030 vitae
424 955 640 1057 philosophia
665 971 715 1028 tot
740 956 869 1030 saecula
899 974 1078 1058 permanet.
1104 958 1196 1057 quod

120 1063 203 1136 huic
230 1060 395 1146 officium,
420 1087 503 1158 quae
534 1057 622 1146 laus,
648 1058 738 1158 quod
764 1059 865 1132 decus
893 1061 955 1135 erit
978 1061 1079 1147 tanti,
1105 1059 1196 1159 quod

123 1164 268 1265 adipisci
286 1190 361 1236 cum
379 1161 493 1234 dolore
506 1160 661 1261 'corporis
675 1161 768 1249 velit,
795 1162 852 1261 qui
868 1162 1015 1236 dolorem
1031 1190 1195 1234 summum

121 1267 250 1341 malum
276 1264 341 1339 sibi
368 1291 439 1338 esse
463 1264 685 1363 persuaserit?
711 1291 809 1361 quam
832 1292 934 1362 porro
957 1265 1032 1363 quis
1054 1265 1197 1362 ignomi-

122 1369 235 1456 niam,
262 1396 362 1468 quam
384 1366 625 1466 turpitudinem
637 1393 706 1439 non
721 1364 906 1465 pertulerit,
931 1383 968 1437 ut
984 1366 1120 1464 effugiat
1136 1366 1197 1439 do·

121 1472 248 1560 lorem,
273 1471 303 1544 si
315 1470 352 1543 id
367 1496 531 1561 summum
545 1467 667 1541 malum
685 1495 756 1541 esse
772 1468 973 1542 decreverit?
998 1468 1073 1568 quis
1089 1484 1197 1542 autem

122 1602 196 1647 uon
221 1573 339 1660 miser,
363 1600 433 1644 non
447 1571 549 1645 modo
566 1586 661 1659 tunc,
687 1598 788 1672 quum
802 1587 972 1672 premetur
986 1572 1123 1643 summis
1138 1571 1199 1643 do-

123 1677 273 1763 loribus,
298 1675 326 1747 si
344 1674 380 1754 in
398 1673 470 1746 iis6
490 1689 540 1746 est
554 1684 721 1746 'summum
737 1672 879 1762 malum,
906 1674 1078 1746 sedetiam
1097 1701 1198 1773 quum

114 1778 211 1853 ¹sciet
234 1778 271 1851 id
294 1776 359 1850 sibi
385 1802 487 1876 posse
501 1775 653 1849 evenire?
667 1792 712 1849 et
730 1776 805 1876 quis
821 1793 887 1864 est,
913 1775 966 1850 eui
984 1805 1054 1849 non
1069 1775 1199 1876 possit?

125 1883 179 1954 Ita
195 1879 248 1968 fit,
273 1895 311 1951 ut
328 1878 465 1977 omnino
486 1906 584 1962 nemo
603 1904 674 1950 esse
691 1879 799 1978 possit
815 1879 940 1952 beatus.

231 1990 287 2062 17.
311 1981 526 2054 Metrodorus
553 1980 687 2078 quidem
714 2008 788 2053 eum
810 1982 981 2080 perfecte⁷
1006 1996 1101 2080 putat
1122 1982 1200 2054 bea-

125 2081 215 2173 tuiu,
242 2083 295 2157 cui
324 2110 445 2186 corpus
478 2082 563 2156 bene
596 2082 807 2154 constitutum
840 2084 901 2171 sit,
928 2099 960 2156 et
983 2082 1201 2183 exploratum,

126 2189 176 2287 ita
203 2213 334 2286 semper
355 2185 436 2258 sore.
462 2184 537 2282 quis
562 2201 670 2257 autem
698 2201 745 2258 est
766 2182 844 2273 iste,
871 2185 923 2258 cui
944 2185 980 2258 id
996 2184 1200 2285 exploratum

128 2280 237 2390 possit
255 2289 349 2365 esse?
382 2288 454 2359 Vll.
473 2286 638 2386 Epicurus
656 2315 733 2359 vero
752 2315 790 2359 ea
807 2287 898 2375 dicit,
923 2305 960 2359 ut
969 2288 1052 2361 mihi
1066 2289 1200 2386 quidem

129 2393 218 2464 risus
234 2407 365 2492 captare
381 2389 537 2463 videatur.
564 2384 706 2461 affirmat
720 2389 806 2466 enim
826 2389 969 2488 quodam
986 2389 1071 2477 loco,
1087 2391 1115 2462 si
1126 2384 1202 2462 ura-

128 2511 185 2567 tur
200 2493 352 2594 sapiens,
377 2491 405 2565 si
421 2491 584 2566 crucietur
601 2537 647 2548 -
669 2508 838 2591 exspectas
854 2491 993 2564 sortasse
1009 2491 1089 2567 dum
1105 2491 1204 2580 dieat,

130 2597 284 2698 patietur,
301 2594 453 2695 perferet,
469 2621 539 2667 non
554 2594 762 2674 succumbet:
787 2623 904 2692 magna
920 2593 1105 2667 mehercule
1120 2593 1203 2683 laus,

132 2717 165 2774 et
193 2728 232 2772 eo
262 2698 358 2798 ipso,
383 2725 445 2798 per
474 2706 573 2797 quem
589 2696 694 2791 iuravi
707 2752 717 2785 ,
742 2696 882 2770 Hercule
901 2697 1018 2796 digna:
1046 2697 1105 2771 sed
1121 2691 1203 2798 Episs
1231 2697 1237 2711 '

200 2855 217 2910 6
234 2849 275 2902 Sic
296 2851 341 2900 SE.
359 2878 392 2887 -
408 2852 452 2915 Or,
471 2867 492 2899 o.
507 2849 576 2915 vulg.
592 2850 645 2902 lrr's.
663 2849 741 2900 Male.
759 2851 790 2901 V,
808 2834 873 2902 sun.
891 2850 918 2900 in
940 2852 959 2900 Ι.
976 2854 1014 2912 3,
1027 2856 1052 2908 5.
1085 2857 1102 2907 7
1119 2852 1162 2900 Or.
1181 2869 1203 2901 c.

133 2924 208 2993 Beut.
228 2918 308 2969 Godd.
325 2919 357 2968 D.
372 2915 494 2987 perfecte
509 2935 574 2968 eum.

132 3019 271 3088 praemissa
309 3016 480 3086 reperiuntur:
514 3005 654 3069 cuiusmodi
686 3019 774 3070 xaudr.
790 3022 883 3069 strom.
899 3020 931 3069 ΙΙ.
949 3037 975 3087 p.
990 3020 1050 3079 498.
1068 3015 1200 3086 Ἀγαθὸν,

133 3086 410 3168 epemplsbeneprolta
423 3085 528 3152 collegit
542 3085 654 3153 diligen·
687 3087 756 3155 φησί
773 3088 829 3174 (sep
837 3084 852 3138 d
872 3085 1093 3173 Mprpddnope),
1111 3088 1204 3155 ψυχῆς

131 3167 171 3206 tra
185 3152 346 3205 Rsmshornu
356 3157 416 3202 Lat.
430 3155 544 3203 Gramm.
561 3156 583 3224 §.
594 3157 653 3212 161.
686 3155 714 3207 τί
730 3152 796 3208 ἄλλο
812 3155 875 3221 ητὸ
891 3170 993 3221 oupnoe
1010 3154 1211 3216 evocassem-1

133 3225 167 3288 2)
197 3284 201 3289 Ι
243 3218 246 3223 “
283 3257 290 3270 .
325 3223 366 3271 Sic
386 3220 453 3271 infra
474 3223 517 3271 IV.
544 3228 592 3285 17,
610 3227 652 3280 38.
687 3221 868 3290 τάστημακαὶ
877 3223 909 3275 τὸ
919 3220 982 3288 περὶ
992 3220 1203 3286 ταύτηςπιστὸν

283 3305 309 3339 a·
687 3288 823 3357 ltrrtopoc3
847 3288 931 3341 Plura
946 3289 1034 3341 attulit
1060 3291 1135 3340 Beier
1171 3288 1204 3340 ad

186 3358 200 3414 1
242 3354 524 3426 ‘quaedomgenerosrd
534 3355 654 3406 Similiter
688 3357 737 3408 off.
750 3358 769 3407 l.
785 3375 808 3406 c.
824 3348 926 3425 p.*407'.
941 3357 979 3425 s'q.
996 3355 1068 3407 Adde
1084 3357 1151 3407 infra
1170 3359 1202 3409 V.

135 3425 655 3502 cum“curationevocogenerorus,quae
687 3429 713 3484 9.
728 3431 770 3482 27.

154 3492 239 3560 roprie
252 3488 383 3542 diciturde
396 3490 475 3558 stirpe
491 3490 654 3553 nobihssrma,
739 3493 798 3541 Cur.
816 3493 871 3542 VII.
890 3488 1026 3560 affirmat)
1053 3491 1144 3543 Oratio
1165 3501 1204 3543 est
1303 3524 1315 3541 .·

162 3559 237 3609 ullius
251 3577 310 3609 usus
332 3569 370 3610 est
384 3560 456 3627 Lael.
472 3560 528 3620 IX,
545 3559 587 3616 29.
604 3558 655 3625 ho-
688 3556 891 3618 ἅνακόλονθος.
928 3558 1114 3609 Sententiarum
1138 3559 1205 3609 enim

134 3627 223 3678 milem
235 3645 296 3677 sone
303 3628 448 3694 relinquunt
463 3635 490 3676 et
496 3625 597 3676 minime
604 3644 656 3697 ge·
685 3627 753 3678 ordo
769 3642 783 3676 e
796 3625 959 3693 grammatica
975 3626 1075 3678 ratione
1090 3626 1127 3677 sio
1140 3644 1204 3694 pro-

137 3713 280 3792 cur.
365 3695 537 3812 terrra
573 3703 656 3821 ⁰¹²3?
690 3688 1207 3814 ttttttutrtrrts‘r

137 3771 417 3889 mdblllhletrodorbs
441 3796 555 3899 quidem)
569 3779 657 3894 Ρ,ριιίζ
690 3780 1207 3902 drucietwlexipeotas-sotrlidqui'd?
1229 3898 1231 3902 v

138 3899 200 3949 dem
214 3897 348 3966 significat,
366 3898 528 3949 uthocutor.
562 3898 595 3949 V.
611 3915 656 3948 su-
690 3900 763 3949 siin
787 3896 949 3950 Phalaridis
974 3912 1058 3950 'tauro
1083 3901 1134 3961 sir,
1161 3898 1206 3949 di·
1270 3928 1272 3932 v

137 3982 186 4035 pra
203 3965 236 4015 od
249 3968 268 4015 Ι.
282 3971 331 4028 22,
348 3970 390 4024 51.
650 4034 656 4046 ·
689 3978 793 4031 oturrtm
816 3985 875 4018 esse
897 3977 946 4019 etc.
979 3969 1011 4020 V.
1035 3967 1165 4050 Adnotatu
1180 3965 1208 4016 in

138 4051 339 4162 sentcehllaulol':
365 4035 658 4175 eorpppbessblptgpdpp
692 4053 715 4086 c·
733 4039 880 4184 lieltherus
898 4104 960 4155 dum
983 4103 1064 4170 dicar)
1089 4100 1208 4169 Exquisi-

140 4170 174 4221 de
183 4162 263 4221 Ottic.r
273 4169 316 4220 111.
329 4171 372 4233 33,
390 4170 445 4229 117.
463 4169 568 4224 infruV.
581 4175 658 4234 9,27.
691 4170 742 4222 tius
760 4171 862 4222 'drotum
885 4188 952 4240 pro:
982 4179 1133 4249 exspectas}
1151 4184 1211 4233 eum

141 4240 242 4289 Graeca
257 4243 389 4289 servorun
402 4250 444 4306 ap.
460 4237 584 4290 Glomout.
595 4237 660 4290 Alea
695 4237 830 4292 dicturum
844 4259 913 4293 esse.
966 4251 976 4261 “
