2640 4626
540 230 669 282 ursus
686 231 729 281 Ν.
746 233 787 288 eo
1130 222 1193 291 291

125 348 209 450 quid
231 347 355 421 habere
376 346 480 421 velis?
504 376 580 421 nam
604 347 711 420 solum
734 347 857 422 habere
873 349 971 439 velle,
997 378 1125 425 summa
1138 351 1196 427 de-

125 469 248 526 mentia
265 468 320 523 est.

228 563 285 633 57.
309 551 557 626 Mediocritates
579 568 686 624 autem
709 552 871 626 malorum
894 553 969 653 quis
995 553 1129 629 laudare
1143 584 1195 630 re-

125 674 177 731 cte
202 656 335 757 possit?
360 654 434 753 quis
464 654 551 728 eni-m
576 670 704 754 potest,
730 657 764 726 in
783 682 849 755 quo
867 655 972 756 iibido
991 658 1194 758 cupiditasve

124 762 186 846 sit,
218 786 288 830 non
311 756 509 829 libidinosus
531 774 562 829 et
586 758 728 857 cupidus
757 761 850 832 esse?
876 759 912 830 in
938 787 1003 859 quo
1032 760 1100 849 ira,
1126 790 1195 834 non

125 860 329 935 iracundus?
351 860 396 957 in
422 887 488 958 quo
515 887 635 958 angor,
669 887 737 931 non
760 862 902 933 anxius?
935 861 969 934 in
994 890 1060 961 quo
1084 863 1194 950 timor,

122 992 196 1037 non
228 961 387 1038 timidus?
420 960 636 1035 libidinosum
669 961 786 1059 igitur,
802 1009 806 1017 ·
820 966 871 1064 [et
899 965 1056 1063 cupidum
1072 967 1128 1068 ⁸,]
1162 980 1194 1039 et

124 1065 341 1150 iracundum,
376 1080 408 1136 et
435 1064 584 1152 anxium,
618 1082 649 1137 et
668 1065 827 1143 ,timidum
851 1094 1021 1139 censemus
1045 1095 1116 1140 esse
1142 1095 1195 1139 sa-

125 1169 298 1271 pientem?
330 1167 381 1239 De
409 1167 502 1239 cuius
522 1165 710 1240 excellentia
725 1166 827 1241 multa
846 1167 979 1268 quidem
997 1169 1064 1241 dici
1079 1198 1194 1268 quam-

124 1273 177 1344 vis
212 1270 285 1343 fuse
316 1268 449 1368 lateque,
473 1280 665 1368 possunt03
699 1270 759 1342 sed
788 1264 988 1344 brevissime·
1003 1270 1059 1343 illo
1082 1273 1194 1359 modo,

125 1373 323 1474 sapientiam
351 1399 422 1444 esse
446 1400 556 1444 rerum
580 1372 767 1445 divinarum
792 1389 823 1446 et
846 1373 1063 1446 humanarum
1088 1375 1193 1446 scien·
1253 1405 1257 1410 ’

123 1478 222 1563 tiam,
249 1474 553 1574 cognitionemque,
579 1501 662 1574 quae
689 1476 848 1574 cuiusque
875 1476 923 1548 rei
947 1504 1062 1548 caussa
1078 1476 1128 1548 sit.
1155 1504 1195 1549 ex

116 1607 193 1679 quo
211 1577 359 1663 efficitur,
384 1593 422 1648 ut
440 1578 550 1650 divina
564 1577 718 1664 imitetur,
745 1577 889 1650 hnmana
906 1579 1017 1651 onmia
1036 1577 1194 1652 inferiora

125 1682 244 1755 virtute
269 1680 374 1751 ducat.
424 1680 464 1751 ln
495 1678 581 1777 hanc
595 1690 614 1728 ²
636 1679 817 1776 tu²igitur,
842 1685 1010 1780 tamquam
1034 1680 1067 1751 in
1094 1695 1193 1767 mam,

124 1783 218 1883 quod
241 1797 290 1855 est
313 1780 418 1852 ventis
445 1780 646 1869 subiectum,
679 1782 960 1881 perturbationem
987 1782 1105 1856 cadere
1130 1775 1194 1853 tibi

124 1884 238 1959 dixisti
265 1884 394 1956 videri?
429 1883 510 1982 quid
537 1900 605 1972 est,
641 1884 731 1983 qnod
753 1901 875 1957 tantam
899 1885 1089 1982 gravitatem
1114 1912 1193 1957 con-

124 1987 343 2085 stantiamque
379 1985 573 2085 perturbet?
605 2014 645 2058 an
682 1987 897 2085 improvisum
931 1978 1073 2085 aliquid,
1106 1994 1188 2057 ant²

123 2089 358 2190 repentinum?
384 2087 464 2186 quid
483 2104 593 2187 potest
607 2088 756 2178 accidere
773 2088 836 2161 tale
855 2089 895 2175 ei,
912 2089 964 2161 cui
982 2087 1076 2174 nihil,
1102 2087 1194 2186 quod
1272 2100 1277 2114 ‘
1315 2080 1316 2087 ἵ

123 2191 254 2266 homini
274 2190 402 2289 evenire
420 2191 536 2288 possit,
564 2192 650 2291 [non
668 2191 940 2290 praemeditatum
961 2191 1003 2262 sit
1018 2197 1033 2242 ³
1047 2192 1080 2365 ,Ἴ
1107 2192 1194 2262 Nam

122 2295 217 2396 quod
243 2294 349 2378 aiunt,
374 2292 475 2364 nimia
502 2292 642 2365 resecari
661 2310 832 2392 oportere,
856 2292 1017 2365 naturalia
1031 2321 1066 2366 re
1081 2291 1192 2391 inqui:

122 2398 215 2497 qnid
236 2395 369 2468 tandem
396 2411 504 2494 potest
531 2423 602 2468 esse
628 2395 792 2482 naturale,
826 2395 917 2494 quod
940 2395 1027 2466 idem
1053 2389 1192 2466 nimium

123 2528 198 2574 csse
221 2499 354 2599 possit?
379 2513 454 2570 sunt
479 2497 565 2572 enim
591 2496 702 2570 omnia
719 2497 781 2569 ista
802 2526 839 2572 ex
850 2525 1001 2570 errorum
1016 2512 1086 2569 orta
1104 2495 1193 2568 redi-

192 2735 310 2796 8Verba
329 2733 401 2785 uncis
425 2744 497 2803 septa
520 2751 571 2786 non
594 2745 742 2803 comparent
763 2734 790 2786 ita
810 2722 841 2787 R.
859 2734 965 2802 aliisque
980 2733 1059 2784 Codd.
1077 2732 1146 2783 Hinc
1162 2749 1193 2783 cu

143 2807 202 2858 lane
224 2803 305 2853 delev.
323 2803 354 2851 D.
371 2829 404 2841 ·-
421 2805 480 2852 Ern.
504 2821 527 2853 c.
550 2801 618 2869 vulg.
644 2803 697 2854 sine
720 2801 798 2853 uncis.
841 2809 858 2861 9
878 2803 921 2854 Sic
945 2806 1008 2860 0311.
1027 2803 1055 2850 P.
1074 2800 1141 2850 Lall.
1158 2827 1193 2838 -·

122 2826 183 2927 Em.
201 2891 223 2922 o.
242 2869 322 2920 Codd.
339 2869 464 2936 plerisque
490 2881 517 2919 et
538 2870 603 2920 Edd.
620 2880 681 2920 vett.
696 2871 812 2939 possint.-
845 2870 929 2927 1ntii
955 2870 984 2920 in
1008 2869 1083 2917 hunc.
1117 2866 1192 2924 2Sic

122 2944 149 2994 b.
173 2940 225 2991 CV.
244 2937 324 2988 Gebh.
343 2935 409 2986 Latt.
427 2964 460 2976 -—
475 2933 526 2987 Atii
550 2950 635 3016 atque.
672 2938 789 2994 3Verba
813 2936 883 2987 uncis
905 2936 1143 3002 inclusuleguntur
1164 2934 1192 2983 in

122 3010 169 3063 Ed.
188 3015 238 3058 vet.
256 3004 337 3055 Bouh.
355 3006 416 3065 stt,
434 3004 501 3054 haud
528 3004 604 3055 dubie
620 3023 651 3054 ex
667 3004 787 3071 interpol.
806 3005 872 3054 Nam
889 3004 932 3053 atti
948 3004 1015 3054 aliud
1028 3001 1192 3070 supplemen-

120 3091 177 3129 tum
201 3072 327 3126 exhibent.
351 3073 409 3122 Ern.
436 3091 457 3123 c.
483 3072 552 3138 vulg.
574 3072 645 3134 tole,
669 3085 695 3122 et
718 3074 760 3121 etti
783 3072 870 3132 nihil,
889 3072 957 3140 quod
982 3071 1008 3122 ἱι.
1035 3089 1057 3120 e.
1081 3069 1192 3140 possit?

121 3146 196 3200 Nam
210 3151 259 3192 cet.

118 3276 252 3360 quomodo
264 3275 300 3338 id,
313 3274 381 3342 quod
391 3273 453 3324 alius
467 3273 552 3336 habet,
568 3291 639 3324 asse·
673 3271 792 3323 Ochsner.
807 3273 860 3322 Ecl.
870 3273 921 3325 Cic.
936 3290 962 3339 p.
978 3276 1019 3330 97.
1036 3289 1072 3340 sq.
1090 3237 1188 3325 Ernest.

122 3365 166 3416 qur
180 3344 271 3414 possis.
675 3342 743 3391 Glev.
761 3359 781 3391 s.
799 3359 822 3390 v.
838 3342 954 3391 divinus.
1095 3388 1098 3393 ,

723 3411 757 3458 In
772 3409 841 3458 hanc
856 3408 892 3474 tu)
907 3409 978 3456 Haec
992 3414 1030 3455 est
1038 3402 1116 3463 lectio
1130 3404 1190 3453 vul-

177 3452 219 3506 57'
237 3440 436 3515 quamviifmd
459 3444 490 3495 γ’
511 3443 640 3494 Admtata
693 3487 733 3526 atu
792 3492 821 3524 ro
858 3493 888 3524 ua
902 3474 1017 3522 Davisius
1054 3474 1201 3521 Erannum

121 3518 149 3568 in
164 3516 185 3565 I.
199 3516 249 3575 21,
265 3514 307 3617 471·
675 3493 994 3603 ieceisiim,i.embinurrr
1018 3511 1132 3604 aitiosque
1145 3509 1190 3587 se:

172 3611 534 3685 sapientiam—caussatio
549 3610 643 3660 Sinin·-
676 3621 767 3678 quotus
781 3609 866 3660 dedit:
890 3612 920 3658 in
937 3610 1006 3657 Ιιιιησ
1020 3620 1056 3667 tu',
1072 3616 1102 3655 ut
1118 3607 1189 3654 refe-

122 3688 162 3737 l'ra
179 3686 245 3745 V.3,
259 3686 284 3740 7.
301 3683 341 3731 De
348 3680 486 3747 sapientiae
493 3677 640 3728 definitione
675 3688 746 3729 ratur
759 3676 792 3727 ad
805 3677 952 3743 sapientem:
978 3679 1049 3738 Quae
1065 3672 1189 3723 correctio

120 3753 227 3813 confer,
253 3765 318 3817 quae
340 3748 470 3797 enucleate
494 3745 640 3812 eruditeque
674 3745 745 3807 nullo
770 3744 846 3794 modo
869 3743 971 3811 probari
995 3749 1098 3809 potest3
1130 3756 1195 3790 num.

117 3823 160 3873 dia
181 3828 251 3870 neate
284 3825 343 3866 sunt
374 3833 389 3866 a
421 3815 511 3865 Beiero
544 3814 577 3862 ad
608 3813 640 3862 de
673 3813 759 3879 inepte
773 3813 872 3881 sepiens
886 3821 943 3860 cum
955 3811 1018 3860 mari
1027 3825 1189 3875 comparere-

119 3894 142 3950 ς)
165 3891 195 3938 ὀ.
213 3885 292 3945 1.·13,
316 3887 372 3940 153.
396 3902 421 3950 ρ.
440 3886 499 3940 303.
524 3889 551 3930 et
564 3883 597 3930 ΙΙ.
613 3887 639 3942 2,
673 3890 728 3938 tur,
745 3889 834 3945 contra
849 3878 1110 3946 eadem-comparatio
1132 3893 1188 3926 cum

118 3965 145 4016 5.
161 3972 188 4024 p.
203 3956 244 4014 14.
253 3953 325 4002 Haec
341 3949 455 4000 definitio
464 3948 640 4015 complectitur
672 3948 726 4014 ipsa
751 3947 875 4013 sapientia
896 3946 1014 3997 instituta
1034 3942 1139 4013 pulchra
1161 3953 1189 3992 et

120 4037 175 4083 tres
190 4031 293 4101 portes,
317 4020 423 4085 inques
443 4015 639 4085 philosophiae
673 4013 795 4082 exquisita
810 4021 857 4065 est.
939 4016 943 4023 ’

119 4091 249 4143 vetenbue
265 4086 345 4137 divisa
355 4096 401 4145 est,
416 4082 553 4152 physicam,
570 4082 639 4133 ethi-
721 4083 793 4132 Nam
813 4081 882 4151 quod
902 4082 988 4146 aiunt)
1008 4080 1039 4131 V.
1059 4078 1188 4128 Adnotatu

119 4177 177 4212 cam
196 4169 223 4210 et
237 4155 404 4208 dialecticam.
420 4156 452 4205 V.
467 4169 514 4203 nos
529 4153 556 4202 in
572 4151 638 4202 libro
671 4149 909 4209 in111.30,7a-
924 4151 964 4200 De
980 4166 1008 4198 re
1022 4148 1077 4213 ipse
1093 4145 1126 4195 cf.
1143 4163 1187 4194 su-

118 4228 192 4279 dicto
212 4245 239 4296 p.
253 4223 290 4286 ‚52
316 4227 353 4291 1).
376 4232 449 4289 etp.
472 4225 528 4280 136.
544 4236 583 4288 sq.
599 4218 637 4269 ct.
671 4235 716 4286 pra
732 4235 754 4269 c.
771 4224 814 4283 20,
829 4220 874 4277 46.
910 4287 991 4356 m*
