2640 4626
474 256 722 314 sinuantia
1068 246 1129 314 993
1209 271 1215 284 ⁴

56 399 151 457 cere,
178 355 231 443 ciri
247 370 421 444 minimum
440 400 512 446 esse
529 374 658 445 videtur
674 374 709 444 in
729 373 790 444 hac
805 399 920 444 caussa
938 373 1019 460 loci;
1047 405 1131 474 quae

55 490 168 547 umen
189 473 236 544 ita
266 473 373 560 dicet,
407 474 585 574 dupliciter
611 504 682 548 esse
707 493 738 547 te
768 475 944 563 iniustum3
971 500 1073 575 quum
1101 496 1132 552 et.

56 575 203 649 alienum
227 593 381 675 appetas,
407 578 464 675 qui
487 579 636 650 mortalis
662 594 758 649 natus
777 577 1001 651 conditionem
1017 598 1130 677 postu-

57 678 104 752 les
138 677 392 765 immortalium,
419 696 450 751 et
483 682 625 778 graviter
649 682 754 765 seras,
779 696 827 764 te,
854 680 945 779 quod
973 683 1132 757 utendum

57 780 248 880 acceperis,
279 781 476 854 reddidisse.
536 792 592 861 37.
619 783 818 854 Prudentiae
852 810 929 854 vero
966 784 1048 882 quid
1081 814 1132 859 re-

56 883 264 984 spondebis,
298 884 430 956 docenti
445 889 484 971 4,
517 885 668 957 virtutem
710 912 782 957 sese
824 911 894 956 esse
935 903 1132 978 contentam,

56 1014 125 1086 quo
163 986 265 1057 modo
299 986 342 1057 ad
375 986 460 1058 benc
492 987 685 1074 vivendum,
712 987 760 1059 sic
792 986 921 1058 etian1⁵
949 989 992 1060 ad
1013 989 1132 1064 beate?

58 1116 144 1188 quae
171 1087 200 1160 si
221 1088 421 1161 extrinsecus
447 1087 582 1186 religata
611 1089 769 1188 pendeat,
796 1106 828 1161 et
842 1117 912 1161 non
929 1097 989 1162 et⁶
1007 1093 1133 1166 oriatur

57 1219 76 1263 a
96 1219 158 1279 sc,
184 1207 215 1263 et
229 1218 345 1273 rursus
362 1191 454 1263 adse
470 1208 667 1278 revertatur,
694 1207 726 1264 et
740 1193 851 1263 omnia
868 1220 928 1264 sua
951 1196 1132 1295 complexa,

57 1292 145 1366 nihil
172 1310 308 1392 quaerat
328 1292 478 1366 aliunde:
504 1321 572 1365 non
601 1293 767 1390 intelligo,
793 1320 852 1366 cur
866 1311 922 1365 aut
936 1297 1046 1371 verbis
1064 1290 1131 1371 tani

59 1390 271 1468 vehementer
297 1395 465 1480 ornanda,
492 1412 547 1467 aut
562 1424 597 1469 re
623 1413 794 1495 tantopere
818 1397 1001 1494 expetenda
1021 1400 1132 1473 videa-

57 1515 114 1570 tur
140 1498 256 1568 -ad
285 1498 364 1570 haec
390 1499 479 1569 bona
507 1526 561 1573 nie
593 1498 621 1570 si
652 1526 807 1586 revocas,
832 1498 995 1597 Epicure,
1021 1530 1133 1600 pareo,

60 1626 201 1699 sequor,
227 1614 301 1671 utor
335 1617 367 1672 te
394 1601 469 1699 ipso
502 1600 604 1688 duce,
632 1600 812 1675 obliviscor
835 1601 932 1673 etiarn
962 1602 1134 1691 malorum,

59 1719 95 1774 ut
113 1702 221 1788 iubes,
248 1730 351 1801 eoque
374 1702 520 1788 facilius,
547 1703 638 1801 quod
654 1732 690 1776 ea
705 1703 797 1795 nein
809 1702 906 1775 malis
923 1705 1056 1802 quidem
1072 1734 1133 1806 po-

17 1890 25 1907 ·
59 1805 171 1878 nenda
193 1830 320 1876 censeo.
347 1805 406 1876 sed
423 1805 569 1878 traducis
586 1805 804 1903 cogitationes
819 1833 908 1878 meas
925 1807 968 1889 ad
984 1809 1135 1909 volupta-

60 1923 119 1981 tes.
152 1908 261 2009 quas?
287 1908 458 2006 corporis,
485 1908 604 1994 credo,
631 1925 686 1980 aut
722 1936 805 2006 quae
837 1915 974 2006 propter
1009 1938 1134 2010 corpus

59 2009 110 2089 vel
138 2009 385 2095 recordatione,
413 2009 460 2080 vel
476 2037 534 2108 spe
553 2010 744 2107 cogitentur.
770 2010 933 2107 numquid
948 2027 996 2083 est
1018 2013 1134 2086 aliud?

59 2110 192 2185 rectene
227 2112 427 2211 interpretor
463 2113 656 2184 sententiam
690 2112 802 2183 tuam?
828 2111 935 2183 solent
964 2113 1051 2185 eninr
1076 2114 1132 2188 isti

63 2242 185 2311 negare
204 2242 266 2285 nos
283 2212 479 2310 intelligere,
509 2214 589 2311 quid
605 2214 694 2285 dicat
712 2213 885 2313 Epicurus.

165 2321 221 2394 38.
247 2316 320 2388 Hoc
346 2316 446 2402 dicit,
473 2332 504 2387 et
531 2316 593 2388 hoc
617 2314 670 2388 ille
694 2315 874 2405 acriculus,
901 2344 953 2387 rue
979 2317 1132 2390 audiente

130 2469 148 2526 4
165 2467 206 2518 ste
224 2486 280 2518 cum
323 2466 331 2481 ⁸
350 2504 359 2519 .
375 2467 439 2517 Edd.
457 2476 521 2516 vett.
538 2469 569 2517 D.
586 2486 600 2518 e
616 2467 730 2535 pluribus
748 2466 827 2517 Codd.
843 2495 877 2504 -
894 2468 953 2516 Ern.
972 2485 993 2516 c.
1012 2467 1069 2518 aliis
1087 2470 1132 2521 di-

61 2537 141 2586 cenci.
176 2543 193 2592 5
210 2534 292 2584 sich.
367 2572 373 2584 .
393 2535 420 2583 P.
437 2564 469 2571 —
484 2537 543 2584 Ern.
562 2551 584 2584 c.
605 2534 673 2600 vulg.
690 2548 723 2585 et.
774 2539 791 2591 6
808 2533 849 2583 Sic
867 2535 911 2584 Gr.
930 2534 961 2583 D.
979 2552 1010 2585 ex
1031 2534 1070 2584 El.
1088 2538 1131 2587 Ill.

62 2604 128 2654 oliv.
145 2631 180 2642 -
197 2605 255 2651 Ern.
274 2620 296 2651 c.
313 2602 382 2669 vulg.
402 2601 473 2651 omis‘.
491 2615 524 2651 et.

112 2702 219 2771 tequod
231 2702 357 2752 utendum
368 2703 503 2770 acceperis
516 2701 581 2752 red·
614 2721 637 2751 c.
656 2722 677 2752 e.
703 2701 739 2750 ad
761 2701 825 2751 bene
845 2702 1000 2766 vivendum,
1025 2716 1052 2754 et
1069 2723 1133 2755 vero

62 2771 177 2836 didisse)
205 2770 237 2819 H.
254 2788 277 2819 e.
300 2779 327 2818 te
343 2769 426 2832 bona,
452 2787 517 2837 quae
533 2768 582 2820 tibi
615 2771 696 2820 etiam
709 2769 746 2819 ad
761 2769 841 2819 beate.
874 2772 1048 2832 Recentiores,
1063 2773 1133 2824 nulla

61 2839 159 2889 utenda
184 2854 304 2888 concessa
334 2846 394 2887 sunt
417 2847 516 2886 tantum
549 2837 583 2889 ad
614 2838 701 2888 habita
715 2838 814 2893 ratione
829 2837 902 2887 huius
916 2837 1074 2903 discriminis,
1091 2840 1133 2891 al·
1185 2832 1190 2841 ⁸

60 2918 178 2974 tempus,
202 2923 254 2955 non
271 2905 476 2970 inperpetuum,
493 2904 582 2954 reddi·
614 2907 664 2956 teri
678 2906 790 2955 membro
806 2907 887 2954 etiam
901 2923 921 2956 s.
941 2918 967 2955 et
980 2906 1074 2957 addere
1086 2924 1133 2959 uo·

62 2975 139 3024 disse.
164 2974 249 3022 Locus
261 2972 348 3022 similis
359 2989 435 3038 supra
447 2974 467 3020 1.
482 2976 523 3034 39,
538 2975 581 3029 93.
616 2974 684 3033 lent,
710 2973 791 3022 nostri
812 2973 910 3022 scilicet
930 2984 956 3023 et
973 2974 1057 3039 graeci
1076 2992 1133 3025 ser-

62 3053 163 3092 uatum
185 3040 262 3090 dedit
281 3057 382 3089 usuram
406 3041 492 3099 vitae,
518 3052 576 3088 tan·
615 3041 698 3090 monis
714 3040 921 3090 consuetudinem
937 3043 1044 3108 sequuti.

62 3127 143 3178 quam
161 3109 306 3177 pecuniae,
330 3108 407 3157 nulla
420 3109 584 3175 praestituta
667 3109 831 3157 extrinsecus
847 3109 973 3177 religata)
998 3110 1030 3160 ab
1046 3120 1133 3161 exter-

63 3177 117 3228 die.
401 3202 403 3209 ·
617 3174 655 3224 nis
668 3176 742 3225 rebus
757 3175 877 3242 pendens.
901 3177 998 3226 Neide.

110 3248 157 3303 37.
176 3259 225 3312 quo
238 3241 314 3291 modo
323 3270 357 3294 -,-
368 3242 409 3290 sic
422 3242 510 3308 etiam)
530 3242 585 3292 Ob-
598 3277 605 3285 ·-
667 3244 770 3293 oriatur
784 3261 802 3292 a
815 3243 852 3308 ae)
870 3261 916 3309 per
931 3261 972 3306 se,
988 3263 1033 3294 sua
1045 3245 1079 3295 vi.
1092 3254 1131 3311 gr<

63 3320 166 3363 servent
180 3311 291 3372 tirones,
309 3309 336 3358 in
351 3308 472 3358 eiusmodi
486 3327 584 3376 propo·
618 3307 668 3378 ἀφ’
693 3309 804 3363 ἑαυτοῦ.
829 3310 860 3360 de
884 3311 939 3360 Fin.
964 3313 995 3360 11.
1017 3313 1066 3374 24,
1091 3319 1133 3370 78.
1198 3306 1201 3313 ’

63 3378 199 3431 sitionibus
215 3376 386 3428 correlativis:
404 3376 545 3443 quomodo,
564 3395 582 3427 s.
616 3379 698 3444 ipsum
719 3397 737 3428 a
757 3396 786 3426 re
808 3380 902 3439 oritur,
929 3387 955 3426 et
975 3397 1019 3428 sua
1041 3389 1133 3446 sponte

63 3446 295 3516 quemdnwdum,
315 3443 581 3503 ut,aicut-1'tas.
616 3447 742 3496 nascitur:
760 3445 802 3494 ubi
820 3462 845 3494 v.
863 3447 987 3494 Goerenz.
1004 3464 1029 3512 p.
1045 3451 1105 3503 239.

63 3517 104 3566 sic
116 3512 244 3564 rarissime
258 3511 326 3579 apud
339 3513 486 3561 Ciceronem
500 3511 527 3561 in
542 3511 583 3560 al-
668 3531 702 3562 ne
715 3515 745 3562 in
767 3513 847 3562 malie
871 3512 987 3580 quidem)
1012 3515 1042 3562 ln
1061 3513 1133 3564 malis

61 3592 120 3633 tero
138 3580 252 3631 membro
269 3579 329 3630 addi
345 3581 459 3628 etiams.
477 3591 518 3635 εκ
540 3578 585 3627 ubi
616 3580 714 3630 scilicet
727 3596 779 3629 non
795 3597 825 3628 ea
842 3579 957 3629 ducenda
972 3591 1044 3643 sunt,
1069 3598 1134 3648 quse

61 3658 150 3700 autem
172 3647 287 3699 additum
307 3647 355 3707 eit,
388 3647 424 3695 ibi
444 3645 584 3712 significare
617 3647 775 3696 extrinsecus
797 3646 875 3696 allata
897 3645 970 3696 nobis
992 3648 1134 3714 aegritudi-

63 3717 142 3768 adeo.
176 3719 265 3782 Itaque
286 3714 353 3764 inter
375 3713 422 3763 has
438 3713 501 3764 diras
522 3730 583 3764 sen·
617 3733 674 3765 nem
690 3724 798 3781 parant,
814 3713 860 3763 sed
877 3730 922 3776 ea,
940 3732 1004 3781 quae
1023 3715 1133 3768 inhone-

62 3784 174 3836 tentias:
192 3785 279 3834 virtus
293 3800 351 3832 sese
365 3794 489 3832 contenta
504 3794 532 3831 ut
547 3782 584 3831 ad
616 3792 656 3833 sta
672 3792 699 3831 et
713 3782 798 3848 turpia
813 3792 880 3833 sunt.

62 3852 130 3903 hone
154 3850 312 3911 vivendum,
341 3851 382 3900 sic
404 3849 441 3899 ad
462 3849 537 3900 beate
558 3860 584 3899 et
667 3849 754 3916 credo)
778 3849 882 3900 ironice.
916 3850 947 3902 V.
963 3850 1093 3903 Adnotatu
1106 3852 1132 3902 iu

62 3922 153 3971 virtus
173 3939 196 3969 c.
213 3938 235 3969 e.
257 3930 287 3967 ut
300 3918 337 3969 ad
355 3916 419 3967 bene
433 3918 583 3980 vivendum,
615 3921 637 3969 I.
654 3923 703 3979 22,
721 3923 766 3975 52.

62 3990 106 4039 ric
131 3988 213 4037 etiam
237 3985 275 4035 ad
301 3983 376 4034 beate
396 3984 514 4035 nonnihil
540 3984 584 4033 in·
667 3986 753 4035 uolent
777 3985 847 4035 enim
874 3985 924 4035 isti
947 4003 1047 4066 negare
1072 3988 1132 4052 etc.)

62 4048 176 4107 tercedit
208 4052 366 4104 discriminis.
411 4053 493 4102 Priori
517 4051 584 4101 enim
616 4052 711 4103 Eadem
733 4070 773 4102 res
796 4062 900 4105 notatur
922 4072 938 4104 a
962 4056 1083 4104 Cicerone
1105 4055 1132 4104 in

63 4122 196 4174 sententie
215 4121 266 4172 hoc
289 4119 394 4175 dicitur:
418 4121 507 4170 virtus
525 4137 584 4170 eece
616 4121 768 4181 Finita,
786 4124 830 4178 12.
887 4144 890 4149 ·

63 4202 192 4242 ammenta
204 4202 245 4240 eat
257 4200 313 4238 tam
327 4187 365 4237 ad
379 4185 443 4237 bene
454 4204 533 4257 quam
546 4187 585 4239 ad
665 4192 710 4247 38.
725 4189 774 4238 ille
790 4189 935 4254 articulari
950 4188 998 4237 Por
1015 4198 1137 4237 oontem-

64 4259 142 4312 beate
156 4257 315 4313 vivendum
336 4254 417 4306 altera
432 4254 496 4308 hoc:
519 4273 544 4308 ν.
561 4273 584 4307 s.
616 4265 673 4310 tum
687 4265 717 4310 et
727 4255 849 4309 moniam.
868 4255 1011 4307 &utentia
1022 4263 1079 4303 ost:
1090 4256 1158 4301 utos
