2640 4626
117 208 181 279 292
362 212 940 270 ruscmanaauumseurarrortum

122 338 233 413 ribus:
265 361 349 434 qnae
375 332 541 407 evellenda
569 349 600 406 et
624 330 825 406 extrahenda
852 333 1005 433 penitus,
1028 357 1100 405 non
1126 330 1186 405 eir-

123 437 359 523 eumeideuda,
385 464 446 508 nee
464 435 666 535 amputanda
680 450 765 506 sunt.

222 540 362 613 XXVlL
413 543 469 617 58.
495 537 563 610 Sed
588 537 746 637 quoniam
769 536 939 636 suspicor,
971 552 1003 609 te
1029 563 1100 608 non
1123 551 1184 608 tam

123 645 167 718 de
189 642 355 743 sapiente,
381 668 480 739 pour
497 640 538 712 de
556 657 588 713 te
607 640 683 740 ipso
701 667 873 739 quaerere:
900 635 1008 738 (illum
1023 638 1114 712 enirn
1129 665 1185 738 pu-

125 763 174 822 tas
205 744 297 819 omni
319 741 565 844 perturbatione
584 769 655 815 esse
671 741 829 829 libemm,
854 758 886 815 te
900 742 949 815 vis
960 751 984 836 z)
1009 741 1185 827 videamus,

67 930 71 943 ¹
124 864 246 948 quanta
267 846 351 933 sint,
375 873 458 944 quae
483 844 729 944 aphilosopbia
752 844 898 917 remedia
919 844 1047 916 morbis
1063 844 1185 917 animo·

125 978 199 1024 rum
232 948 457 1022 adhibeantur.
508 947 567 1019 Est
597 947 682 1019 euim
710 947 872 1046 quaedam
895 946 1062 1020 medicina
1086 962 1184 1020 certe:

125 1081 186 1127 ner
208 1069 274 1124 tam
298 1050 361 1123 luit
373 1049 545 1123 bominum
560 1050 672 1147 generi
689 1048 817 1122 insensa
833 1066 928 1148 atque
945 1048 1084 1121 inimica
1099 1065 1185 1122 natu·

75 1238 77 1249 Ι
126 1182 179 1242 ra,
204 1170 241 1225 ut
264 1151 462 1253 corporibus
488 1167 537 1224 tot
560 1179 613 1225 res
633 1150 801 1238 salutaris,
827 1151 946 1223 animis
961 1150 1087 1224 nullam
1105 1151 1185 1224 inve-

126 1256 221 1330 nerit.
247 1255 288 1328 de
309 1255 432 1354 quibus
449 1254 513 1327 boc
530 1253 627 1327 etiarn
643 1270 692 1327 est
709 1255 826 1328 merita
845 1253 980 1341 melius,
1006 1253 1101 1352 quod
1121 1280 1184 1327 eor-

153 1386 246 1432 orum
274 1356 461 1430 adiumenta
482 1355 681 1430 adhibentur
697 1356 915 1445 extrinsecus,
940 1355 1129 1429 animorum
1141 1384 1186 1429 sa·
1225 1400 1227 1407 ·

127 1386 178 1533 lis
205 1457 331 1533 inclusa
355 1459 391 1531 iu
413 1459 486 1530 iis⁴
511 1458 594 1558 ipsis
619 1475 676 1532 est.
727 1458 796 1533 Sed
819 1487 884 1559 quo
901 1457 1077 1532 maiorest
1094 1457 1185 1532 ineis

128 1561 330 1663 praestantia
360 1578 391 1634 et
423 1560 583 1647 divinior,
616 1589 655 1634 eo
686 1561 811 1636 maiore
828 1560 990 1659 indigent
1015 1560 1187 1659 diligentia
1224 1550 1227 1653 i

128 1667 242 1764 ltaque
257 1664 341 1735 bene
357 1662 505 1734 adbibita
518 1663 602 1736 ratio
618 1663 730 1751 cernit,
750 1663 832 1763 quid
848 1663 1010 1763 optimum
1028 1663 1091 1737 sit:
1103 1692 1188 1761 neg·
1225 1660 1227 1695 ⁵

129 1766 212 1840 lecta
226 1763 338 1837 multis
358 1763 545 1864 implicatur
564 1766 739 1839 erroribus.
790 1773 847 1844 59.
872 1766 927 1838 Ad
941 1782 973 1839 te
986 1765 1090 1864 igitur
1112 1765 1187 1840 mibi
1223 1710 1227 1865 l

130 1869 196 1941 iam
221 1867 438 1941 convertenda
456 1866 563 1940 omnis
578 1868 682 1940 oratio
702 1883 758 1941 est.
784 1866 921 1940 simulas
935 1868 1022 1941 enim
1038 1895 1188 1969 quaerere
1224 1870 1227 1979 l

130 1970 218 2045 tede
235 1969 397 2069 sapiente:
425 1969 555 2068 quaeris
574 1985 682 2042 autem
694 1969 834 2043 fortasse
850 1970 892 2044 de
913 1987 953 2043 te.
1037 2016 1040 2023 ·

231 2072 352 2144 Earum
368 2069 470 2167 igitur
484 2071 779 2171 perturbationum,
805 2100 887 2172 quas
902 2071 1063 2171 exposui,
1087 2071 1188 2146 variae

131 2191 207 2248 sunt
233 2174 426 2246 curationes.
452 2202 528 2246 nam
548 2196 654 2272 neque
673 2174 783 2246 omnis
799 2175 969 2272 aegritudo
985 2203 1053 2248 una
1069 2176 1189 2248 ratione

132 2277 273 2350 sedatur.
299 2274 363 2348 alia
383 2292 432 2351 est
454 2275 541 2350 enim
566 2275 709 2374 lugenti,
735 2275 798 2349 alia
825 2276 994 2350 miseranti
1011 2286 1098 2350 aut⁵
1115 2277 1190 2350 iuri·

133 2378 224 2452 denti
249 2376 440 2450 adhibenda
461 2377 632 2451 medicina.
659 2394 707 2451 est
734 2378 837 2461 ‚etiam
864 2378 900 2453 in
925 2377 1081 2453 omuibus
1105 2395 1190 2480 quat

131 2498 208 2553 tuor
224 2479 528 2579 perturbationibus
543 2479 596 2553 illa
616 2480 800 2554 distinctio:
826 2498 935 2555 utrum
953 2482 995 2554 ad
1008 2483 1190 2556 universam

133 2581 431 2683 perturbationem,
457 2609 540 2681 quae
570 2599 619 2655 est
642 2582 852 2682 adspernatio
878 2583 1034 2673 rationis,
1061 2603 1120 2657 aut
1142 2612 1191 2684 ap-

133 2684 254 2785 petitus
270 2682 509 2770 vehementium
536 2712 578 2755 an
599 2684 642 2757 ad
657 2684 821 2781 singulas,
847 2703 884 2757 ut
897 2686 939 2758 ad
955 2703 1097 2775 metum,
1124 2687 1191 2760 libi·

134 2786 256 2873 dinem,
266 2784 473 2885 reliquasque
487 2790 504 2835 ⁶
516 2784 845 2868 meliusadbibeatur
861 2789 966 2861 oratio
979 2797 1016 2863 ⁷:
1045 2806 1077 2862 et
1089 2807 1192 2862 utrum

134 2887 258 2962 illudne
280 2916 349 2961 non
370 2876 547 2960 'videature
566 2915 662 2987 aegre
687 2889 876 2979 ferendum,
902 2919 941 2964 ex
962 2894 1193 2993 quo‘suscepta

200 3037 276 3096 etsie
296 3039 341 3089 W.
359 3036 435 3089 solus.
453 3042 496 3091 Or.
513 3039 593 3090 restit.
610 3039 678 3107 vulg.
695 3040 747 3092 laia.
765 3042 796 3093 V.
813 3042 879 3093 Ado.
898 3042 925 3093 in
939 3044 958 3093 l.
976 3046 1008 3104 3,
1025 3050 1052 3103 5.
1078 3042 1193 3103 58ἱοΒ.

136 3103 231 3172 aliique
255 3104 334 3155 Codd.
352 3115 379 3155 et
402 3106 512 3174 pleraeq.
537 3106 601 3159 Edd.
625 3118 690 3159 vett.
707 3137 741 3147 —
758 3111 816 3160 Ero.
842 3128 863 3160 c.
881 3109 949 3176 vulg.
967 3110 1034 3162 alia.
1053 3109 1093 3162 Cf·
1111 3109 1193 3163 Brerui·

136 3170 168 3221 ad
184 3173 239 3221 eat.
256 3174 281 3229 4.
299 3190 325 3238 p.
340 3179 383 3230 22.
417 3177 493 3232 60r.
512 3165 903 3244 c.lt.et01x.reliquusmel.
937 3178 1055 3237 7bentl.
1069 3179 1140 3231 coni.
1155 3197 1193 3231 eu·

135 3239 220 3299 ratio,
237 3237 379 3305 ingeniose,
397 3257 443 3290 nec
460 3251 544 3291 tumen
561 3258 626 3292 vero.
649 3243 687 3293 Cf.
705 3261 764 3294 mox
785 3247 806 3313 5
824 3249 866 3304 62.
884 3255 947 3296 extr.
981 3246 1049 3304 SV.
1066 3246 1137 3298 Adu.

187 3339 245 3388 Cae.
270 3339 380 3390 xxvtt.
406 3344 447 3396 58.
473 3351 500 3389 te
522 3342 571 3408 υἷε)
589 3341 648 3393 snit.
682 3343 745 3394 iiber
768 3344 813 3395 die
834 3345 881 3398 lat.
896 3345 955 3415 Spr.
972 3347 1015 3396 111.
1030 3346 1104 3398 Hest.
1122 3350 1193 3419 §.75

136 3405 249 3456 liberum¹
258 3423 312 3456 esse
325 3407 524 3474 perturbatione.
682 3429 737 3480 sqq.

732 3483 773 3538 59.
793 3492 879 3530 utrum
893 3480 1005 3548 illudne)
1022 3482 1122 3533 Utrum
1133 3481 1195 3534 iudi·
1215 3474 1217 3481 ’

185 3541 359 3609 quontaaint)
371 3542 419 3591 Per
436 3542 552 3609 frequens
568 3553 651 3595 attra·
683 3556 724 3596 cat
731 3547 954 3614 interrogationem
961 3565 1016 3599 esee
1024 3548 1196 3601 bimembrem:

137 3606 321 3674 otionisgenus,
329 3626 379 3676 quo
386 3609 575 3672 substantivum,
584 3612 651 3678 qnod
684 3631 718 3664 ne
732 3614 755 3663 ei
766 3615 830 3676 voci,
847 3614 886 3666 eui
899 3616 1002 3666 affixum
1016 3627 1070 3678 est,
1090 3619 1142 3669 vim
1154 3617 1196 3668 ud-

138 3673 170 3722 ad
178 3675 367 3726 antecedentem
381 3677 651 3746 enunciationemper-
683 3681 738 3743 dit,
763 3690 790 3731 et
803 3683 970 3751 oppositionis
987 3681 1039 3733 rim
1063 3696 1151 3752 auget.
1170 3685 1196 3734 de

139 3740 211 3804 tinet,
226 3743 395 3793 enunciatioui
404 3745 525 3796 relativae
533 3745 652 3798 inseritur
682 3749 793 3799 Diriuet.
812 3752 842 3800 ll.
858 3754 900 3809 58.
919 3753 1013 3802 Utrum
1028 3752 1111 3819 igitur
1126 3763 1197 3821 putt-

139 3815 166 3856 et
179 3807 207 3856 iu
222 3809 310 3860 eodem
328 3828 394 3871 caan,
409 3811 494 3879 inquo
509 3830 648 3880 pronomen
682 3833 736 3866 mue
758 3816 934 3867 dormientium
953 3818 1052 3870 animoa
1074 3838 1124 3889 per
1144 3836 1197 3871 eene

138 3873 272 3926 relativum
286 3887 333 3936 est,
348 3877 459 3944 ponitur,
476 3879 570 3931 dictum
585 3900 648 3950 pro:
681 3884 750 3951 ipsos
766 3883 793 3934 in
808 3885 956 3936 somniando
970 3886 1083 3949 moreti,
1103 3907 1136 3941 nn
1153 3896 1196 3938 etc.

138 3950 235 4062 granta
256 3943 308 3993 nint
329 3960 360 3995 ee
376 3944 495 4006 remedia,
519 3965 583 4015 quae
599 3961 648 4000 ete.
682 3951 722 4000 Sic
732 3968 807 4019 supra
819 3954 862 4004 tv.
876 3954 900 4014 4,
915 3957 939 4012 9·
958 3954 1198 4022 Utrumigiturme·

163 4008 325 4060 ‚llamshorn
339 4013 399 4062 Lot.
419 4013 649 4086 Gramrn.§.159.
682 4018 719 4067 vis
732 4018 853 4070 statimne
868 4038 915 4070 noe
932 4022 988 4072 veta
1002 4023 1105 4086 fauere,
1130 4042 1196 4074 en-

138 4077 200 4156 N⁰b
219 4080 242 4135 1.
258 4095 284 4144 p.
299 4081 359 4136 361.
378 4088 406 4128 et
422 4080 464 4148 qni
479 4080 546 4132 buno
563 4103 651 4151 gram
681 4085 820 4152 paullulum
829 4089 969 4156 remigare?
984 4090 1029 4140 ubi
1041 4108 1076 4140 ne
1089 4091 1198 4142 additur

138 4153 246 4195 metrone
265 4143 349 4195 locum
372 4146 493 4213 peculiari
513 4151 651 4218 temptione
684 4162 741 4213 ert,
761 4163 790 4204 ut
808 4155 899 4206 clarior
914 4157 1098 4209 vocabulorum
1113 4159 1198 4210 nacta

137 4211 274 4262 illustrarit
287 4212 403 4278 Krueger
416 4216 652 4289 Umerruehungen
684 4231 711 4271 et
724 4223 873 4292 paullulum
884 4225 1013 4294 oppositio
1029 4225 1151 4279 etum
1169 4226 1196 4278 V·
