2640 4626
88 179 152 246 376

455 194 564 244 INDEX
583 192 790 245 HlsTotncus.

86 328 100 356 o
122 320 166 359 tuo
204 312 316 361 Hectore
353 311 462 378 Pyrrhus
503 309 608 361 Achillis
675 313 708 361 N.
722 313 752 370 A,
772 313 811 370 17,
826 307 885 374 21.)
897 324 954 357 eum
968 318 1085 375 ternpore
1100 308 1168 374 regis

84 396 100 425 ‘a
121 377 186 426 lilius
210 395 265 428 earn
286 380 314 428 irr
339 380 471 430 Graeciam
494 379 607 430 abduxit.

120 448 153 504 3.
176 448 217 502 53·

676 376 967 429 TulliiHostiliivixisse
983 386 1077 425 narrat.
1101 381 1125 437 1,
1141 383 1168 433 3

642 445 823 499 Archimedes.
843 446 1020 510 Syracusanus.
1042 443 1168 493 Celeber-

87 511 265 563 Andronicus.
302 513 351 563 rid
375 515 469 564 Livius
497 514 608 565 Andro-
676 514 751 564 Amas
761 520 900 579 geometra.
920 510 1005 588 Captis
1019 511 1168 561 nMarcello

121 595 205 628 nicus.

87 648 243 698 Antiochus.
259 648 407 699 Ascalonita
423 667 437 698 e
454 666 520 699 nova
540 653 610 698 Aca-

121 713 220 778 demia,
238 715 339 765 dicendi
354 716 536 783 peritissimus,
552 717 608 765 Lu-

674 580 804 648 Syracusis
825 597 840 628 a
856 578 935 629 milite
951 578 1099 628 interfectus
1118 588 1167 628 est.

677 653 706 710 1,
728 651 770 705 63.
805 646 858 696 cius
875 645 1018 722 sepulcrum
1036 656 1168 712 repertum

676 733 691 765 a
706 714 827 765 Cicerone
842 713 869 763 iu
887 712 981 762 Sicilia.
1008 719 1033 773 5,
1052 716 1096 771 64.

36 808 44 827 ,
122 781 196 842 culli,
220 782 348 833 Ciceronis
370 794 396 832 et
413 784 484 833 Bruti
500 800 608 851 praece-
642 783 788 847 Archytas.
817 779 979 830 Tarentinus.
996 780 1169 848 Philosophus

120 858 187 916 pror.
213 855 293 911 'ssa
311 847 341 912 s.
353 856 395 908 21·
413 856 457 908 22·
474 855 532 910 107·

88 917 240 984 Antipater.
275 919 387 968 Plurium
411 919 483 968 buius
500 918 608 968 nominis

676 848 865 917 Pythagoricus.
889 847 960 898 Vixit
975 858 1091 914 tempore
1104 849 1169 899 Pla-

675 916 967 977 mumma&

120 982 330 1052 philosophorum
351 986 439 1036 Cicero
457 986 484 1037 in
507 986 608 1053 scriptis
642 986 731 1054 Argia
746 983 880 1034 sacerdos.
911 982 1034 1032 Sacerdos
1049 982 1166 1044 Iunonis,

120 1051 276 1102 mentionem
286 1053 355 1114 lucit,
371 1055 512 1122 Antipatri
521 1054 608 1118 Tyrii,

122 1117 165 1183 qui
185 1118 218 1167 de
235 1119 325 1169 officiis
339 1120 456 1188 scripsit,
474 1123 608 1187 Cyrenai-

120 1187 146 1234 ci
154 1222 162 1245 ,
187 1186 294 1237 Sidonii
310 1197 418 1254 poetae,
444 1199 471 1239 et
489 1190 608 1239 Tarsen-

675 1069 741 1120 quae
754 1051 827 1117 Argis
837 1049 976 1110 colebatur,
995 1059 1077 1100 mater
1087 1050 1167 1100 Cleo-

675 1119 713 1169 bis
736 1129 762 1169 et
781 1117 887 1170 Bitonis.
918 1118 1009 1167 Eorum
1031 1116 1166 1167 historiam

674 1196 763 1237 namet
779 1184 905 1235 Herodot.
924 1188 947 1246 1,
967 1188 1051 1242 31-
1064 1190 1086 1244 1,
1104 1188 1162 1243 113.

120 1253 160 1302 sis
183 1252 298 1321 discipuli
321 1255 442 1321 Diogenis
465 1255 607 1323 Babylonii,
640 1256 733 1306 Arion.
763 1251 928 1316 Citharoedus
945 1251 1123 1319 eblethymna
1139 1253 1165 1301 in

119 1319 162 1385 qui
176 1320 322 1387 saepissime
337 1340 351 1372 a
365 1322 396 1373 V.
412 1325 443 1372 V.
456 1324 487 1372 D.
496 1324 527 1372 Ι).
542 1340 606 1374 con-

120 1386 268 1437 funduntur.
304 1392 384 1451 Quem
405 1389 430 1438 in
453 1389 539 1456 primis
562 1390 606 1440 Ci-

119 1469 190 1586 pilipp
196 1461 222 1518 5,
239 1459 297 1513 107.
318 1457 409 1506 innuat
422 1473 473 1507 non
494 1458 555 1507 satis
570 1458 606 1506 ti«

672 1321 754 1371 insula
777 1320 871 1370 Lesbo.
907 1318 1007 1369 Floruit
1030 1322 1099 1373 circa
1124 1319 1165 1368 01.

673 1393 714 1446 33.
732 1389 791 1438 Eius
808 1385 941 1436 historiam
957 1396 1061 1436 narrant
1076 1388 1165 1436 Hero-

674 1457 729 1507 dot.
747 1459 779 1516 1,
804 1459 846 1512 23.
863 1455 905 1511 21·
934 1454 1000 1504 Geli·
1017 1455 1050 1503 N·
1067 1458 1097 1503 A·
1124 1459 1164 1514 16.

675 1528 713 1581 19·
723 1530 781 1582 “A
804 1528 846 1580 67·

86 1589 268 1639 Antisthenes.
300 1590 420 1660 Princeps
432 1601 516 1641 sectae
526 1590 605 1658 Cyni-
639 1591 803 1659 Aristippus.
835 1587 947 1638 Socratis
968 1586 1125 1654 discipulus,
1151 1605 1165 1637 e

120 1673 173 1717 cae,
190 1657 326 1723 discipulus
338 1659 456 1709 Socratis.
481 1666 506 1720 5,
523 1664 565 1716 26,

84 1725 218 1783 ,Διιεοηὶιιε
227 1725 266 1773 M.
290 1729 507 1775 Summuscrator.
535 1727 606 1775 Corr-

118 1790 158 1853 eul
179 1791 261 1841 factus
283 1802 322 1841 est
338 1797 367 1842 A.
387 1795 417 1842 V.
434 1797 492 1850 653.
517 1794 606 1842 Disse-

118 1867 215 1907 rentem
239 1875 295 1908 eum
311 1856 355 1909 'de
379 1859 524 1926 eloquentia
549 1876 605 1910 cum

7 1920 13 1931 ¹
41 1946 51 1957 ·
117 1925 180 1975 Luc.
198 1924 253 1975 Lic.
279 1924 367 1977 Crasso
393 1926 491 1978 inducit
515 1926 604 1977 Cicero

117 1991 143 2041 in
160 1993 222 2042 libb.
241 1992 274 2044 de
298 2004 409 2044 oratore.
443 1998 514 2044 Iussu
529 1994 605 2043 Marii

118 2059 215 2110 occisus
232 2070 271 2111 est
287 2064 318 2111 A.
337 2063 367 2111 V.
384 2066 443 2120 665.
462 2067 491 2121 1,
520 2066 560 2119 10.
577 2068 603 2124 2,

116 2133 158 2184 57.
175 2135 200 2191 5,
218 2133 257 2186 19.
276 2129 319 2178 ubi
337 2129 370 2179 cf.
387 2129 453 2179 Adn.
469 2136 511 2187 55.

84 2194 179 2267 Apollo
195 2196 320 2261 Pytlu'us.
350 2195 417 2246 Iovis
441 2205 468 2245 et
488 2198 604 2247 Latonae

116 2261 191 2322 tilius,
207 2263 416 2331 deuspoetarnm,
435 2265 603 2325 oraculorum,

116 2328 256 2379 medicinae
264 2340 314 2379 cet.
337 2330 370 2380 cf.
386 2329 499 2397 Pythius.
517 2336 541 2393 1,
562 2336 602 2390 17.

117 2404 158 2453 52·
176 2401 216 2454 73·
233 2398 259 2458 4,
277 2402 318 2455 73·
334 2401 375 2456 77·

82 2464 604 2600 ‘tit.?²·.i“tttl¹‘;t¹“tttlh

116 2598 230 2664 Appiam,
248 2609 273 2648 et
283 2602 380 2665 Aquam
392 2600 500 2668 Appiam
517 2600 542 2650 in
558 2618 603 2650 ur-

115 2664 171 2714 bem
187 2665 296 2714 ductam.
323 2667 356 2729 4,
371 2668 395 2724 4.
418 2666 546 2730 5,112.Δ

674 1660 769 1724 Cyrene
778 1655 939 1706 urbeAfricae
947 1657 1077 1705 oriundus.
1085 1654 1163 1704 Prin-

673 1742 732 1792 ceps
749 1734 804 1773 erat
819 1733 903 1773 sectae
919 1722 1080 1789 Cyrenaicae,
1099 1740 1163 1790 quae

673 1794 830 1859 voluptatem
845 1808 967 1840 summurn
984 1789 1092 1851 bouum,
1112 1789 1163 1840 do-

671 1859 763 1909 lorem·
780 1862 903 1909 summum
932 1857 1026 1909 malum
1048 1867 1162 1923 putaret.

670 1927 762 1993 Neque
775 1936 861 1975 tamen
879 1925 1036 1991 negandum,
1066 1924 1094 1973 in
1114 1924 1161 1974 de-

671 1993 788 2043 finiendis
805 1994 857 2044 eius
875 1991 984 2042 decretis
1002 2009 1022 2040 a.
1035 1991 1095 2042 viris
1111 1993 1162 2042 do-

672 2061 719 2111 ctis
743 2060 822 2111 multa
846 2060 949 2109 turbata
971 2076 1035 2108 csse.
1078 2061 1161 2110 Lectu

671 2127 817 2193 dignissima
847 2127 880 2176 de
904 2127 1035 2193 Aristippo
1056 2127 1161 2195 eiusque

671 2195 832 2274 philosophia
895 2193 972 2243 otulit
997 2194 1160 2244 Wielandus

670 2281 697 2312 sn
720 2263 819 2312 adnott.
844 2279 858 2312 a
898 2262 989 2310 Horat.
1010 2262 1058 2329 Ep.
1077 2265 1110 2325 1,
1136 2267 1158 2320 1.

670 2332 929 2397 amm-zm

636 2400 736 2450 Aristo.
772 2397 857 2447 Chias.
876 2394 987 2445 Zenonis
1008 2393 1157 2463 discipulus.

671 2465 756 2515 Aristo
774 2482 830 2515 oum
842 2462 972 2530 Pyrrhone
989 2463 1075 2511 omnia
1093 2463 1158 2514 bona

671 2533 828 2598 exaequabat
843 2531 860 2579 i.
879 2548 901 2580 e.
921 2546 995 2580 omne
1010 2540 1157 2580 cunctarum

670 2617 753 2649 rerum
761 2599 895 2648 discrimen
904 2596 1022 2659 tollebat,
1037 2597 1095 2648 solo
1105 2598 1156 2648 vir-

670 2667 733 2716 tutis
751 2676 777 2716 et
801 2665 855 2714 vitii
872 2664 1015 2714 discrimine
1039 2676 1155 2734 excepto.

80 2732 216 2800 Aquillius
229 2734 364 2783 Maenius.
394 2737 416 2782 A
434 2745 522 2784 senatu
540 2751 602 2784 rom.
669 2739 695 2794 2,
713 2738 754 2792 15.
772 2740 797 2794 5,
814 2739 855 2790 27.
875 2736 916 2790 33.
935 2737 978 2790 85.

115 2799 202 2849 missus
217 2810 256 2850 est
275 2801 302 2850 in
319 2801 403 2851 Asiam
417 2799 556 2864 minorem,
574 2812 603 2850 nt
635 2802 803 2871 Aristogiton
823 2810 849 2850 et
869 2799 1043 2861 Harmodius,
1060 2800 1157 2850 libera-

114 2883 186 2932 reges
209 2884 224 2916 a
245 2860 395 2918 Mithridate
412 2886 491 2933 regno
510 2870 601 2936 expul-

114 2950 156 2982 sos
181 2935 333 2984 restitueret.
370 2937 464 3003 Captus
481 2948 564 2986 autern
588 2955 602 2986 a

84 3024 93 3037 s
112 2999 262 3051 Mithridate
287 3003 383 3052 crudeli
407 3013 488 3053 morte
508 3004 600 3070 periit3

668 2878 738 2918 tores
753 2866 892 2935 tyrannidis
906 2867 1047 2930 Pisistrati,
1067 2869 1156 2935 quibus

667 2945 766 2986 statuae
787 2936 813 2984 in
829 2937 886 2985 loro
912 2935 943 2984 ab
959 2934 1157 2986 Atheniensibus

668 3004 768 3070 positae
782 3012 848 3052 sunt.
872 3006 969 3063 1,116.

114 3077 153 3116 est
179 3069 247 3122 enirn
274 3087 336 3121 auro
358 3070 497 3137 liquefacto
521 3071 548 3121 in
572 3088 600 3122 os
633 3069 827 3121 Aristomache.
849 3072 920 3120 Uxor
933 3070 1049 3139 Dionysii
1064 3080 1155 3138 tyran-

112 3134 196 3184 infuso
212 3147 323 3187 necatus.
347 3146 371 3200 5,
392 3140 431 3196 14.

667 3138 701 3188 ni·
725 3146 757 3200 5,
774 3141 816 3197 59-

78 3203 225 3252 Arcesilas.
248 3203 418 3272 Philosophus
434 3204 600 3269 academicus,
632 3207 799 3262 Aristoteles.
832 3203 953 3272 Princeps
976 3204 1156 3275 philosophiae

108 3269 255 3321 Polemonis
280 3269 431 3339 discipulus,
457 3290 487 3322 ex
510 3274 600 3323 Pitane

108 3336 211 3395 civitate
227 3338 325 3389 aeolica
335 3348 413 3389 ortus.
432 3346 456 3399 5,
473 3344 596 3398 107.109.

77 3403 235 3455 Archelaus.
276 3405 353 3460 Filius
378 3407 528 3468 Perdiccae,
552 3425 598 3459 rex

110 3471 283 3526 Macedoniae.
328 3476 367 3523 De
384 3474 437 3529 eius
459 3476 532 3524 rebus
549 3492 597 3540 ge-

110 3539 155 3587 stis
178 3539 229 3594 vid.
253 3541 334 3601 Thus.
355 3543 385 3599 L,
405 3547 440 3605 2,
465 3546 597 3606 100.-5,

108 3608 212 3669 3135.

74 3674 233 3725 Archelaus.
267 3675 398 3737 Milesius,
424 3676 597 3744 philosophus,

108 3739 245 3809 discipulus
268 3746 450 3809 Anaxagorae,
475 3746 596 3812 Physicus

72 3809 533 3944 117717757ἲέ1.115213812265221
552 3881 595 3929 in-

105 3943 160 3994 stila
170 3945 236 3994 Paro
254 3943 382 4006 orirrndus,
402 3948 595 3999 carminisiam-

105 4009 157 4059 bici
171 4012 296 4060 inventor.
314 4013 404 4061 Horat.
414 4016 444 4061 A.
455 4015 481 4063 P.
492 4019 533 4071 79.
556 4016 596 4064 De

105 4088 220 4145 ternpore
246 4095 296 4144 quo
320 4079 427 4143 vixerit,
458 4082 596 4148 scriptores

90 4136 266 4196 ‘dissentiunt
281 4146 357 4196 Corn.
366 4148 431 4213 Nep.
441 4147 517 4214 (apud
527 4149 593 4200 Gell.

666 3273 860 3341 Peripateticae.
884 3273 967 3322 Natus
984 3283 1023 3322 est
1040 3275 1155 3340 Stagirae

665 3342 691 3390 in
706 3339 863 3391 Macedonia.
881 3340 957 3391 Pater
971 3340 1024 3391 eius
1039 3353 1096 3391 erat
1106 3343 1155 3391 Ni-

666 3408 801 3463 comachus
818 3406 937 3457 medicus.
972 3407 1072 3458 Aetatis
1087 3427 1154 3458 anno

665 3481 698 3534 17
707 3476 820 3526 Athenas
835 3476 964 3546 protectus
981 3475 1097 3540 Platonis
1107 3494 1154 3525 au-

665 3544 734 3593 ditor
749 3559 795 3610 per
809 3541 900 3606 uiginti
913 3558 993 3595 anuos
1009 3542 1074 3606 fuit,
1093 3553 1153 3611 post

664 3610 796 3678 Philippus
822 3625 868 3659 rex
898 3609 1066 3660 Macedoniae
1097 3628 1154 3660 eum

664 3688 857 3747 praeceptorem
881 3675 927 3725 lrlii
943 3677 1081 3726 Alexandri
1100 3696 1153 3727 esso

664 3745 753 3808 voluit,
770 3761 821 3812 qno
836 3759 1025 3810 muncreusque
1040 3744 1074 3793 ad
1089 3745 1152 3794 illud

662 3823 771 3880 tempus,
781 3808 975 3878 qnoAlesender
984 3829 1091 3877 regnum
1101 3831 1152 3862 sus-

663 3880 775 3949 ciperet,
793 3879 894 3933 t'unctus
909 3888 956 3926 est.
989 3879 1055 3929 Dein
1070 3880 1152 3930 Athe-

661 3964 709 3999 nas
721 3963 836 3997 reversus
851 3946 951 4013 publice
960 3946 1151 4014 Philosophiam

660 4012 776 4075 tradidit.
807 4016 900 4063 Omnes
917 4014 970 4064 lere
984 4024 1072 4082 partes
1088 4015 1151 4064 Phi-

661 4080 795 4148 losophiae
809 4079 929 4130 tractavit
950 4082 1107 4149 inscriptis,
1126 4092 1151 4130 et

662 4150 689 4200 iu
704 4149 819 4202 erunibus
830 4149 1046 4200 lucemaccendit.
1065 4152 1150 4218 Quin-
