2640 4626
524 206 533 223 κ
561 187 690 239 LIBER
705 189 739 239 n.
755 196 779 247 2.
911 228 920 246 ,
1143 194 1202 267 147

124 307 311 381 ubertatem
334 321 366 380 ct
388 305 519 405 copiam
544 305 709 381 dicerent:
735 304 824 380 unde
849 333 1081 399 eratexortum
1095 352 1200 422 genus

124 409 335 496 Atticorum,
361 407 403 481 iis
418 407 518 507 ipsis,
545 407 602 507 qui
615 407 652 493 id
665 407 761 507 sequi
775 435 810 482 se
824 407 1079 511 profitebantur,
1104 426 1199 524 igno.

123 529 216 600 tum3
243 510 301 611 qui
330 511 397 584 iam
422 509 610 584 conticuere
625 517 664 600 ³,
688 538 795 611 paene
821 509 863 582 ab
893 511 968 612 ipso
993 517 1066 589 foro
1089 525 1198 603 irrisig

124 619 159 692 4.
186 613 269 712 quid
297 612 445 687 futurum
467 629 640 712 putamus,
667 640 769 713 quum
794 611 945 688 adiutore
963 614 1109 715 populo,
1133 653 1200 722 quo

123 715 302 791 utebamur
323 732 434 803 antea,
459 743 549 789 nunc
574 714 710 790 minime
734 743 797 789 nos
820 715 870 789 uti
891 744 993 817 posse
1007 716 1201 797 videamus?

121 819 186 890 Est
212 817 300 892 enim
313 816 531 918 philosophia
544 817 661 917 paucis
676 832 829 893 contenta
842 818 1030 909 iudicibus,
1054 820 1202 896 multitu-

123 919 238 1005 dinem
264 919 415 995 consulto
441 918 516 1019 ipsa
541 919 691 1018 fugiens,
717 920 813 1021 eique
837 921 849 993 i
874 921 952 997 siet
967 940 1143 1024 suspecta,
1169 943 1201 999 et

122 1022 250 1097 invisa:
275 1038 312 1095 ut
341 1022 410 1110 vel,
436 1022 465 1094 si
495 1021 571 1121 quis
595 1022 784 1098 universam
817 949 895 1098 velit
919 1024 1123 1126 vituperare,
1149 1055 1199 1103 se-

123 1124 236 1199 cundo
251 1125 287 1198 id
301 1123 428 1225 populo
446 1123 553 1198 facere
569 1124 693 1224 possit3
719 1123 786 1213 vel,
812 1125 840 1198 si
855 1125 892 1198 in
908 1155 997 1216 eam,
1022 1156 1122 1227 quam
1136 1158 1199 1203 nos

121 1227 265 1301 maxime
299 1227 490 1327 sequimur,
532 1244 669 1301 conetur
700 1226 875 1316 invadere,
914 1256 1036 1327 magna
1076 1231 1200 1305 babere

120 1329 233 1430 possit
255 1329 376 1403 auxilia
399 1333 448 1401 αὖ
480 1327 684 1428 reliquorum
707 1328 985 1430 philosophorum
1004 1331 1199 1432 disciplinis.

121 1432 165 1504 Π.
189 1433 261 1505 Nos
277 1447 387 1505 autem
401 1431 573 1505 universae
595 1430 831 1533 philosophiae
852 1433 1132 1533 vituperatoribus
1146 1463 1198 1510 re-

121 1534 322 1634 spondimus
349 1534 385 1606 in
398 1533 595 1621 Hortensi03
620 1561 684 1635 pro
700 1533 882 1608 Academia
911 1551 1021 1609 autem
1042 1563 1127 1636 quae
1147 1536 1198 1611 di-

121 1635 230 1710 cenda
247 1651 373 1723 essent,
398 1635 478 1708 satis
495 1637 692 1737 accuratein
703 1635 915 1711 Academicis
930 1654 1087 1737 quattuor
1101 1637 1198 1713 libris

121 1736 286 1839 explicata
309 1738 524 1812 arbitramur:
552 1739 612 1812 sed
633 1754 743 1812 tamen
760 1755 888 1813 tantum
906 1739 1017 1828 abest,
1042 1756 1079 1813 ut
1095 1742 1198 1823 scribi

121 1856 238 1913 contra
251 1869 314 1913 nos
327 1839 490 1928 nolimus,
515 1856 552 1911 ut
566 1840 603 1913 id
618 1840 716 1914 etiam
729 1841 870 1915 maxime
886 1858 1047 1942 optemus.
1072 1842 1109 1917 in
1123 1843 1197 1943 ipsa

120 1943 212 2021 enim
232 1941 373 2017 Graecia
387 1941 603 2042 philosophia
618 1958 710 2015 tanto
726 1942 761 2015 in
778 1943 905 2016 honore
917 1972 1098 2042 numquam
1115 1943 1197 2018 fuis-

120 2061 194 2132 set,
215 2044 282 2117 nisi
297 2044 566 2143 doctissimorum
581 2044 850 2120 contentionibus
865 2044 1197 2147 dissensionibusque

118 2146 288 2246 viguisset.

225 2259 257 2328 5.
285 2247 395 2345 Quam
421 2249 464 2321 ob
490 2277 559 2322 rem
582 2248 698 2321 homor
712 2247 839 2337 omnis,
865 2249 923 2347 qui
941 2248 1049 2326 facere
1067 2249 1104 2325 id
1118 2278 1195 2350 pos-

120 2367 218 2438 sunt,
244 2367 281 2422 ut
313 2350 415 2424 buius
448 2379 581 2450 quoque
616 2350 747 2448 generis
780 2347 912 2424 laudem
939 2349 1005 2422 iam
1028 2349 1197 2449 languenti

138 2572 144 2586 .
189 2541 266 2595 50r.
287 2555 310 2587 c.
318 2538 349 2588 R.
361 2537 392 2587 D.
407 2537 594 2586 conticuerunt.
619 2533 805 2594 ostentate
822 2537 923 2585 Ern-
940 2533 1194 2602 Vulgoaominitur.

171 2655 255 2716 unde)
272 2671 323 2717 „ex
336 2653 425 2720 quibus
440 2652 571 2720 principiis
593 2653 643 2718 (sc.
676 2652 738 2702 tiam
758 2661 785 2701 et
806 2650 949 2709 Atticorum
963 2651 1123 2705 tenuitatem.
1157 2655 1197 2706 De

138 2740 201 2774 enus
225 2721 327 2772 dicendi
344 2737 399 2772 csse
425 2720 518 2771 debere
539 2719 641 2782 humile,
676 2720 763 2770 Attico
772 2718 874 2769 dicendi
888 2710 986 2784 generes
991 2720 1025 2768 cf.
1035 2719 1195 2772 CicenOrat.

118 2741 271 2852 demissum,
289 2788 327 2838 nil
341 2788 390 2841 nisi
404 2787 505 2838 incorrn
525 2797 577 2838 tam
593 2804 643 2838 na·
676 2791 719 2844 23.
737 2803 775 2853 sq.
792 2785 917 2848 Quintil.
936 2788 998 2837 Inst,
1015 2803 1053 2838 or.
1073 2789 1135 2838 XII.
1150 2793 1195 2850 Ι10,

117 2868 207 2910 turam
221 2857 336 2925 spirans).
370 2857 442 2917 Quae
453 2854 496 2923 qui
515 2873 554 2904 em
587 2855 643 2905 rin-
678 2858 720 2913 16.
738 2870 792 2921 sqq.
1127 2921 1129 2925 .

119 2925 192 2994 oipia
205 2941 324 2992 perverse
337 2923 544 2988 intelligebantur
553 2873 643 2973 abad·
726 2921 764 2973 iis
776 2921 845 2990 ipsis
857 2948 892 2961 -
903 2920 1029 2987 ignotum)
1046 2937 1131 2989 quum,
1145 2924 1196 2973 At-

116 2992 253 3055 vorsariis,
280 2991 326 3060 qui
338 2990 496 3043 ieiunitatem
521 3000 548 3040 et
559 2989 643 3041 atridi-
675 2986 729 3041 tino
747 3005 839 3054 genere
854 2987 956 3039 dicendi
978 3006 1007 3039 se
1021 2989 1131 3055 gaudere
1153 2989 1197 3040 di-

119 3070 205 3112 tntem
230 3059 369 3127 quendam,
403 3075 503 3108 omnem
526 3068 644 3108 omatum
677 3065 773 3117 sentos
796 3055 955 3107 ieiunitatem
971 3057 1115 3107 Atticorum
1136 3056 1196 3109 imi-

117 3137 149 3179 ot
169 3126 324 3193 elegantiam
347 3125 471 3177 orationis
493 3124 582 3175 scdulo
599 3125 644 3175 fu-
676 3133 733 3174 tare
763 3141 809 3186 ur,
835 3140 922 3175 eorum
940 3122 991 3174 vim
1018 3140 1049 3174 ac
1072 3124 1150 3176 robur
1164 3142 1196 3176 ne
1243 3135 1245 3138 ’

119 3195 234 3262 gientem
246 3213 277 3246 ac
293 3201 470 3260 respuentem,
491 3206 578 3242 verum
592 3196 644 3242 at·
676 3190 730 3241 inte
753 3189 851 3256 'gerent
866 3190 976 3258 quidem.

119 3261 248 3313 ticismum
261 3261 416 3330 putabant.“
449 3260 547 3311 Neide,
727 3259 752 3316 4¹.
770 3257 884 3308 secwrdc
894 3275 931 3328 po
949 3257 1005 3324 ulo)
1021 3259 1054 3309 H.
1063 3276 1084 3309 e.
1094 3259 1196 3311 favente

119 3325 642 3463 wellettes
676 3276 1195 3451 cruentissime·
1234 3367 1237 3372 ·

634 3428 641 3454 s
689 3429 695 3443 ·
753 3429 759 3454 r
803 3427 810 3442 ·
1075 3430 1080 3440 ·
1188 3427 1195 3442 ·

119 3465 288 3527 Asiaticum,
323 3464 455 3524 Atticum,
495 3460 640 3510 Rhodium.
676 3459 796 3525 Doering.
900 3464 904 3469 '

119 3533 210 3584 &nus
219 3531 359 3582 Asiaticum
368 3528 549 3582 sententiarum
563 3543 643 3594 gram
727 3526 847 3593 ineam)
877 3524 1045 3600 Disciplinam
1066 3525 1196 3577 academi-

120 3595 644 3658 dimoeetmaiescateverborummaxime
678 3611 742 3646 cam.

119 3666 227 3722 omnino
236 3667 360 3730 ubertate,
375 3665 458 3732 copis,
471 3675 570 3721 tumore
580 3661 643 3713 adeo
728 3662 788 3712 Cer.
805 3662 837 3710 11.
856 3661 887 3711 in
905 3658 1060 3728 Hotmtsio)
1078 3662 1150 3723 Quos
1164 3661 1196 3712 de

120 3744 150 3786 ct
172 3730 337 3787 affirmatione
361 3733 460 3800 insigne
477 3740 547 3782 erat:
573 3729 645 3780 Atti-
677 3729 728 3781 hoc
743 3729 809 3779 libro
833 3727 1060 3791 moneodanum,
1088 3729 1196 3797 diximus

118 3811 288 3854 cumcontra
311 3800 417 3870 simplex
441 3809 512 3862 eret,
528 3796 644 3848 tennita-
676 3797 704 3848 in
720 3796 786 3847 libro
801 3793 863 3846 dict.
878 3795 913 3846 de
934 3796 1072 3847 Ciceronis
1087 3797 1118 3847 in
1128 3797 1196 3868 phi-

118 3880 175 3921 tem
196 3869 326 3939 ‚quandem
354 3885 386 3921 ao
412 3867 569 3919 ieiunitatem
600 3881 644 3916 sc-
676 3863 824 3934 losoplricm
840 3863 981 3932 meritiop.
996 3867 1038 3923 51.

120 3947 204 4000 cuns,
231 3935 320 3990 subtili
335 3945 363 3987 et
376 3952 463 4004 presso
479 3931 644 3986 orationeli-
727 3937 753 3991 5.
770 3931 1015 3999 landemarus
1071 3930 1198 3999 significat

120 4015 234 4069 mmm,
252 4002 322 4056 omni
336 4000 437 4053 dicendi
453 4002 593 4054 &stimme
614 4017 644 4052 oc
677 4016 732 4052 rom
751 3999 883 4053 laudatam
897 3999 940 4051 vel
956 4000 1035 4052 lauda
1051 3999 1120 4050 ilem.
1155 3998 1197 4048 Sic

121 4073 212 4142 lepore
229 4072 413 4138 verborumque
426 4070 559 4121 verteribus
584 4069 645 4119 abo-
677 4085 737 4120 mox
753 4079 887 4119 oratorum
901 4067 963 4120 laus
979 4077 1020 4118 est
1033 4085 1073 4118 ars
1095 4064 1197 4117 dicendi

119 4140 217 4192 mna.
250 4137 380 4191 Rhodium
402 4136 511 4206 denique
536 4136 646 4188 medium
678 4135 754 4187 leude
771 4135 856 4202 digna.
888 4135 932 4188 stc
948 4135 1017 4186 infra
1032 4133 1064 4197 9,
1082 4140 1124 4193 22.
1141 4133 1197 4184 Noc
1263 4149 1267 4159 ¹

122 4208 231 4260 tenebat
252 4207 320 4259 inter
341 4204 491 4256 Asianorum
512 4203 646 4256 abunden-
680 4203 812 4277 qnisquam
827 4203 947 4257 enom'm
961 4201 1050 4270 spolie
1060 4200 1211 4268 septetum
1240 4240 1246 4255 .

783 4343 788 4353 ,
915 4278 997 4344 lb*
