2640 4626
482 218 642 272 1111111.
660 218 703 279 41.
1069 210 1128 279 127

56 333 321 435 Triptolemum
355 337 594 437 convenireque
617 366 692 427 eos,
717 337 775 438 qui
800 338 884 412 iuste
913 356 944 411 et
972 368 1045 412 cum
1065 339 1130 414 lide

56 437 208 511 vixerint.
233 437 315 511 baec
335 440 558 539 peregrinatio
572 440 750 514 mediocris
766 441 861 514 vobis
876 442 981 515 videri
997 439 1131 541 potest?

56 557 96 611 ut
111 568 189 613 veru
205 539 350 639 colloqui
366 571 440 614 curn
457 543 606 642 Orpheo,
623 544 773 632 Musaeo,
798 545 955 632 Homero,
981 544 1130 619 Hesiodo

56 642 174 729 liceat,
200 644 315 742 quanti
335 644 469 718 tandem
492 646 695 720 aestimatis?
722 645 875 746 equidem
893 674 991 746 saepe
1016 648 1131 735 emori,

58 746 90 818 si
106 745 179 819 lieri
194 761 317 844 posset,
341 746 467 834 vellem,
492 764 528 819 ut
546 776 600 835 ea,
626 776 709 847 quae
728 750 820 835 dico,
846 743 928 820 mibi
949 748 1063 825 liceret
1080 751 1129 822 in-

58 848 181 921 venire.
206 866 329 947 quanta
347 847 562 922 delectatione
587 867 695 922 autem
719 851 884 939 afficerer,
911 878 1012 952 quum
1034 850 1131 925 Pala-

58 951 201 1038 medem,
226 978 328 1050 quum
340 952 496 1040 Aiacem,
521 981 623 1051 quum
639 952 738 1041 alios,
764 954 889 1027 iudicio
905 955 1125 1053 iniquorum²

59 1055 319 1142 circumventos,
345 1055 572 1128 convenirem!
596 1072 756 1129 tentarem
782 1057 880 1129 etiam
897 1056 1019 1130 summi
1032 1056 1131 1154 regis,
1218 1056 1220 1063 ’

59 1156 119 1254 qui
145 1157 304 1228 maximas
330 1157 445 1255 copias
470 1157 564 1231 duxit
591 1157 635 1229 ad
648 1158 797 1247 Troiam,
823 1175 854 1230 et
876 1159 966 1231 Ulixi
979 1165 1010 1247 3,
1035 1160 1130 1262 Sisy-

57 1258 187 1358 phique
206 1258 433 1356 prudentiam:
459 1288 520 1332 nec
536 1260 579 1332 ob
598 1288 669 1332 eam
685 1288 774 1347 rem,
799 1288 900 1359 quum
922 1261 1001 1334 haec
1018 1261 1131 1361 exqui-

58 1388 179 1446 rerem,
204 1360 291 1432 sicut
305 1360 359 1433 bic
376 1361 548 1449 faciebam,
574 1363 681 1462 capite
698 1363 881 1435 damnarer.
916 1364 966 1435 Nc
981 1392 1040 1435 vos
1058 1363 1131 1462 qui-

57 1464 149 1550 dem,
173 1463 324 1551 Iudices,
349 1464 392 1551 ii,
417 1464 474 1563 qui
495 1493 547 1537 me
568 1463 766 1551 absolvistis,
792 1481 931 1537 mortem
945 1466 1130 1538 timueritis.

58 1573 119 1642 99.
144 1592 205 1636 nec
224 1565 312 1638 enim
331 1566 483 1666 cuiquam
503 1568 593 1638 bono
616 1567 693 1638 mali
710 1567 892 1666 quidquam
914 1568 1043 1641 evenire
1068 1596 1130 1668 poe

58 1668 143 1753 test,
168 1695 229 1740 nec
242 1667 333 1757 vivo,
356 1697 417 1742 nec
440 1686 588 1743 mortuo:
615 1697 676 1743 nec
692 1696 850 1768 umquam
867 1670 936 1743 cius
956 1696 1044 1742 resa
1064 1671 1129 1742 diis

58 1769 304 1843 immortalibus
334 1770 582 1868 negligentur4.
623 1800 685 1845 nec
706 1771 789 1845 mibi
823 1773 889 1872 ipsi
915 1773 981 1844 boe
1008 1773 1130 1846 accidit

57 1872 208 1944 fonuito.
233 1901 294 1947 nec
312 1900 391 1946 vero
406 1901 466 1970 ego
483 1872 544 1963 iis,
570 1875 727 1974 aquibus
742 1891 912 1954 aecusatus
930 1903 1014 1961 sum,
1039 1892 1095 1948 aut
1110 1903 1130 1948 a

57 1975 184 2074 quibus
201 1976 449 2064 condemnatus,
475 1976 583 2052 babeo
599 1977 691 2078 quod
708 2005 929 2064 succenseam,
954 1978 1018 2050 nisi
1038 1977 1131 2077 quod

56 2077 145 2149 mibi
159 2094 278 2151 nocere
294 2106 329 2151 se
347 2078 587 2162 crediderunt.“
636 2081 679 2151 Et
695 2080 777 2153 baec
790 2080 923 2179 quidem
939 2080 1003 2152 boc
1020 2081 1130 2152 modo.

56 2178 145 2251 nibil
169 2196 277 2253 autem
302 2181 419 2254 melius
437 2197 599 2254 extremo:
650 2183 739 2269 „Scd
760 2199 891 2281 tempus
918 2198 986 2270 cst,
1013 2182 1131 2282 inquit,

57 2283 128 2355 iam
143 2281 222 2355 binc
238 2281 331 2356 abire
342 2311 407 2370 me,
422 2300 459 2354 ut
473 2283 614 2368 moriam
639 2311 709 2370 vos,
727 2301 763 2355 ut
779 2285 878 2357 vitam
890 2285 1001 2381 agatis.
1020 2301 1130 2356 utrum

57 2401 170 2458 autem
181 2384 223 2457 sit
231 2385 359 2474 melius,
380 2385 429 2458 dii
444 2385 645 2459 immortales
660 2386 785 2461 sciunt:
811 2387 980 2458 bominem
997 2387 1131 2484 quidem

56 2487 146 2560 scire
164 2487 309 2560 arbitror
321 2489 517 2562 neminem.“

162 2591 265 2662 XLII.
290 2593 360 2665 Nae
386 2619 448 2689 ego
474 2590 565 2664 baud
589 2581 816 2690 paullofbunc
837 2590 984 2663 animum
1008 2590 1132 2685 malim,

57 2720 162 2792 quam
183 2721 297 2766 eorum
315 2694 464 2766 omnium
481 2694 651 2782 fortunas,
678 2693 794 2793 quide
812 2693 876 2766 boc
895 2693 1130 2766 iudicaverunt.

127 2902 144 2954 2
161 2895 203 2947 Sic
219 2895 312 2962 vulgo,
329 2897 355 2947 h.
372 2910 394 2948 e.
412 2897 554 2965 iniquorum
567 2897 705 2948 bominum.
722 2895 753 2947 R.
773 2903 798 2948 et
815 2897 879 2947 alius
897 2895 958 2946 Cod.
976 2896 1059 2945 Bentl.
1077 2895 1134 2946 ini-

56 2981 169 3034 quorum
185 2977 292 3014 ventor:
317 2965 385 3015 unde
401 2966 485 3016 Bentl.
507 2965 573 3017 coni.
590 2967 696 3035 iniquo:
716 2966 785 3032 quod
804 2970 845 3015 Or.
863 2983 885 3014 c.
906 2967 935 3014 D.
953 2966 1012 3013 Ern.
1031 2963 1132 3014 etSch.
1157 2964 1162 2974 ¹

54 3031 165 3099 recepit.
192 3032 234 3082 Sic
252 3050 291 3099 ap.
309 3033 375 3082 Plat.
393 3031 440 3084 καὶ
458 3032 541 3093 εἴτις
558 3030 680 3094 ἄλλος-
700 3031 749 3084 διὰ
764 3033 857 3098 κρίσιν
874 3030 973 3085 ἄδικον
990 3029 1132 3096 τέθνηκεν.

54 3103 114 3166 Ego
131 3116 192 3149 vero
211 3118 232 3149 c.
250 3102 295 3151 W.
314 3118 328 3150 1
344 3101 412 3166 vulg.
431 3100 573 3150 abeundum
589 3118 641 3150 non
666 3109 737 3166 puto.
780 3100 855 3166 3.Sic
871 3101 916 3149 W.
935 3117 957 3149 c.
975 3101 1005 3149 D.
1023 3099 1089 3159 atii,
1104 3107 1134 3148 nt

55 3169 118 3218 Ern.
138 3167 240 3232 Ulyssi,
258 3167 290 3217 al.
313 3167 428 3233 Ulyssis,
445 3168 477 3218 al.
497 3169 594 3230 Ulixis,
610 3185 634 3218 v.
654 3167 762 3234 Ulyais.
796 3169 827 3218 V.
845 3167 986 3217 Ramshorn
1002 3171 1063 3216 Lat.
1086 3168 1133 3217 Gr.

56 3237 81 3303 §.
99 3238 142 3292 29,
159 3251 185 3301 p.
202 3235 246 3293 48.
287 3236 304 3292 4
327 3237 359 3284 D.
378 3234 443 3284 coni.
461 3237 636 3305 negliguntur
652 3236 687 3286 ob
705 3236 771 3286 etat.
789 3252 812 3285 v.
831 3232 897 3289 nott
923 3233 1062 3301 ἀμελεῖται
1077 3233 1134 3286 ὑπὸ

54 3303 137 3419 agecio
148 3300 307 3419 ἔὲῐτούτον
329 3300 488 3370 πράγματα.
523 3307 558 3354 At
581 3321 634 3354 non
655 3302 795 3355 attendisse
811 3302 922 3353 11111111
938 3319 962 3352 v.
980 3320 1101 3371 unquam,
1119 3319 1134 3351 1

79 3386 148 3420 rna
205 3387 253 3421 1111.

55 3488 76 3537 l.
99 3486 127 3536 d.
152 3487 186 3537 ad
206 3487 307 3539 Platon.
326 3487 457 3538 Phaedon.
475 3507 501 3556 p.
522 3492 579 3548 187.
615 3487 788 3554 ἐρευνῶντα,
806 3485 897 3552 ὥσπερ
912 3484 978 3545 τοὺς
993 3483 1132 3548 ἐνταῦθα,

54 3557 199 3606 Hennann.
211 3555 244 3605 111
251 3555 336 3621 Vigor.
354 3559 395 3614 19.
413 3573 439 3622 p.
454 3558 517 3615 702.
533 3562 581 3607 Ast
615 3553 730 3622 διάγειν,
749 3555 792 3615 τίς
807 3553 900 3607 αὐτῶν
914 3551 1002 3617 σοφός
1017 3550 1072 3604 ἐστὶ
1085 3549 1134 3605 καὶ

56 3623 90 3673 ad
105 3623 209 3673 Platon.
228 3623 360 3674 Gastmahl
375 3643 400 3691 p.
420 3628 478 3681 271.
612 3627 655 3684 τίς
663 3622 752 3676 οἴεται
767 3620 827 3689 μὲν,
844 3620 900 3674 ἔστι
908 3614 976 3673 t’ot·
992 3617 1038 3672 tut
1053 3619 1132 3690 πόσῳ

107 3691 300 3759 convenireque
317 3709 368 3753 eos,
386 3692 432 3759 qui
448 3691 578 3758 vixerint)
613 3689 675 3744 δ’ἄν
691 3709 732 3752 τις
743 3690 862 3754 δέξαιτο,
880 3688 893 3740 ἐ
910 3687 1006 3740 ericae
1023 3685 1072 3740 τὸν
1087 3685 1133 3742 tat

54 3757 132 3808 Plato
150 3756 199 3810 unt
213 3755 291 3812 ἄλλοι
305 3756 367 3812 ὅσοι
380 3760 436 3810 τῶν
451 3759 579 3826 ἡμιθέων
614 3758 720 3825 Τροίαν
727 3755 867 3845 1111111111
875 3775 926 3825 την
939 3755 1043 3823 πολλὴν
1051 3769 1132 3824 στρα-

57 3825 165 3878 δίκαιοι
179 3823 574 3896 ἐγέὺοντοέντῷὲαντῶνβίῳ.
610 3822 726 3894 vidend
752 3822 895 3878 Οδιισσέα.
920 3821 1094 3893 ἢΣίσνφον,
1117 3821 1131 3844 “

89 3894 576 3962 quantitondemaescimatisP)Grae·
612 3893 713 3956 ἄλλους
734 3895 852 3961 μυρίους
877 3889 913 3947 dv
936 3910 979 3952 τις
994 3890 1069 3944 εἴποι
1084 3844 1132 3945 nul

57 3978 85 4045 qe
107 3957 155 4043 {nl
179 3959 256 4030 πόσῳ
287 3959 324 4015 ἄν
351 3979 394 4024 τις
416 3959 517 4028 δέξαιτ’
541 3960 578 4016 do
612 3960 718 4028 didone
726 3960 774 4046 noel
787 3964 937 4044 yovuinqe·
953 3956 997 4021 cle
1012 3958 1131 4040 diutine·

57 4046 158 4146 uuaz}
181 4095 294 4146 obeam
314 4096 383 4163 rem)
418 4096 526 4148 Uberius
549 4108 576 4148 et
609 4025 1130 4166 {viiidiidioiiidbiiiiiivibidititidiidg

58 4163 149 4219 clarius
164 4163 252 4215 Plato:
277 4161 326 4217 uel
342 4163 378 4230 1111
391 4163 442 4217 καὶ
453 4163 486 4218 τὸ
501 4163 574 4234 μέγι·
604 4165 736 4227 πάντως·
753 4162 888 4232 ον’δήιιου
903 4162 1035 4228 andronas
1051 4158 1131 4214 ἕνεκα

57 4247 140 4296 otor,
172 4230 240 4294 τοὺς
258 4228 315 4286 ἐκεῖ
337 4228 498 4298 ἐξετάζοντα
524 4233 575 4287 nul
608 4233 636 4288 ot
653 4231 710 4288 ἐκεῖ
725 4230 944 4288 &carnotus-s.
959 4257 994 4269 —
