<?xml version="1.0" encoding="UTF-8"?>
<!DOCTYPE html PUBLIC "-//W3C//DTD XHTML 1.0 Transitional//EN"
    "http://www.w3.org/TR/xhtml1/DTD/xhtml1-transitional.dtd">
<html xmlns="http://www.w3.org/1999/xhtml" xml:lang="en" lang="en">
 <head>
  <title>
</title>
<meta http-equiv="Content-Type" content="text/html;charset=utf-8" />
  <meta name='ocr-system' content='tesseract 3.04.00' />
  <meta name='ocr-capabilities' content='ocr_page ocr_carea ocr_par ocr_line ocrx_word'/>
</head>
<body>
  <div class='ocr_page' id='page_1' title='image "./mtulliiciceroni18cicegoog_0225.png"; bbox 0 0 2640 4626; ppageno 0'>
   <div class='ocr_carea' id='block_1_1' title="bbox 121 187 945 275">
    <p class='ocr_par' dir='ltr' id='par_1_1' title="bbox 121 187 945 275">
     <span class='ocr_line' id='line_1_1' title="bbox 121 187 945 275; baseline -0.008 -18"><span class='ocrx_word' id='word_1_1' title='bbox 121 187 185 257; x_wconf 81' lang='lat' dir='ltr'><strong>aot</strong></span> <span class='ocrx_word' id='word_1_2' title='bbox 369 199 945 275; x_wconf 80' lang='lat' dir='ltr'><strong>rusconaumuunrsrumrrouuu</strong></span> 
     </span>
    </p>
   </div>
   <div class='ocr_carea' id='block_1_2' title="bbox 121 315 1197 2146">
    <p class='ocr_par' dir='ltr' id='par_1_2' title="bbox 121 315 1197 2146">
     <span class='ocr_line' id='line_1_2' title="bbox 123 315 1192 418; baseline -0.001 -27"><span class='ocrx_word' id='word_1_3' title='bbox 123 319 220 404; x_wconf 88' lang='lat' dir='ltr'><strong>diue,</strong></span> <span class='ocrx_word' id='word_1_4' title='bbox 247 333 303 390; x_wconf 87' lang='lat' dir='ltr'><strong>aut</strong></span> <span class='ocrx_word' id='word_1_5' title='bbox 325 319 515 393; x_wconf 81' lang='lat' dir='ltr'>iracundia:</span> <span class='ocrx_word' id='word_1_6' title='bbox 543 346 741 418; x_wconf 90' lang='lat' dir='ltr'><strong>quamquam</strong></span> <span class='ocrx_word' id='word_1_7' title='bbox 763 317 836 417; x_wconf 92' lang='lat' dir='ltr'><strong>ipsa</strong></span> <span class='ocrx_word' id='word_1_8' title='bbox 856 316 1029 390; x_wconf 80' lang='lat' dir='ltr'>iracundia</span> <span class='ocrx_word' id='word_1_9' title='bbox 1044 315 1192 390; x_wconf 85' lang='lat' dir='ltr'><strong>ldudrnrs</strong></span> 
     </span>
     <span class='ocr_line' id='line_1_3' title="bbox 122 418 1192 520; baseline -0.005 -24"><span class='ocrx_word' id='word_1_10' title='bbox 122 437 280 520; x_wconf 89' lang='lat' dir='ltr'><strong>estpars.</strong></span> <span class='ocrx_word' id='word_1_11' title='bbox 306 420 355 493; x_wconf 89' lang='lat' dir='ltr'><strong>sic</strong></span> <span class='ocrx_word' id='word_1_12' title='bbox 383 421 469 494; x_wconf 92' lang='lat' dir='ltr'><strong>enim</strong></span> <span class='ocrx_word' id='word_1_13' title='bbox 498 420 650 494; x_wconf 87' lang='lat' dir='ltr'><strong>delinitur</strong></span> <span class='ocrx_word' id='word_1_14' title='bbox 665 420 857 506; x_wconf 53' lang='lat' dir='ltr'><strong>iracundiam</strong></span> <span class='ocrx_word' id='word_1_15' title='bbox 880 418 1063 493; x_wconf 91' lang='lat' dir='ltr'><strong>ulciscendi</strong></span> <span class='ocrx_word' id='word_1_16' title='bbox 1080 418 1192 492; x_wconf 91' lang='lat' dir='ltr'><strong>libido.</strong></span> 
     </span>
     <span class='ocr_line' id='line_1_4' title="bbox 122 520 1192 624; baseline -0.001 -30"><span class='ocrx_word' id='word_1_17' title='bbox 122 523 191 619; x_wconf 83' lang='lat' dir='ltr'><strong>Qui</strong></span> <span class='ocrx_word' id='word_1_18' title='bbox 217 520 319 619; x_wconf 80' lang='lat' dir='ltr'><strong>igitur</strong></span> <span class='ocrx_word' id='word_1_19' title='bbox 334 523 439 597; x_wconf 82' lang='lat' dir='ltr'>exisse</span> <span class='ocrx_word' id='word_1_20' title='bbox 455 552 494 597; x_wconf 83' lang='lat' dir='ltr'><strong>ex</strong></span> <span class='ocrx_word' id='word_1_21' title='bbox 513 539 674 624; x_wconf 76' lang='lat' dir='ltr'><strong>potestate</strong></span> <span class='ocrx_word' id='word_1_22' title='bbox 692 523 864 609; x_wconf 88' lang='lat' dir='ltr'><strong>dicuntur,</strong></span> <span class='ocrx_word' id='word_1_23' title='bbox 888 521 1010 595; x_wconf 85' lang='lat' dir='ltr'>iccirco</span> <span class='ocrx_word' id='word_1_24' title='bbox 1027 522 1192 608; x_wconf 91' lang='lat' dir='ltr'><strong>dicuntur,</strong></span> 
     </span>
     <span class='ocr_line' id='line_1_5' title="bbox 123 622 1193 726; baseline 0 -31"><span class='ocrx_word' id='word_1_25' title='bbox 123 625 201 724; x_wconf 90' lang='lat' dir='ltr'><strong>qnia</strong></span> <span class='ocrx_word' id='word_1_26' title='bbox 233 651 304 695; x_wconf 90' lang='lat' dir='ltr'><strong>non</strong></span> <span class='ocrx_word' id='word_1_27' title='bbox 338 641 414 697; x_wconf 90' lang='lat' dir='ltr'><strong>sunt</strong></span> <span class='ocrx_word' id='word_1_28' title='bbox 437 625 473 697; x_wconf 93' lang='lat' dir='ltr'><strong>in</strong></span> <span class='ocrx_word' id='word_1_29' title='bbox 496 641 658 726; x_wconf 80' lang='lat' dir='ltr'><strong>potestate</strong></span> <span class='ocrx_word' id='word_1_30' title='bbox 684 625 819 698; x_wconf 91' lang='lat' dir='ltr'><strong>mentis:</strong></span> <span class='ocrx_word' id='word_1_31' title='bbox 846 624 901 696; x_wconf 93' lang='lat' dir='ltr'><strong>cui</strong></span> <span class='ocrx_word' id='word_1_32' title='bbox 926 651 1067 722; x_wconf 87' lang='lat' dir='ltr'><strong>regnum</strong></span> <span class='ocrx_word' id='word_1_33' title='bbox 1092 622 1193 696; x_wconf 88' lang='lat' dir='ltr'><strong>totius</strong></span> 
     </span>
     <span class='ocr_line' id='line_1_6' title="bbox 123 725 1193 825; baseline 0.001 -26"><span class='ocrx_word' id='word_1_34' title='bbox 123 725 226 799; x_wconf 92' lang='lat' dir='ltr'><strong>animi</strong></span> <span class='ocrx_word' id='word_1_35' title='bbox 243 755 259 798; x_wconf 93' lang='lat' dir='ltr'><strong>a</strong></span> <span class='ocrx_word' id='word_1_36' title='bbox 275 743 392 800; x_wconf 88' lang='lat' dir='ltr'><strong>natura</strong></span> <span class='ocrx_word' id='word_1_37' title='bbox 410 727 570 800; x_wconf 88' lang='lat' dir='ltr'><strong>tributum</strong></span> <span class='ocrx_word' id='word_1_38' title='bbox 591 743 647 800; x_wconf 91' lang='lat' dir='ltr'><strong>est.</strong></span> <span class='ocrx_word' id='word_1_39' title='bbox 700 727 820 800; x_wconf 88' lang='lat' dir='ltr'><strong>Graeci</strong></span> <span class='ocrx_word' id='word_1_40' title='bbox 838 742 947 800; x_wconf 84' lang='lat' dir='ltr'><strong>aut&#39;em</strong></span> <span class='ocrx_word' id='word_1_41' title='bbox 963 733 1085 825; x_wconf 80' lang='grc' dir='ltr'>μανίαν</span> <span class='ocrx_word' id='word_1_42' title='bbox 1105 726 1193 800; x_wconf 88' lang='lat' dir='ltr'><strong>unde</strong></span> 
     </span>
     <span class='ocr_line' id='line_1_7' title="bbox 124 827 1193 929; baseline -0.001 -27"><span class='ocrx_word' id='word_1_43' title='bbox 124 827 307 929; x_wconf 70' lang='lat' dir='ltr'><strong>appellent,</strong></span> <span class='ocrx_word' id='word_1_44' title='bbox 332 858 402 902; x_wconf 90' lang='lat' dir='ltr'><strong>non</strong></span> <span class='ocrx_word' id='word_1_45' title='bbox 423 829 518 903; x_wconf 82' lang='lat' dir='ltr'><strong>facilc</strong></span> <span class='ocrx_word' id='word_1_46' title='bbox 546 830 703 903; x_wconf 84' lang='lat' dir='ltr'><strong>dixerim:</strong></span> <span class='ocrx_word' id='word_1_47' title='bbox 731 858 802 903; x_wconf 90' lang='lat' dir='ltr'><strong>eam</strong></span> <span class='ocrx_word' id='word_1_48' title='bbox 822 845 932 902; x_wconf 89' lang='lat' dir='ltr'><strong>tamen</strong></span> <span class='ocrx_word' id='word_1_49' title='bbox 950 828 1058 928; x_wconf 85' lang='lat' dir='ltr'>ipsam</span> <span class='ocrx_word' id='word_1_50' title='bbox 1076 828 1193 901; x_wconf 90' lang='lat' dir='ltr'><strong>distin-</strong></span> 
     </span>
     <span class='ocr_line' id='line_1_8' title="bbox 122 930 1192 1032; baseline 0.001 -29"><span class='ocrx_word' id='word_1_51' title='bbox 122 931 255 1029; x_wconf 85' lang='lat' dir='ltr'><strong>guimus</strong></span> <span class='ocrx_word' id='word_1_52' title='bbox 267 959 330 1004; x_wconf 92' lang='lat' dir='ltr'><strong>nos</strong></span> <span class='ocrx_word' id='word_1_53' title='bbox 345 931 473 1020; x_wconf 91' lang='lat' dir='ltr'><strong>melius,</strong></span> <span class='ocrx_word' id='word_1_54' title='bbox 499 960 597 1032; x_wconf 91' lang='lat' dir='ltr'><strong>quam</strong></span> <span class='ocrx_word' id='word_1_55' title='bbox 613 931 670 1005; x_wconf 88' lang='lat' dir='ltr'><strong>illi.</strong></span> <span class='ocrx_word' id='word_1_56' title='bbox 694 931 781 1003; x_wconf 91' lang='lat' dir='ltr'><strong>hanc</strong></span> <span class='ocrx_word' id='word_1_57' title='bbox 799 930 885 1004; x_wconf 91' lang='lat' dir='ltr'><strong>enim</strong></span> <span class='ocrx_word' id='word_1_58' title='bbox 902 931 1085 1018; x_wconf 89' lang='lat' dir='ltr'><strong>insaniam,</strong></span> <span class='ocrx_word' id='word_1_59' title='bbox 1111 958 1192 1030; x_wconf 91' lang='lat' dir='ltr'><strong>quae</strong></span> 
     </span>
     <span class='ocr_line' id='line_1_9' title="bbox 122 1031 1192 1134; baseline 0 -28"><span class='ocrx_word' id='word_1_60' title='bbox 122 1034 234 1106; x_wconf 87' lang='lat' dir='ltr'><strong>iuncta</strong></span> <span class='ocrx_word' id='word_1_61' title='bbox 246 1032 401 1107; x_wconf 89' lang='lat' dir='ltr'><strong>stultitiae</strong></span> <span class='ocrx_word' id='word_1_62' title='bbox 420 1051 509 1134; x_wconf 89' lang='lat' dir='ltr'><strong>patet</strong></span> <span class='ocrx_word' id='word_1_63' title='bbox 523 1034 631 1121; x_wconf 90' lang='lat' dir='ltr'><strong>latius,</strong></span> <span class='ocrx_word' id='word_1_64' title='bbox 647 1062 663 1106; x_wconf 92' lang='lat' dir='ltr'><strong>a</strong></span> <span class='ocrx_word' id='word_1_65' title='bbox 680 1031 792 1106; x_wconf 84' lang='lat' dir='ltr'><strong>furore</strong></span> <span class='ocrx_word' id='word_1_66' title='bbox 809 1032 1039 1131; x_wconf 86' lang='lat' dir='ltr'><strong>disiungimus.</strong></span> <span class='ocrx_word' id='word_1_67' title='bbox 1074 1032 1192 1106; x_wconf 89' lang='lat' dir='ltr'><strong>Graeci</strong></span> 
     </span>
     <span class='ocr_line' id='line_1_10' title="bbox 122 1135 1193 1236; baseline 0 -28"><span class='ocrx_word' id='word_1_68' title='bbox 122 1135 237 1208; x_wconf 90' lang='lat' dir='ltr'><strong>volunt</strong></span> <span class='ocrx_word' id='word_1_69' title='bbox 261 1135 308 1208; x_wconf 93' lang='lat' dir='ltr'><strong>illi</strong></span> <span class='ocrx_word' id='word_1_70' title='bbox 332 1136 484 1236; x_wconf 87' lang='lat' dir='ltr'><strong>quidem,</strong></span> <span class='ocrx_word' id='word_1_71' title='bbox 511 1136 570 1209; x_wconf 92' lang='lat' dir='ltr'><strong>sed</strong></span> <span class='ocrx_word' id='word_1_72' title='bbox 592 1163 710 1235; x_wconf 89' lang='lat' dir='ltr'><strong>parum</strong></span> <span class='ocrx_word' id='word_1_73' title='bbox 735 1135 844 1208; x_wconf 84' lang='lat' dir='ltr'><strong>valent</strong></span> <span class='ocrx_word' id='word_1_74' title='bbox 870 1135 989 1208; x_wconf 87' lang='lat' dir='ltr'><strong>verbo:</strong></span> <span class='ocrx_word' id='word_1_75' title='bbox 1016 1163 1116 1234; x_wconf 90' lang='lat' dir='ltr'><strong>quem</strong></span> <span class='ocrx_word' id='word_1_76' title='bbox 1133 1163 1193 1208; x_wconf 90' lang='lat' dir='ltr'><strong>nos</strong></span> 
     </span>
     <span class='ocr_line' id='line_1_11' title="bbox 123 1236 1192 1338; baseline 0.001 -29"><span class='ocrx_word' id='word_1_77' title='bbox 123 1237 290 1326; x_wconf 87' lang='lat' dir='ltr'><strong>furorem,</strong></span> <span class='ocrx_word' id='word_1_78' title='bbox 316 1246 529 1338; x_wconf 66' lang='grc' dir='ltr'>μελαγχολίαν</span> <span class='ocrx_word' id='word_1_79' title='bbox 551 1237 599 1311; x_wconf 91' lang='lat' dir='ltr'><strong>illi</strong></span> <span class='ocrx_word' id='word_1_80' title='bbox 614 1255 739 1311; x_wconf 91' lang='lat' dir='ltr'><strong>vocant.</strong></span> <span class='ocrx_word' id='word_1_81' title='bbox 765 1236 955 1337; x_wconf 89' lang='lat' dir='ltr'><strong>quasivero</strong></span> <span class='ocrx_word' id='word_1_82' title='bbox 974 1236 1124 1310; x_wconf 90' lang='lat' dir='ltr'><strong>atrabili</strong></span> <span class='ocrx_word' id='word_1_83' title='bbox 1142 1265 1192 1310; x_wconf 91' lang='lat' dir='ltr'><strong>so-</strong></span> 
     </span>
     <span class='ocr_line' id='line_1_12' title="bbox 123 1338 1192 1441; baseline -0.002 -28"><span class='ocrx_word' id='word_1_84' title='bbox 123 1339 192 1413; x_wconf 91' lang='lat' dir='ltr'><strong>lum</strong></span> <span class='ocrx_word' id='word_1_85' title='bbox 210 1368 329 1431; x_wconf 86' lang='lat' dir='ltr'><strong>mens,</strong></span> <span class='ocrx_word' id='word_1_86' title='bbox 355 1370 393 1414; x_wconf 92' lang='lat' dir='ltr'><strong>ac</strong></span> <span class='ocrx_word' id='word_1_87' title='bbox 415 1370 485 1414; x_wconf 93' lang='lat' dir='ltr'><strong>non</strong></span> <span class='ocrx_word' id='word_1_88' title='bbox 512 1369 610 1441; x_wconf 88' lang='lat' dir='ltr'><strong>saepe</strong></span> <span class='ocrx_word' id='word_1_89' title='bbox 630 1341 679 1414; x_wconf 91' lang='lat' dir='ltr'><strong>vel</strong></span> <span class='ocrx_word' id='word_1_90' title='bbox 703 1340 874 1414; x_wconf 87' lang='lat' dir='ltr'><strong>iracundia</strong></span> <span class='ocrx_word' id='word_1_91' title='bbox 893 1339 1062 1438; x_wconf 79' lang='lat' dir='ltr'><strong>graviore,</strong></span> <span class='ocrx_word' id='word_1_92' title='bbox 1086 1338 1140 1414; x_wconf 86' lang='lat' dir='ltr'><strong>vel</strong></span> <span class='ocrx_word' id='word_1_93' title='bbox 1154 1340 1192 1412; x_wconf 91' lang='lat' dir='ltr'><strong>ti-</strong></span> 
     </span>
     <span class='ocr_line' id='line_1_13' title="bbox 121 1442 1193 1542; baseline -0.002 -26"><span class='ocrx_word' id='word_1_94' title='bbox 121 1470 232 1530; x_wconf 86' lang='lat' dir='ltr'><strong>more,</strong></span> <span class='ocrx_word' id='word_1_95' title='bbox 257 1442 309 1517; x_wconf 91' lang='lat' dir='ltr'><strong>vel</strong></span> <span class='ocrx_word' id='word_1_96' title='bbox 340 1443 454 1516; x_wconf 89' lang='lat' dir='ltr'><strong>dolore</strong></span> <span class='ocrx_word' id='word_1_97' title='bbox 487 1461 672 1517; x_wconf 87' lang='lat' dir='ltr'><strong>moveatur:</strong></span> <span class='ocrx_word' id='word_1_98' title='bbox 698 1472 763 1542; x_wconf 92' lang='lat' dir='ltr'><strong>quo</strong></span> <span class='ocrx_word' id='word_1_99' title='bbox 797 1469 916 1540; x_wconf 85' lang='lat' dir='ltr'><strong>genere</strong></span> <span class='ocrx_word' id='word_1_100' title='bbox 948 1442 1193 1531; x_wconf 84' lang='lat' dir='ltr'><strong>Athamantem,</strong></span> 
     </span>
     <span class='ocr_line' id='line_1_14' title="bbox 122 1543 1197 1640; baseline 0 -22"><span class='ocrx_word' id='word_1_101' title='bbox 122 1544 374 1632; x_wconf 83' lang='lat' dir='ltr'><strong>Alcmaeonem,</strong></span> <span class='ocrx_word' id='word_1_102' title='bbox 408 1545 560 1632; x_wconf 87' lang='lat' dir='ltr'><strong>Aiacem,</strong></span> <span class='ocrx_word' id='word_1_103' title='bbox 594 1546 745 1618; x_wconf 88' lang='lat' dir='ltr'><strong>Orestem</strong></span> <span class='ocrx_word' id='word_1_104' title='bbox 778 1544 886 1618; x_wconf 83' lang='lat' dir='ltr'><strong>surore</strong></span> <span class='ocrx_word' id='word_1_105' title='bbox 919 1543 1071 1617; x_wconf 86' lang='lat' dir='ltr'><strong>dicimus.</strong></span> <span class='ocrx_word' id='word_1_106' title='bbox 1125 1543 1197 1640; x_wconf 51' lang='lat' dir='ltr'><strong>Qui,</strong></span> 
     </span>
     <span class='ocr_line' id='line_1_15' title="bbox 124 1646 1192 1734; baseline -0.002 -14"><span class='ocrx_word' id='word_1_107' title='bbox 124 1648 170 1720; x_wconf 90' lang='lat' dir='ltr'><strong>ita</strong></span> <span class='ocrx_word' id='word_1_108' title='bbox 189 1648 233 1720; x_wconf 88' lang='lat' dir='ltr'><strong>sit</strong></span> <span class='ocrx_word' id='word_1_109' title='bbox 254 1646 408 1734; x_wconf 80' lang='lat' dir='ltr'><strong>allectus,</strong></span> <span class='ocrx_word' id='word_1_110' title='bbox 435 1675 509 1720; x_wconf 89' lang='lat' dir='ltr'><strong>eum</strong></span> <span class='ocrx_word' id='word_1_111' title='bbox 535 1647 706 1721; x_wconf 92' lang='lat' dir='ltr'><strong>domiuum</strong></span> <span class='ocrx_word' id='word_1_112' title='bbox 722 1675 792 1720; x_wconf 89' lang='lat' dir='ltr'><strong>esse</strong></span> <span class='ocrx_word' id='word_1_113' title='bbox 807 1674 917 1719; x_wconf 90' lang='lat' dir='ltr'><strong>rerum</strong></span> <span class='ocrx_word' id='word_1_114' title='bbox 935 1674 1069 1719; x_wconf 91' lang='lat' dir='ltr'><strong>suarum</strong></span> <span class='ocrx_word' id='word_1_115' title='bbox 1084 1663 1192 1721; x_wconf 87' lang='lat' dir='ltr'><strong>vetant</strong></span> 
     </span>
     <span class='ocr_line' id='line_1_16' title="bbox 125 1748 1192 1849; baseline -0.001 -26"><span class='ocrx_word' id='word_1_116' title='bbox 125 1749 304 1823; x_wconf 88' lang='lat' dir='ltr'><strong>duodecim</strong></span> <span class='ocrx_word' id='word_1_117' title='bbox 326 1748 465 1822; x_wconf 88' lang='lat' dir='ltr'><strong>tabulae.</strong></span> <span class='ocrx_word' id='word_1_118' title='bbox 491 1749 601 1849; x_wconf 87' lang='lat' dir='ltr'><strong>itaque</strong></span> <span class='ocrx_word' id='word_1_119' title='bbox 629 1766 762 1822; x_wconf 86' lang='lat' dir='ltr'><strong>nonest</strong></span> <span class='ocrx_word' id='word_1_120' title='bbox 780 1749 956 1849; x_wconf 90' lang='lat' dir='ltr'><strong>scriptum,</strong></span> <span class='ocrx_word' id='word_1_121' title='bbox 981 1752 1192 1835; x_wconf 84' lang='lat' dir='ltr'><strong>siirtsanus,</strong></span> 
     </span>
     <span class='ocr_line' id='line_1_17' title="bbox 123 1851 1192 1949; baseline 0.001 -25"><span class='ocrx_word' id='word_1_122' title='bbox 123 1851 194 1938; x_wconf 91' lang='lat' dir='ltr'><strong>sed,</strong></span> <span class='ocrx_word' id='word_1_123' title='bbox 218 1854 254 1922; x_wconf 90' lang='lat' dir='ltr'><strong>si</strong></span> <span class='ocrx_word' id='word_1_124' title='bbox 254 1853 421 1949; x_wconf 75' lang='lat' dir='ltr'><strong>furiosus</strong></span> <span class='ocrx_word' id='word_1_125' title='bbox 437 1855 561 1924; x_wconf 62' lang='lat' dir='ltr'><strong>esaim,</strong></span> <span class='ocrx_word' id='word_1_126' title='bbox 587 1852 749 1924; x_wconf 86' lang='lat' dir='ltr'><strong>insmriam</strong></span> <span class='ocrx_word' id='word_1_127' title='bbox 766 1852 853 1924; x_wconf 91' lang='lat' dir='ltr'><strong>enim</strong></span> <span class='ocrx_word' id='word_1_128' title='bbox 873 1869 1088 1939; x_wconf 87' lang='lat' dir='ltr'><strong>censuerunt,</strong></span> <span class='ocrx_word' id='word_1_129' title='bbox 1116 1880 1192 1925; x_wconf 91' lang='lat' dir='ltr'><strong>cou-</strong></span> 
     </span>
     <span class='ocr_line' id='line_1_18' title="bbox 124 1951 1192 2053; baseline 0.001 -28"><span class='ocrx_word' id='word_1_130' title='bbox 124 1951 293 2040; x_wconf 82' lang='lat' dir='ltr'><strong>stantia⁶,</strong></span> <span class='ocrx_word' id='word_1_131' title='bbox 319 1953 356 2026; x_wconf 91' lang='lat' dir='ltr'><strong>id</strong></span> <span class='ocrx_word' id='word_1_132' title='bbox 383 1970 432 2027; x_wconf 88' lang='lat' dir='ltr'><strong>est</strong></span> <span class='ocrx_word' id='word_1_133' title='bbox 460 1954 618 2042; x_wconf 87' lang='lat' dir='ltr'><strong>sanitate,</strong></span> <span class='ocrx_word' id='word_1_134' title='bbox 642 1971 828 2040; x_wconf 89' lang='lat' dir='ltr'><strong>vacantem,</strong></span> <span class='ocrx_word' id='word_1_135' title='bbox 854 1980 954 2053; x_wconf 90' lang='lat' dir='ltr'><strong>posse</strong></span> <span class='ocrx_word' id='word_1_136' title='bbox 976 1970 1086 2028; x_wconf 89' lang='lat' dir='ltr'><strong>tamen</strong></span> <span class='ocrx_word' id='word_1_137' title='bbox 1108 1953 1192 2028; x_wconf 87' lang='lat' dir='ltr'><strong>tueri</strong></span> 
     </span>
     <span class='ocr_line' id='line_1_19' title="bbox 125 2055 1192 2146; baseline 0.001 -17"><span class='ocrx_word' id='word_1_138' title='bbox 125 2055 385 2129; x_wconf 88' lang='lat' dir='ltr'><strong>mediocritatem</strong></span> <span class='ocrx_word' id='word_1_139' title='bbox 420 2055 623 2146; x_wconf 85' lang='lat' dir='ltr'><strong>officiorum,</strong></span> <span class='ocrx_word' id='word_1_140' title='bbox 649 2074 681 2130; x_wconf 90' lang='lat' dir='ltr'><strong>et</strong></span> <span class='ocrx_word' id='word_1_141' title='bbox 711 2057 796 2130; x_wconf 85' lang='lat' dir='ltr'><strong>vitae</strong></span> <span class='ocrx_word' id='word_1_142' title='bbox 829 2084 1036 2130; x_wconf 91' lang='lat' dir='ltr'><strong>communem</strong></span> <span class='ocrx_word' id='word_1_143' title='bbox 1069 2055 1192 2131; x_wconf 91' lang='lat' dir='ltr'><strong>cultum</strong></span> 
     </span>
    </p>
   </div>
   <div class='ocr_carea' id='block_1_3' title="bbox 191 2224 523 2285">
    <p class='ocr_par' dir='ltr' id='par_1_3' title="bbox 191 2224 523 2285">
     <span class='ocr_line' id='line_1_20' title="bbox 191 2224 523 2285; baseline 0 -8"><span class='ocrx_word' id='word_1_144' title='bbox 191 2231 209 2284; x_wconf 85' lang='lat'><strong>5</strong></span> <span class='ocrx_word' id='word_1_145' title='bbox 225 2227 258 2277; x_wconf 87' lang='lat' dir='ltr'><strong>V.</strong></span> <span class='ocrx_word' id='word_1_146' title='bbox 275 2224 357 2277; x_wconf 80' lang='lat' dir='ltr'><strong>Adn&#39;</strong></span> <span class='ocrx_word' id='word_1_147' title='bbox 374 2231 391 2285; x_wconf 88' lang='lat'><strong>6</strong></span> <span class='ocrx_word' id='word_1_148' title='bbox 409 2227 440 2280; x_wconf 83' lang='lat' dir='ltr'><strong>V.</strong></span> <span class='ocrx_word' id='word_1_149' title='bbox 458 2227 523 2278; x_wconf 80' lang='lat' dir='ltr'><strong>Ado.</strong></span> 
     </span>
    </p>
   </div>
   <div class='ocr_carea' id='block_1_4' title="bbox 64 2327 1194 3136">
    <p class='ocr_par' dir='ltr' id='par_1_4' title="bbox 64 2327 1194 3136">
     <span class='ocr_line' id='line_1_21' title="bbox 66 2327 1192 2399; baseline 0.004 -24"><span class='ocrx_word' id='word_1_150' title='bbox 66 2352 69 2360; x_wconf 78' lang='lat'><strong>,</strong></span> <span class='ocrx_word' id='word_1_151' title='bbox 125 2330 174 2388; x_wconf 82' lang='grc'><strong>36,</strong></span> <span class='ocrx_word' id='word_1_152' title='bbox 201 2330 243 2385; x_wconf 83' lang='lat'><strong>77.</strong></span> <span class='ocrx_word' id='word_1_153' title='bbox 285 2328 375 2378; x_wconf 87' lang='lat' dir='ltr'><strong>Iratos</strong></span> <span class='ocrx_word' id='word_1_154' title='bbox 395 2347 446 2399; x_wconf 85' lang='lat' dir='ltr'><strong>pro</strong></span> <span class='ocrx_word' id='word_1_155' title='bbox 465 2329 506 2379; x_wconf 86' lang='lat' dir='ltr'><strong>rie</strong></span> <span class='ocrx_word' id='word_1_156' title='bbox 530 2328 642 2379; x_wconf 84' lang='lat' dir='ltr'><strong>dicimus</strong></span> <span class='ocrx_word' id='word_1_157' title='bbox 674 2332 749 2388; x_wconf 80' lang='lat'><strong>1826.</strong></span> <span class='ocrx_word' id='word_1_158' title='bbox 776 2327 864 2390; x_wconf 88' lang='lat' dir='ltr'><strong>edito,</strong></span> <span class='ocrx_word' id='word_1_159' title='bbox 890 2328 917 2379; x_wconf 94' lang='lat' dir='ltr'><strong>in</strong></span> <span class='ocrx_word' id='word_1_160' title='bbox 935 2345 986 2396; x_wconf 92' lang='lat' dir='ltr'><strong>quo</strong></span> <span class='ocrx_word' id='word_1_161' title='bbox 1004 2328 1091 2379; x_wconf 80' lang='lat' dir='ltr'><strong>insum</strong></span> <span class='ocrx_word' id='word_1_162' title='bbox 1109 2329 1192 2380; x_wconf 89' lang='lat' dir='ltr'><strong>Lectt.</strong></span> 
     </span>
     <span class='ocr_line' id='line_1_22' title="bbox 64 2347 939 2469; baseline 0.003 -26"><span class='ocrx_word' id='word_1_163' title='bbox 64 2443 69 2454; x_wconf 80' lang='grc'><strong><em>,</em></strong></span> <span class='ocrx_word' id='word_1_164' title='bbox 127 2393 208 2444; x_wconf 83' lang='lat' dir='ltr'><strong>exisse</strong></span> <span class='ocrx_word' id='word_1_165' title='bbox 221 2394 252 2444; x_wconf 93' lang='lat' dir='ltr'><strong>de</strong></span> <span class='ocrx_word' id='word_1_166' title='bbox 267 2404 403 2462; x_wconf 85' lang='lat' dir='ltr'><strong>potestate,</strong></span> <span class='ocrx_word' id='word_1_167' title='bbox 421 2347 513 2460; x_wconf 62' lang='lat' dir='ltr'><strong>idest,</strong></span> <span class='ocrx_word' id='word_1_168' title='bbox 531 2397 566 2447; x_wconf 88' lang='lat' dir='ltr'><strong>de</strong></span> <span class='ocrx_word' id='word_1_169' title='bbox 577 2414 640 2447; x_wconf 83' lang='lat' dir='ltr'><strong>con·</strong></span> <span class='ocrx_word' id='word_1_170' title='bbox 675 2396 833 2469; x_wconf 45' lang='lat' dir='ltr'><strong>Ciceron3p.</strong></span> <span class='ocrx_word' id='word_1_171' title='bbox 849 2400 939 2454; x_wconf 84' lang='grc'><strong>7-9.</strong></span> 
     </span>
     <span class='ocr_line' id='line_1_23' title="bbox 125 2462 1192 2531; baseline 0.003 -20"><span class='ocrx_word' id='word_1_172' title='bbox 125 2462 203 2523; x_wconf 87' lang='lat' dir='ltr'><strong>silio,</strong></span> <span class='ocrx_word' id='word_1_173' title='bbox 222 2462 255 2511; x_wconf 88' lang='lat' dir='ltr'><strong>de</strong></span> <span class='ocrx_word' id='word_1_174' title='bbox 269 2464 387 2526; x_wconf 85' lang='lat' dir='ltr'><strong>ratione,</strong></span> <span class='ocrx_word' id='word_1_175' title='bbox 407 2465 440 2514; x_wconf 82' lang='lat' dir='ltr'><strong>de</strong></span> <span class='ocrx_word' id='word_1_176' title='bbox 453 2477 546 2515; x_wconf 86' lang='lat' dir='ltr'><strong>mente.</strong></span> <span class='ocrx_word' id='word_1_177' title='bbox 571 2466 641 2514; x_wconf 86' lang='lat' dir='ltr'><strong>Tur-</strong></span> <span class='ocrx_word' id='word_1_178' title='bbox 724 2465 860 2514; x_wconf 87' lang='lat' dir='ltr'><strong>insaniam</strong></span> <span class='ocrx_word' id='word_1_179' title='bbox 876 2464 960 2530; x_wconf 87' lang='lat' dir='ltr'><strong>enim)</strong></span> <span class='ocrx_word' id='word_1_180' title='bbox 986 2463 1070 2530; x_wconf 85' lang='lat' dir='ltr'><strong>Vulgo</strong></span> <span class='ocrx_word' id='word_1_181' title='bbox 1086 2463 1192 2531; x_wconf 81' lang='lat' dir='ltr'><strong>legeba-</strong></span> 
     </span>
     <span class='ocr_line' id='line_1_24' title="bbox 125 2530 1194 2591; baseline 0 -11"><span class='ocrx_word' id='word_1_182' title='bbox 125 2530 203 2580; x_wconf 92' lang='lat' dir='ltr'><strong>nebus</strong></span> <span class='ocrx_word' id='word_1_183' title='bbox 220 2530 323 2582; x_wconf 77' lang='lat' dir='ltr'><strong>Advers.</strong></span> <span class='ocrx_word' id='word_1_184' title='bbox 340 2534 371 2582; x_wconf 87' lang='lat'><strong>11.</strong></span> <span class='ocrx_word' id='word_1_185' title='bbox 389 2550 411 2582; x_wconf 85' lang='lat' dir='ltr'><strong>c.</strong></span> <span class='ocrx_word' id='word_1_186' title='bbox 427 2537 468 2591; x_wconf 86' lang='lat'><strong>11.</strong></span> <span class='ocrx_word' id='word_1_187' title='bbox 483 2531 550 2583; x_wconf 88' lang='lat' dir='ltr'><strong>hanc</strong></span> <span class='ocrx_word' id='word_1_188' title='bbox 565 2532 641 2583; x_wconf 90' lang='lat' dir='ltr'><strong>locu·</strong></span> <span class='ocrx_word' id='word_1_189' title='bbox 673 2541 727 2582; x_wconf 86' lang='lat' dir='ltr'><strong>tur:</strong></span> <span class='ocrx_word' id='word_1_190' title='bbox 763 2531 907 2581; x_wconf 75' lang='lat' dir='ltr'><strong>stultitiam</strong></span> <span class='ocrx_word' id='word_1_191' title='bbox 938 2531 1008 2581; x_wconf 86' lang='lat' dir='ltr'><strong>enim</strong></span> <span class='ocrx_word' id='word_1_192' title='bbox 1036 2544 1194 2582; x_wconf 83' lang='lat' dir='ltr'><strong>oensuerunt</strong></span> 
     </span>
     <span class='ocr_line' id='line_1_25' title="bbox 124 2597 1194 2666; baseline 0.004 -20"><span class='ocrx_word' id='word_1_193' title='bbox 124 2598 221 2649; x_wconf 91' lang='lat' dir='ltr'><strong>tionem</strong></span> <span class='ocrx_word' id='word_1_194' title='bbox 246 2616 276 2646; x_wconf 85' lang='lat' dir='ltr'><strong>ex</strong></span> <span class='ocrx_word' id='word_1_195' title='bbox 301 2615 333 2648; x_wconf 94' lang='lat' dir='ltr'><strong>eo</strong></span> <span class='ocrx_word' id='word_1_196' title='bbox 352 2608 437 2649; x_wconf 86' lang='lat' dir='ltr'><strong>natam</strong></span> <span class='ocrx_word' id='word_1_197' title='bbox 476 2609 547 2662; x_wconf 82' lang='lat' dir='ltr'><strong>utet,</strong></span> <span class='ocrx_word' id='word_1_198' title='bbox 572 2597 641 2666; x_wconf 90' lang='lat' dir='ltr'><strong>quod</strong></span> <span class='ocrx_word' id='word_1_199' title='bbox 674 2600 896 2660; x_wconf 74' lang='lat' dir='ltr'><strong>inconstantiam,</strong></span> <span class='ocrx_word' id='word_1_200' title='bbox 929 2599 960 2649; x_wconf 86' lang='lat' dir='ltr'><strong>id</strong></span> <span class='ocrx_word' id='word_1_201' title='bbox 985 2611 1040 2661; x_wconf 89' lang='lat' dir='ltr'><strong>est,</strong></span> <span class='ocrx_word' id='word_1_202' title='bbox 1073 2601 1194 2650; x_wconf 77' lang='lat' dir='ltr'><strong>sanitate</strong></span> 
     </span>
     <span class='ocr_line' id='line_1_26' title="bbox 125 2618 1192 2733; baseline 0.003 -19"><span class='ocrx_word' id='word_1_203' title='bbox 125 2665 214 2715; x_wconf 88' lang='lat' dir='ltr'><strong>furiosi</strong></span> <span class='ocrx_word' id='word_1_204' title='bbox 230 2681 282 2715; x_wconf 92' lang='lat' dir='ltr'><strong>non</strong></span> <span class='ocrx_word' id='word_1_205' title='bbox 298 2665 325 2715; x_wconf 88' lang='lat' dir='ltr'><strong>in</strong></span> <span class='ocrx_word' id='word_1_206' title='bbox 342 2684 401 2728; x_wconf 88' lang='lat' dir='ltr'><strong>sua,</strong></span> <span class='ocrx_word' id='word_1_207' title='bbox 427 2618 475 2717; x_wconf 80' lang='lat' dir='ltr'><strong>sed</strong></span> <span class='ocrx_word' id='word_1_208' title='bbox 486 2667 513 2717; x_wconf 91' lang='lat' dir='ltr'><strong>in</strong></span> <span class='ocrx_word' id='word_1_209' title='bbox 530 2677 641 2733; x_wconf 85' lang='lat' dir='ltr'><strong>agnato·</strong></span> <span class='ocrx_word' id='word_1_210' title='bbox 674 2679 826 2717; x_wconf 84' lang='lat' dir='ltr'><strong>vacantem:</strong></span> <span class='ocrx_word' id='word_1_211' title='bbox 850 2685 897 2718; x_wconf 86' lang='lat' dir='ltr'><strong>nec</strong></span> <span class='ocrx_word' id='word_1_212' title='bbox 915 2667 990 2717; x_wconf 89' lang='lat' dir='ltr'><strong>aliter</strong></span> <span class='ocrx_word' id='word_1_213' title='bbox 1011 2666 1095 2718; x_wconf 87' lang='lat' dir='ltr'><strong>edidit</strong></span> <span class='ocrx_word' id='word_1_214' title='bbox 1110 2670 1192 2717; x_wconf 86' lang='lat' dir='ltr'><strong>Erne-</strong></span> 
     </span>
     <span class='ocr_line' id='line_1_27' title="bbox 125 2731 1193 2800; baseline 0.003 -19"><span class='ocrx_word' id='word_1_215' title='bbox 125 2750 181 2782; x_wconf 91' lang='lat' dir='ltr'><strong>rum</strong></span> <span class='ocrx_word' id='word_1_216' title='bbox 204 2742 231 2782; x_wconf 88' lang='lat' dir='ltr'><strong>et</strong></span> <span class='ocrx_word' id='word_1_217' title='bbox 254 2731 385 2798; x_wconf 82' lang='lat' dir='ltr'><strong>gentilium</strong></span> <span class='ocrx_word' id='word_1_218' title='bbox 411 2744 482 2783; x_wconf 88' lang='lat' dir='ltr'><strong>erunt</strong></span> <span class='ocrx_word' id='word_1_219' title='bbox 505 2744 640 2800; x_wconf 83' lang='lat' dir='ltr'><strong>potestate.</strong></span> <span class='ocrx_word' id='word_1_220' title='bbox 674 2734 745 2785; x_wconf 83' lang='lat' dir='ltr'><strong>etius.</strong></span> <span class='ocrx_word' id='word_1_221' title='bbox 767 2735 844 2785; x_wconf 88' lang='lat' dir='ltr'><strong>Male.</strong></span> <span class='ocrx_word' id='word_1_222' title='bbox 879 2735 959 2785; x_wconf 87' lang='lat' dir='ltr'><strong>Recte</strong></span> <span class='ocrx_word' id='word_1_223' title='bbox 973 2734 1100 2798; x_wconf 80' lang='lat' dir='ltr'><strong>Davisius,</strong></span> <span class='ocrx_word' id='word_1_224' title='bbox 1118 2734 1193 2788; x_wconf 84' lang='lat' dir='ltr'><strong>Vati-</strong></span> 
     </span>
     <span class='ocr_line' id='line_1_28' title="bbox 127 2800 1193 2869; baseline 0.005 -21"><span class='ocrx_word' id='word_1_225' title='bbox 127 2802 191 2849; x_wconf 73' lang='lat' dir='ltr'><strong>&#39;l&#39;um</strong></span> <span class='ocrx_word' id='word_1_226' title='bbox 204 2801 328 2850; x_wconf 83' lang='lat' dir='ltr'><strong>translata</strong></span> <span class='ocrx_word' id='word_1_227' title='bbox 341 2810 379 2850; x_wconf 86' lang='lat' dir='ltr'><strong>est</strong></span> <span class='ocrx_word' id='word_1_228' title='bbox 393 2800 425 2850; x_wconf 86' lang='lat' dir='ltr'><strong>ed</strong></span> <span class='ocrx_word' id='word_1_229' title='bbox 438 2819 489 2861; x_wconf 84' lang='lat' dir='ltr'><strong>eos,</strong></span> <span class='ocrx_word' id='word_1_230' title='bbox 507 2801 550 2868; x_wconf 92' lang='lat' dir='ltr'><strong>qui</strong></span> <span class='ocrx_word' id='word_1_231' title='bbox 563 2801 642 2852; x_wconf 86' lang='lat' dir='ltr'><strong>rche·</strong></span> <span class='ocrx_word' id='word_1_232' title='bbox 675 2802 733 2852; x_wconf 89' lang='lat' dir='ltr'><strong>cani</strong></span> <span class='ocrx_word' id='word_1_233' title='bbox 757 2802 909 2852; x_wconf 87' lang='lat' dir='ltr'><strong>auctoritate</strong></span> <span class='ocrx_word' id='word_1_234' title='bbox 932 2801 1001 2861; x_wconf 77' lang='lat' dir='ltr'><strong>nisus</strong></span> <span class='ocrx_word' id='word_1_235' title='bbox 1023 2819 1070 2869; x_wconf 86' lang='lat' dir='ltr'><strong>pro</strong></span> <span class='ocrx_word' id='word_1_236' title='bbox 1097 2804 1193 2853; x_wconf 84' lang='lat' dir='ltr'><strong>incon·</strong></span> 
     </span>
     <span class='ocr_line' id='line_1_29' title="bbox 125 2866 1193 2938; baseline 0.005 -22"><span class='ocrx_word' id='word_1_237' title='bbox 125 2866 244 2916; x_wconf 80' lang='lat' dir='ltr'><strong>mentiosi</strong></span> <span class='ocrx_word' id='word_1_238' title='bbox 260 2866 344 2932; x_wconf 87' lang='lat' dir='ltr'><strong>aliqua</strong></span> <span class='ocrx_word' id='word_1_239' title='bbox 359 2868 434 2918; x_wconf 86' lang='lat' dir='ltr'><strong>animi</strong></span> <span class='ocrx_word' id='word_1_240' title='bbox 450 2868 585 2919; x_wconf 82' lang='lat' dir='ltr'><strong>affectione</strong></span> <span class='ocrx_word' id='word_1_241' title='bbox 598 2878 641 2919; x_wconf 88' lang='lat' dir='ltr'><strong>te·</strong></span> <span class='ocrx_word' id='word_1_242' title='bbox 674 2870 804 2919; x_wconf 80' lang='lat' dir='ltr'><strong>stantiam</strong></span> <span class='ocrx_word' id='word_1_243' title='bbox 817 2868 917 2937; x_wconf 86' lang='lat' dir='ltr'><strong>scripsit</strong></span> <span class='ocrx_word' id='word_1_244' title='bbox 933 2871 1102 2920; x_wconf 86' lang='lat' dir='ltr'><strong>constantia:</strong></span> <span class='ocrx_word' id='word_1_245' title='bbox 1120 2887 1193 2938; x_wconf 83' lang='lat' dir='ltr'><strong>qnam</strong></span> 
     </span>
     <span class='ocr_line' id='line_1_30' title="bbox 126 2934 1193 3015; baseline 0.005 -32"><span class='ocrx_word' id='word_1_246' title='bbox 126 2945 242 2984; x_wconf 86' lang='lat' dir='ltr'><strong>neantur.</strong></span> <span class='ocrx_word' id='word_1_247' title='bbox 276 2934 307 2984; x_wconf 88' lang='lat' dir='ltr'><strong>V.</strong></span> <span class='ocrx_word' id='word_1_248' title='bbox 324 2935 408 2985; x_wconf 85' lang='lat' dir='ltr'><strong>Daris.</strong></span> <span class='ocrx_word' id='word_1_249' title='bbox 426 2935 459 2986; x_wconf 89' lang='lat' dir='ltr'><strong>ad</strong></span> <span class='ocrx_word' id='word_1_250' title='bbox 475 2934 500 2984; x_wconf 91' lang='lat' dir='ltr'><strong>h.</strong></span> <span class='ocrx_word' id='word_1_251' title='bbox 515 2935 533 2985; x_wconf 87' lang='lat' dir='ltr'><strong>l.</strong></span> <span class='ocrx_word' id='word_1_252' title='bbox 674 2937 810 2987; x_wconf 86' lang='lat' dir='ltr'><strong>lectionem</strong></span> <span class='ocrx_word' id='word_1_253' title='bbox 835 2936 932 3015; x_wconf 89' lang='lat' dir='ltr'><strong>recepit</strong></span> <span class='ocrx_word' id='word_1_254' title='bbox 960 2937 1075 2987; x_wconf 83' lang='lat' dir='ltr'><strong>Orellius.</strong></span> <span class='ocrx_word' id='word_1_255' title='bbox 1112 2938 1193 2990; x_wconf 89' lang='lat' dir='ltr'><strong>Wol-</strong></span> 
     </span>
     <span class='ocr_line' id='line_1_31' title="bbox 178 3002 1193 3074; baseline 0.007 -25"><span class='ocrx_word' id='word_1_256' title='bbox 178 3002 275 3051; x_wconf 83' lang='lat' dir='ltr'><strong>Groeci</strong></span> <span class='ocrx_word' id='word_1_257' title='bbox 304 3002 408 3066; x_wconf 78' lang='grc' dir='ltr'><strong><em>μανίαν</em></strong></span> <span class='ocrx_word' id='word_1_258' title='bbox 447 3004 517 3053; x_wconf 76' lang='lat' dir='ltr'><strong>rende</strong></span> <span class='ocrx_word' id='word_1_259' title='bbox 547 3003 642 3074; x_wconf 84' lang='lat' dir='ltr'><strong>appel·</strong></span> <span class='ocrx_word' id='word_1_260' title='bbox 674 3004 720 3054; x_wconf 89' lang='lat' dir='ltr'><strong>fius</strong></span> <span class='ocrx_word' id='word_1_261' title='bbox 745 3022 791 3073; x_wconf 92' lang='lat' dir='ltr'><strong>pro</strong></span> <span class='ocrx_word' id='word_1_262' title='bbox 820 3004 962 3055; x_wconf 77' lang='lat' dir='ltr'><strong>stultitiam</strong></span> <span class='ocrx_word' id='word_1_263' title='bbox 984 3004 1083 3072; x_wconf 80' lang='lat' dir='ltr'><strong>recepit</strong></span> <span class='ocrx_word' id='word_1_264' title='bbox 1115 3006 1193 3056; x_wconf 85' lang='lat' dir='ltr'><strong>insa-</strong></span> 
     </span>
     <span class='ocr_line' id='line_1_32' title="bbox 127 3067 1193 3136; baseline 0.005 -17"><span class='ocrx_word' id='word_1_265' title='bbox 127 3069 197 3133; x_wconf 76' lang='lat' dir='ltr'><strong>lcnt)</strong></span> <span class='ocrx_word' id='word_1_266' title='bbox 226 3067 302 3118; x_wconf 85' lang='lat' dir='ltr'><strong>Haud</strong></span> <span class='ocrx_word' id='word_1_267' title='bbox 318 3068 392 3119; x_wconf 90' lang='lat' dir='ltr'><strong>dubie</strong></span> <span class='ocrx_word' id='word_1_268' title='bbox 407 3071 495 3136; x_wconf 78' lang='grc' dir='ltr'><strong><em>μανία</em></strong></span> <span class='ocrx_word' id='word_1_269' title='bbox 510 3070 643 3123; x_wconf 88' lang='lat' dir='ltr'><strong>descendit</strong></span> <span class='ocrx_word' id='word_1_270' title='bbox 675 3074 762 3133; x_wconf 87' lang='lat' dir='ltr'><strong>niam,</strong></span> <span class='ocrx_word' id='word_1_271' title='bbox 787 3071 919 3133; x_wconf 88' lang='lat' dir='ltr'><strong>eNouio‚</strong></span> <span class='ocrx_word' id='word_1_272' title='bbox 945 3072 988 3121; x_wconf 92' lang='lat' dir='ltr'><strong>ubi</strong></span> <span class='ocrx_word' id='word_1_273' title='bbox 1008 3071 1051 3122; x_wconf 90' lang='lat' dir='ltr'><strong>hic</strong></span> <span class='ocrx_word' id='word_1_274' title='bbox 1066 3072 1142 3124; x_wconf 85' lang='lat' dir='ltr'><strong>locus</strong></span> <span class='ocrx_word' id='word_1_275' title='bbox 1158 3072 1193 3124; x_wconf 84' lang='lat' dir='ltr'><strong>sio</strong></span> 
     </span>
    </p>
   </div>
   <div class='ocr_carea' id='block_1_5' title="bbox 16 3136 1193 3215">
    <p class='ocr_par' dir='ltr' id='par_1_5' title="bbox 16 3136 1193 3215">
     <span class='ocr_line' id='line_1_33' title="bbox 16 3136 1193 3215; baseline 0.005 -30"><span class='ocrx_word' id='word_1_276' title='bbox 16 3136 24 3153; x_wconf 59' lang='lat'><em>³</em></span> <span class='ocrx_word' id='word_1_277' title='bbox 127 3137 284 3215; x_wconf 31' lang='lat' dir='ltr'><strong>aMAldka</strong></span> <span class='ocrx_word' id='word_1_278' title='bbox 301 3137 494 3205; x_wconf 72' lang='grc' dir='ltr'><em>ῳιομαιμάω,</em></span> <span class='ocrx_word' id='word_1_279' title='bbox 511 3139 641 3206; x_wconf 66' lang='lat' dir='ltr'><strong>dalonen,</strong></span> <span class='ocrx_word' id='word_1_280' title='bbox 675 3139 820 3190; x_wconf 86' lang='lat' dir='ltr'><strong>exhibetur:</strong></span> <span class='ocrx_word' id='word_1_281' title='bbox 846 3141 982 3190; x_wconf 85' lang='lat' dir='ltr'><strong>insoniam</strong></span> <span class='ocrx_word' id='word_1_282' title='bbox 999 3159 1021 3190; x_wconf 85' lang='lat' dir='ltr'><strong>e.</strong></span> <span class='ocrx_word' id='word_1_283' title='bbox 1038 3157 1060 3190; x_wconf 89' lang='lat' dir='ltr'><strong>c.</strong></span> <span class='ocrx_word' id='word_1_284' title='bbox 1096 3142 1129 3192; x_wconf 89' lang='lat' dir='ltr'><strong>id</strong></span> <span class='ocrx_word' id='word_1_285' title='bbox 1154 3152 1193 3191; x_wconf 76' lang='lat' dir='ltr'><strong>est</strong></span> 
     </span>
    </p>
   </div>
   <div class='ocr_carea' id='block_1_6' title="bbox 125 3203 1193 4234">
    <p class='ocr_par' dir='ltr' id='par_1_6' title="bbox 125 3203 1193 4234">
     <span class='ocr_line' id='line_1_34' title="bbox 128 3203 1193 3276; baseline 0.006 -24"><span class='ocrx_word' id='word_1_286' title='bbox 128 3220 191 3270; x_wconf 86' lang='lat' dir='ltr'><strong>quae</strong></span> <span class='ocrx_word' id='word_1_287' title='bbox 205 3203 349 3270; x_wconf 84' lang='lat' dir='ltr'><strong>sigmficant</strong></span> <span class='ocrx_word' id='word_1_288' title='bbox 363 3207 478 3276; x_wconf 82' lang='lat' dir='ltr'><strong>gestire,</strong></span> <span class='ocrx_word' id='word_1_289' title='bbox 500 3208 642 3257; x_wconf 73' lang='lat' dir='ltr'><strong>celenien-</strong></span> <span class='ocrx_word' id='word_1_290' title='bbox 674 3207 883 3257; x_wconf 84' lang='lat' dir='ltr'><strong>inconstantiam</strong></span> <span class='ocrx_word' id='word_1_291' title='bbox 906 3226 927 3257; x_wconf 89' lang='lat' dir='ltr'><strong>s.</strong></span> <span class='ocrx_word' id='word_1_292' title='bbox 951 3226 977 3258; x_wconf 82' lang='grc' dir='ltr'><strong>ν.</strong></span> <span class='ocrx_word' id='word_1_293' title='bbox 1025 3210 1061 3257; x_wconf 80' lang='lat' dir='ltr'><strong>At</strong></span> <span class='ocrx_word' id='word_1_294' title='bbox 1105 3209 1193 3260; x_wconf 77' lang='lat' dir='ltr'><strong>simum</strong></span> 
     </span>
     <span class='ocr_line' id='line_1_35' title="bbox 127 3272 1192 3346; baseline 0.008 -26"><span class='ocrx_word' id='word_1_295' title='bbox 127 3282 169 3320; x_wconf 87' lang='lat' dir='ltr'><strong>ter</strong></span> <span class='ocrx_word' id='word_1_296' title='bbox 182 3283 320 3340; x_wconf 81' lang='lat' dir='ltr'><strong>appetere,</strong></span> <span class='ocrx_word' id='word_1_297' title='bbox 338 3272 416 3324; x_wconf 88' lang='lat' dir='ltr'><strong>ducta</strong></span> <span class='ocrx_word' id='word_1_298' title='bbox 432 3283 498 3324; x_wconf 87' lang='lat' dir='ltr'><strong>sunt.</strong></span> <span class='ocrx_word' id='word_1_299' title='bbox 532 3277 564 3327; x_wconf 87' lang='lat' dir='ltr'><strong>V.</strong></span> <span class='ocrx_word' id='word_1_300' title='bbox 578 3275 641 3324; x_wconf 84' lang='lat' dir='ltr'><strong>Lex.</strong></span> <span class='ocrx_word' id='word_1_301' title='bbox 674 3292 767 3325; x_wconf 89' lang='lat' dir='ltr'><strong>nomen</strong></span> <span class='ocrx_word' id='word_1_302' title='bbox 776 3274 919 3325; x_wconf 86' lang='lat' dir='ltr'><strong>stultitiam</strong></span> <span class='ocrx_word' id='word_1_303' title='bbox 927 3291 1013 3325; x_wconf 89' lang='lat' dir='ltr'><strong>ornnes</strong></span> <span class='ocrx_word' id='word_1_304' title='bbox 1023 3275 1077 3325; x_wconf 84' lang='lat' dir='ltr'><strong>eod</strong></span> <span class='ocrx_word' id='word_1_305' title='bbox 1099 3294 1192 3346; x_wconf 78' lang='lat' dir='ltr'><strong>‚prae-</strong></span> 
     </span>
     <span class='ocr_line' id='line_1_36' title="bbox 128 3338 1191 3412; baseline 0.005 -23"><span class='ocrx_word' id='word_1_306' title='bbox 128 3339 173 3389; x_wconf 88' lang='lat' dir='ltr'><strong>Gr.</strong></span> <span class='ocrx_word' id='word_1_307' title='bbox 192 3356 212 3387; x_wconf 88' lang='lat' dir='ltr'><strong>s.</strong></span> <span class='ocrx_word' id='word_1_308' title='bbox 230 3358 254 3388; x_wconf 87' lang='lat' dir='ltr'><strong>v.</strong></span> <span class='ocrx_word' id='word_1_309' title='bbox 272 3338 416 3408; x_wconf 78' lang='grc' dir='ltr'><strong><em>μαίνομαι.</em></strong></span> <span class='ocrx_word' id='word_1_310' title='bbox 675 3343 774 3405; x_wconf 87' lang='lat' dir='ltr'><strong>ferunt,</strong></span> <span class='ocrx_word' id='word_1_311' title='bbox 791 3351 892 3410; x_wconf 85' lang='lat' dir='ltr'><strong>praeter</strong></span> <span class='ocrx_word' id='word_1_312' title='bbox 909 3343 1003 3394; x_wconf 80' lang='lat' dir='ltr'><strong>Elisus.</strong></span> <span class='ocrx_word' id='word_1_313' title='bbox 1021 3359 1071 3393; x_wconf 89' lang='lat' dir='ltr'><strong>sec.</strong></span> <span class='ocrx_word' id='word_1_314' title='bbox 1101 3345 1130 3394; x_wconf 91' lang='lat' dir='ltr'><strong>in</strong></span> <span class='ocrx_word' id='word_1_315' title='bbox 1143 3361 1191 3412; x_wconf 82' lang='lat' dir='ltr'><strong>quo</strong></span> 
     </span>
     <span class='ocr_line' id='line_1_37' title="bbox 178 3407 1192 3478; baseline 0.007 -22"><span class='ocrx_word' id='word_1_316' title='bbox 178 3407 269 3457; x_wconf 83' lang='lat' dir='ltr'><strong>volunt</strong></span> <span class='ocrx_word' id='word_1_317' title='bbox 287 3407 332 3459; x_wconf 88' lang='lat' dir='ltr'><strong>illi</strong></span> <span class='ocrx_word' id='word_1_318' title='bbox 351 3410 470 3478; x_wconf 87' lang='lat' dir='ltr'><strong>quidem)</strong></span> <span class='ocrx_word' id='word_1_319' title='bbox 496 3411 527 3460; x_wconf 87' lang='lat' dir='ltr'><strong>V.</strong></span> <span class='ocrx_word' id='word_1_320' title='bbox 545 3409 641 3461; x_wconf 80' lang='lat' dir='ltr'><strong>Adnot.</strong></span> <span class='ocrx_word' id='word_1_321' title='bbox 674 3410 783 3476; x_wconf 79' lang='lat' dir='ltr'><strong>legitur:</strong></span> <span class='ocrx_word' id='word_1_322' title='bbox 809 3411 945 3461; x_wconf 89' lang='lat' dir='ltr'><strong>insaniam</strong></span> <span class='ocrx_word' id='word_1_323' title='bbox 966 3430 988 3460; x_wconf 80' lang='lat' dir='ltr'><strong>e.</strong></span> <span class='ocrx_word' id='word_1_324' title='bbox 1005 3428 1045 3471; x_wconf 78' lang='lat' dir='ltr'><strong>a,</strong></span> <span class='ocrx_word' id='word_1_325' title='bbox 1069 3429 1133 3462; x_wconf 84' lang='lat' dir='ltr'><strong>esse</strong></span> <span class='ocrx_word' id='word_1_326' title='bbox 1149 3414 1192 3462; x_wconf 86' lang='lat' dir='ltr'><strong>in·</strong></span> 
     </span>
     <span class='ocr_line' id='line_1_38' title="bbox 125 3473 1192 3536; baseline 0.008 -14"><span class='ocrx_word' id='word_1_327' title='bbox 125 3473 152 3523; x_wconf 91' lang='lat' dir='ltr'><strong>in</strong></span> <span class='ocrx_word' id='word_1_328' title='bbox 168 3476 187 3523; x_wconf 90' lang='lat'><strong>1.</strong></span> <span class='ocrx_word' id='word_1_329' title='bbox 204 3479 236 3535; x_wconf 85' lang='lat'><strong>3,</strong></span> <span class='ocrx_word' id='word_1_330' title='bbox 253 3479 278 3534; x_wconf 87' lang='grc'><strong>6.</strong></span> <span class='ocrx_word' id='word_1_331' title='bbox 675 3479 852 3528; x_wconf 86' lang='lat' dir='ltr'><strong>constantiam</strong></span> <span class='ocrx_word' id='word_1_332' title='bbox 882 3479 977 3529; x_wconf 83' lang='lat' dir='ltr'><strong>mentis</strong></span> <span class='ocrx_word' id='word_1_333' title='bbox 1007 3479 1130 3531; x_wconf 84' lang='lat' dir='ltr'><strong>sanitate</strong></span> <span class='ocrx_word' id='word_1_334' title='bbox 1153 3496 1192 3536; x_wconf 72' lang='lat' dir='ltr'><strong>at</strong></span> 
     </span>
     <span class='ocr_line' id='line_1_39' title="bbox 161 3542 1191 3611; baseline 0.008 -20"><span class='ocrx_word' id='word_1_335' title='bbox 161 3542 298 3593; x_wconf 85' lang='lat' dir='ltr'><strong>duodecim</strong></span> <span class='ocrx_word' id='word_1_336' title='bbox 311 3542 430 3611; x_wconf 80' lang='lat' dir='ltr'><strong>tabulae)</strong></span> <span class='ocrx_word' id='word_1_337' title='bbox 447 3544 493 3595; x_wconf 88' lang='lat' dir='ltr'><strong>His</strong></span> <span class='ocrx_word' id='word_1_338' title='bbox 502 3543 597 3595; x_wconf 88' lang='lat' dir='ltr'><strong>verbis:</strong></span> <span class='ocrx_word' id='word_1_339' title='bbox 616 3543 642 3594; x_wconf 89' lang='lat' dir='ltr'><strong>si</strong></span> <span class='ocrx_word' id='word_1_340' title='bbox 675 3546 720 3596; x_wconf 90' lang='lat' dir='ltr'><strong>sed</strong></span> <span class='ocrx_word' id='word_1_341' title='bbox 740 3555 858 3609; x_wconf 87' lang='lat' dir='ltr'><strong>constat,</strong></span> <span class='ocrx_word' id='word_1_342' title='bbox 882 3546 950 3597; x_wconf 89' lang='lat' dir='ltr'><strong>hunc</strong></span> <span class='ocrx_word' id='word_1_343' title='bbox 972 3543 1036 3596; x_wconf 87' lang='lat' dir='ltr'><strong>Cod.</strong></span> <span class='ocrx_word' id='word_1_344' title='bbox 1053 3546 1191 3599; x_wconf 82' lang='lat' dir='ltr'><strong>innumeris</strong></span> 
     </span>
     <span class='ocr_line' id='line_1_40' title="bbox 126 3609 1191 3680; baseline 0.008 -22"><span class='ocrx_word' id='word_1_345' title='bbox 126 3609 235 3660; x_wconf 79' lang='lat' dir='ltr'><strong>furiosus</strong></span> <span class='ocrx_word' id='word_1_346' title='bbox 251 3612 344 3674; x_wconf 83' lang='lat' dir='ltr'><strong>existit,</strong></span> <span class='ocrx_word' id='word_1_347' title='bbox 362 3613 482 3679; x_wconf 84' lang='lat' dir='ltr'><strong>agnatdm</strong></span> <span class='ocrx_word' id='word_1_348' title='bbox 496 3612 642 3678; x_wconf 69' lang='lat' dir='ltr'><strong>gentilium*</strong></span> <span class='ocrx_word' id='word_1_349' title='bbox 675 3614 738 3664; x_wconf 91' lang='lat' dir='ltr'><strong>locis</strong></span> <span class='ocrx_word' id='word_1_350' title='bbox 765 3613 944 3680; x_wconf 89' lang='lat' dir='ltr'><strong>interpolatum</strong></span> <span class='ocrx_word' id='word_1_351' title='bbox 977 3614 1032 3663; x_wconf 80' lang='lat' dir='ltr'><strong>esse</strong></span> <span class='ocrx_word' id='word_1_352' title='bbox 1063 3615 1097 3666; x_wconf 88' lang='lat' dir='ltr'><strong>ab</strong></span> <span class='ocrx_word' id='word_1_353' title='bbox 1128 3614 1191 3666; x_wconf 77' lang='lat' dir='ltr'><strong>tulo</strong></span> 
     </span>
     <span class='ocr_line' id='line_1_41' title="bbox 128 3676 1190 3749; baseline 0.009 -25"><span class='ocrx_word' id='word_1_354' title='bbox 128 3693 177 3742; x_wconf 90' lang='lat' dir='ltr'><strong>que</strong></span> <span class='ocrx_word' id='word_1_355' title='bbox 193 3676 219 3726; x_wconf 90' lang='lat' dir='ltr'><strong>in</strong></span> <span class='ocrx_word' id='word_1_356' title='bbox 235 3695 265 3728; x_wconf 92' lang='lat' dir='ltr'><strong>eo</strong></span> <span class='ocrx_word' id='word_1_357' title='bbox 284 3680 440 3747; x_wconf 84' lang='lat' dir='ltr'><strong>pecuniaque</strong></span> <span class='ocrx_word' id='word_1_358' title='bbox 455 3681 507 3730; x_wconf 88' lang='lat' dir='ltr'><strong>eius</strong></span> <span class='ocrx_word' id='word_1_359' title='bbox 528 3690 642 3748; x_wconf 87' lang='lat' dir='ltr'><strong>potestas</strong></span> <span class='ocrx_word' id='word_1_360' title='bbox 675 3685 732 3732; x_wconf 84' lang='lat' dir='ltr'><strong>Sec.</strong></span> <span class='ocrx_word' id='word_1_361' title='bbox 751 3682 809 3731; x_wconf 91' lang='lat' dir='ltr'><strong>XV.</strong></span> <span class='ocrx_word' id='word_1_362' title='bbox 844 3682 924 3743; x_wconf 86' lang='lat' dir='ltr'><strong>Tum,</strong></span> <span class='ocrx_word' id='word_1_363' title='bbox 947 3698 1025 3749; x_wconf 91' lang='lat' dir='ltr'><strong>quum</strong></span> <span class='ocrx_word' id='word_1_364' title='bbox 1049 3699 1063 3732; x_wconf 86' lang='lat' dir='ltr'><strong>e</strong></span> <span class='ocrx_word' id='word_1_365' title='bbox 1087 3684 1190 3734; x_wconf 81' lang='lat' dir='ltr'><strong>Stoico-</strong></span> 
     </span>
     <span class='ocr_line' id='line_1_42' title="bbox 128 3745 1190 3815; baseline 0.008 -24"><span class='ocrx_word' id='word_1_366' title='bbox 128 3752 191 3792; x_wconf 89' lang='lat' dir='ltr'><strong>esto.</strong></span> <span class='ocrx_word' id='word_1_367' title='bbox 226 3745 257 3794; x_wconf 86' lang='lat' dir='ltr'><strong>V.</strong></span> <span class='ocrx_word' id='word_1_368' title='bbox 271 3746 304 3795; x_wconf 84' lang='lat' dir='ltr'><strong>ad</strong></span> <span class='ocrx_word' id='word_1_369' title='bbox 318 3749 428 3798; x_wconf 84' lang='lat' dir='ltr'><strong>Herenn.</strong></span> <span class='ocrx_word' id='word_1_370' title='bbox 443 3750 462 3798; x_wconf 94' lang='lat' dir='ltr'><strong>I.</strong></span> <span class='ocrx_word' id='word_1_371' title='bbox 477 3765 499 3798; x_wconf 90' lang='lat' dir='ltr'><strong>o.</strong></span> <span class='ocrx_word' id='word_1_372' title='bbox 515 3751 554 3806; x_wconf 82' lang='lat'><strong>13.</strong></span> <span class='ocrx_word' id='word_1_373' title='bbox 570 3758 596 3798; x_wconf 89' lang='lat' dir='ltr'><strong>et</strong></span> <span class='ocrx_word' id='word_1_374' title='bbox 610 3747 642 3798; x_wconf 91' lang='lat' dir='ltr'><strong>de</strong></span> <span class='ocrx_word' id='word_1_375' title='bbox 675 3767 730 3799; x_wconf 84' lang='lat' dir='ltr'><strong>rum</strong></span> <span class='ocrx_word' id='word_1_376' title='bbox 752 3759 837 3798; x_wconf 85' lang='lat' dir='ltr'><strong>mente</strong></span> <span class='ocrx_word' id='word_1_377' title='bbox 858 3749 916 3813; x_wconf 90' lang='lat' dir='ltr'><strong>(uti</strong></span> <span class='ocrx_word' id='word_1_378' title='bbox 936 3766 1011 3815; x_wconf 90' lang='lat' dir='ltr'><strong>supra</strong></span> <span class='ocrx_word' id='word_1_379' title='bbox 1034 3767 1057 3799; x_wconf 88' lang='lat' dir='ltr'><strong>c.</strong></span> <span class='ocrx_word' id='word_1_380' title='bbox 1072 3750 1108 3815; x_wconf 83' lang='grc'><strong>4,</strong></span> <span class='ocrx_word' id='word_1_381' title='bbox 1123 3754 1149 3809; x_wconf 83' lang='grc'><strong>9.</strong></span> <span class='ocrx_word' id='word_1_382' title='bbox 1166 3759 1190 3800; x_wconf 85' lang='lat' dir='ltr'><strong>et</strong></span> 
     </span>
     <span class='ocr_line' id='line_1_43' title="bbox 127 3813 1190 3883; baseline 0.008 -23"><span class='ocrx_word' id='word_1_383' title='bbox 127 3813 225 3860; x_wconf 79' lang='lat' dir='ltr'><strong>invent.</strong></span> <span class='ocrx_word' id='word_1_384' title='bbox 242 3813 273 3861; x_wconf 87' lang='lat'><strong>11.</strong></span> <span class='ocrx_word' id='word_1_385' title='bbox 289 3830 311 3862; x_wconf 89' lang='lat' dir='ltr'><strong>c.</strong></span> <span class='ocrx_word' id='word_1_386' title='bbox 325 3821 366 3871; x_wconf 80' lang='lat'><strong>50.</strong></span> <span class='ocrx_word' id='word_1_387' title='bbox 383 3816 478 3865; x_wconf 72' lang='lat' dir='ltr'><strong>Daris.</strong></span> <span class='ocrx_word' id='word_1_388' title='bbox 676 3833 697 3866; x_wconf 88' lang='lat' dir='ltr'><strong>a.</strong></span> <span class='ocrx_word' id='word_1_389' title='bbox 709 3827 733 3878; x_wconf 85' lang='lat'><strong>5,</strong></span> <span class='ocrx_word' id='word_1_390' title='bbox 753 3821 792 3873; x_wconf 89' lang='lat'><strong>10.</strong></span> <span class='ocrx_word' id='word_1_391' title='bbox 815 3816 940 3883; x_wconf 79' lang='lat' dir='ltr'><strong>vidimus),</strong></span> <span class='ocrx_word' id='word_1_392' title='bbox 960 3818 1108 3868; x_wconf 83' lang='lat' dir='ltr'><strong>insaniaet</strong></span> <span class='ocrx_word' id='word_1_393' title='bbox 1124 3817 1190 3869; x_wconf 82' lang='lat' dir='ltr'><strong>stul·</strong></span> 
     </span>
     <span class='ocr_line' id='line_1_44' title="bbox 178 3879 1190 3946; baseline 0.011 -20"><span class='ocrx_word' id='word_1_394' title='bbox 178 3879 257 3944; x_wconf 82' lang='lat' dir='ltr'><strong>escit)</strong></span> <span class='ocrx_word' id='word_1_395' title='bbox 283 3879 324 3929; x_wconf 83' lang='lat' dir='ltr'><strong>Sic</strong></span> <span class='ocrx_word' id='word_1_396' title='bbox 348 3892 416 3932; x_wconf 87' lang='lat' dir='ltr'><strong>recte</strong></span> <span class='ocrx_word' id='word_1_397' title='bbox 440 3899 496 3931; x_wconf 90' lang='lat' dir='ltr'><strong>cum</strong></span> <span class='ocrx_word' id='word_1_398' title='bbox 515 3882 641 3934; x_wconf 87' lang='lat' dir='ltr'><strong>Bouherio</strong></span> <span class='ocrx_word' id='word_1_399' title='bbox 675 3885 739 3934; x_wconf 86' lang='lat' dir='ltr'><strong>titia</strong></span> <span class='ocrx_word' id='word_1_400' title='bbox 762 3884 867 3934; x_wconf 88' lang='lat' dir='ltr'><strong>eandem</strong></span> <span class='ocrx_word' id='word_1_401' title='bbox 892 3884 943 3934; x_wconf 88' lang='lat' dir='ltr'><strong>vim</strong></span> <span class='ocrx_word' id='word_1_402' title='bbox 969 3884 1098 3946; x_wconf 82' lang='lat' dir='ltr'><strong>habeant,</strong></span> <span class='ocrx_word' id='word_1_403' title='bbox 1130 3883 1190 3937; x_wconf 87' lang='lat' dir='ltr'><strong>nihil</strong></span> 
     </span>
     <span class='ocr_line' id='line_1_45' title="bbox 127 3944 1096 4018; baseline 0.009 -24"><span class='ocrx_word' id='word_1_404' title='bbox 127 3944 238 3995; x_wconf 87' lang='lat' dir='ltr'><strong>Wolfius</strong></span> <span class='ocrx_word' id='word_1_405' title='bbox 264 3947 344 3997; x_wconf 88' lang='lat' dir='ltr'><strong>edidit</strong></span> <span class='ocrx_word' id='word_1_406' title='bbox 367 3947 395 3998; x_wconf 90' lang='lat' dir='ltr'><strong>in</strong></span> <span class='ocrx_word' id='word_1_407' title='bbox 420 3949 500 4000; x_wconf 86' lang='lat' dir='ltr'><strong>altera</strong></span> <span class='ocrx_word' id='word_1_408' title='bbox 525 3951 566 4001; x_wconf 87' lang='lat' dir='ltr'><strong>ed.</strong></span> <span class='ocrx_word' id='word_1_409' title='bbox 594 3967 642 4018; x_wconf 90' lang='lat' dir='ltr'><strong>pro</strong></span> <span class='ocrx_word' id='word_1_410' title='bbox 676 3952 793 4018; x_wconf 82' lang='lat' dir='ltr'><strong>profecto</strong></span> <span class='ocrx_word' id='word_1_411' title='bbox 810 3952 951 4003; x_wconf 85' lang='lat' dir='ltr'><strong>mutatione</strong></span> <span class='ocrx_word' id='word_1_412' title='bbox 967 3970 982 4003; x_wconf 95' lang='lat' dir='ltr'><strong>o</strong></span> <span class='ocrx_word' id='word_1_413' title='bbox 1001 3969 1030 4002; x_wconf 90' lang='lat' dir='ltr'><strong>us</strong></span> <span class='ocrx_word' id='word_1_414' title='bbox 1048 3961 1096 4003; x_wconf 87' lang='lat' dir='ltr'><strong>est.</strong></span> 
     </span>
     <span class='ocr_line' id='line_1_46' title="bbox 127 4013 1190 4139; baseline 0.008 -78"><span class='ocrx_word' id='word_1_415' title='bbox 127 4013 232 4079; x_wconf 82' lang='lat' dir='ltr'><strong>vulgato</strong></span> <span class='ocrx_word' id='word_1_416' title='bbox 248 4032 306 4064; x_wconf 84' lang='lat' dir='ltr'><strong>esee</strong></span> <span class='ocrx_word' id='word_1_417' title='bbox 321 4016 430 4085; x_wconf 85' lang='lat' dir='ltr'><strong>incipit,</strong></span> <span class='ocrx_word' id='word_1_418' title='bbox 455 4018 523 4086; x_wconf 89' lang='lat' dir='ltr'><strong>quod</strong></span> <span class='ocrx_word' id='word_1_419' title='bbox 538 4017 643 4069; x_wconf 85' lang='lat' dir='ltr'><strong>retinuit</strong></span> <span class='ocrx_word' id='word_1_420' title='bbox 726 4019 934 4071; x_wconf 83' lang='lat' dir='ltr'><strong>mediocritatem</strong></span> <span class='ocrx_word' id='word_1_421' title='bbox 945 4017 978 4088; x_wconf 90' lang='lat' dir='ltr'><strong>os</strong></span> <span class='ocrx_word' id='word_1_422' title='bbox 995 4018 1190 4139; x_wconf 52' lang='lat' dir='ltr'><strong>ciorumphstoioi</strong></span> 
     </span>
     <span class='ocr_line' id='line_1_47' title="bbox 127 4080 1189 4157; baseline 0.011 -28"><span class='ocrx_word' id='word_1_423' title='bbox 127 4080 263 4141; x_wconf 82' lang='lat' dir='ltr'><strong>Emestius.</strong></span> <span class='ocrx_word' id='word_1_424' title='bbox 298 4085 374 4135; x_wconf 85' lang='lat' dir='ltr'><strong>Escit</strong></span> <span class='ocrx_word' id='word_1_425' title='bbox 395 4085 497 4153; x_wconf 87' lang='lat' dir='ltr'><strong>antique</strong></span> <span class='ocrx_word' id='word_1_426' title='bbox 516 4102 565 4154; x_wconf 85' lang='lat' dir='ltr'><strong>pro</strong></span> <span class='ocrx_word' id='word_1_427' title='bbox 586 4085 641 4136; x_wconf 87' lang='lat' dir='ltr'><strong>erit.</strong></span> <span class='ocrx_word' id='word_1_428' title='bbox 676 4086 742 4136; x_wconf 88' lang='lat' dir='ltr'><strong>enim</strong></span> <span class='ocrx_word' id='word_1_429' title='bbox 779 4086 872 4154; x_wconf 83' lang='lat' dir='ltr'><strong>duplex</strong></span> <span class='ocrx_word' id='word_1_430' title='bbox 901 4098 1042 4157; x_wconf 89' lang='lat' dir='ltr'><strong>posuerunt</strong></span> <span class='ocrx_word' id='word_1_431' title='bbox 1072 4104 1089 4139; x_wconf 88' lang='grc' dir='ltr'>ο</span> <span class='ocrx_word' id='word_1_432' title='bbox 1119 4087 1189 4150; x_wconf 83' lang='lat' dir='ltr'><strong>oium,</strong></span> 
     </span>
     <span class='ocr_line' id='line_1_48' title="bbox 127 4149 1190 4234; baseline 0.008 -37"><span class='ocrx_word' id='word_1_433' title='bbox 127 4149 157 4197; x_wconf 85' lang='lat' dir='ltr'><strong>V.</strong></span> <span class='ocrx_word' id='word_1_434' title='bbox 170 4150 308 4200; x_wconf 82' lang='lat' dir='ltr'><strong>Forcelliui</strong></span> <span class='ocrx_word' id='word_1_435' title='bbox 332 4151 407 4203; x_wconf 87' lang='lat' dir='ltr'><strong>Thes.</strong></span> <span class='ocrx_word' id='word_1_436' title='bbox 430 4154 489 4205; x_wconf 81' lang='lat' dir='ltr'><strong>Lat.</strong></span> <span class='ocrx_word' id='word_1_437' title='bbox 510 4171 530 4202; x_wconf 93' lang='lat' dir='ltr'><strong>s.</strong></span> <span class='ocrx_word' id='word_1_438' title='bbox 549 4169 590 4216; x_wconf 85' lang='lat' dir='ltr'><strong>v.,</strong></span> <span class='ocrx_word' id='word_1_439' title='bbox 616 4151 644 4203; x_wconf 73' lang='lat' dir='ltr'><strong>ai</strong></span> <span class='ocrx_word' id='word_1_440' title='bbox 673 4165 820 4234; x_wconf 81' lang='lat' dir='ltr'><strong>peractum</strong></span> <span class='ocrx_word' id='word_1_441' title='bbox 841 4167 917 4224; x_wconf 86' lang='lat' dir='ltr'><strong>atque</strong></span> <span class='ocrx_word' id='word_1_442' title='bbox 941 4156 1063 4207; x_wconf 79' lang='lat' dir='ltr'><strong>medium.</strong></span> <span class='ocrx_word' id='word_1_443' title='bbox 1098 4158 1132 4209; x_wconf 84' lang='lat' dir='ltr'><strong>V.</strong></span> <span class='ocrx_word' id='word_1_444' title='bbox 1146 4171 1190 4207; x_wconf 81' lang='lat' dir='ltr'><strong>noo</strong></span> 
     </span>
    </p>
   </div>
   <div class='ocr_carea' id='block_1_7' title="bbox 112 4151 1174 4307">
    <p class='ocr_par' dir='ltr' id='par_1_7' title="bbox 112 4151 1174 4307">
     <span class='ocr_line' id='line_1_49' title="bbox 112 4151 1174 4307; baseline 0.012 -43"><span class='ocrx_word' id='word_1_445' title='bbox 112 4215 213 4269; x_wconf 82' lang='lat' dir='ltr'><strong>Nobbs</strong></span> <span class='ocrx_word' id='word_1_446' title='bbox 227 4217 255 4271; x_wconf 79' lang='lat' dir='ltr'><strong>ia</strong></span> <span class='ocrx_word' id='word_1_447' title='bbox 271 4221 433 4293; x_wconf 77' lang='lat' dir='ltr'><strong>Programm.</strong></span> <span class='ocrx_word' id='word_1_448' title='bbox 459 4219 562 4293; x_wconf 80' lang='lat' dir='ltr'><strong>Lipsiae</strong></span> <span class='ocrx_word' id='word_1_449' title='bbox 577 4237 645 4276; x_wconf 76' lang='lat' dir='ltr'><strong>anno</strong></span> <span class='ocrx_word' id='word_1_450' title='bbox 678 4151 777 4275; x_wconf 66' lang='lat' dir='ltr'><strong>mid.</strong></span> <span class='ocrx_word' id='word_1_451' title='bbox 791 4221 825 4275; x_wconf 77' lang='lat' dir='ltr'><strong>de</strong></span> <span class='ocrx_word' id='word_1_452' title='bbox 836 4223 953 4307; x_wconf 62' lang='lat' dir='ltr'><strong>ulcerea.</strong></span> <span class='ocrx_word' id='word_1_453' title='bbox 966 4223 1059 4292; x_wconf 70' lang='lat' dir='ltr'><strong>philos.</strong></span> <span class='ocrx_word' id='word_1_454' title='bbox 1075 4242 1104 4293; x_wconf 80' lang='lat' dir='ltr'><strong>p.</strong></span> <span class='ocrx_word' id='word_1_455' title='bbox 1116 4224 1174 4285; x_wconf 71' lang='lat'><strong>234.</strong></span> 
     </span>
    </p>
   </div>
   <div class='ocr_carea' id='block_1_8' title="bbox 0 0 1326 4626">
    <p class='ocr_par' dir='ltr' id='par_1_8' title="bbox 0 0 1326 4626">
     <span class='ocr_line' id='line_1_50' title="bbox 0 0 1326 4626; baseline 0 0"><span class='ocrx_word' id='word_1_456' title='bbox 0 0 1326 4626; x_wconf 95' lang='lat' dir='ltr'><strong> </strong></span> 
     </span>
    </p>
   </div>
  </div>
 </body>
</html>
