2640 4626
189 198 238 237 ΧΠ
553 191 715 245 EPISTOLA
731 192 887 243 EDITORIS

189 310 335 413 quidem,
363 310 422 385 sed
440 310 592 383 maximis
612 309 820 383 coniunctam
837 309 1017 402 fructibus3
1035 311 1166 385 namin
1184 340 1261 412 pcr-

190 475 288 547 quam
304 446 415 520 multis
430 446 532 534 locis,
552 448 588 518 in
605 445 726 545 quibus
744 446 838 546 prius
854 475 975 547 anceps
993 464 1025 521 et
1043 448 1165 521 dubius
1180 448 1260 522 hae-

190 583 384 672 sitaveram,
408 611 498 656 nunc
515 581 571 655 lux
588 581 671 656 mihi
690 582 932 655 accendebatur
949 583 1139 657 clarissima.

291 721 361 792 Iam
377 746 466 808 vero,
483 746 585 818 quum
594 717 733 791 Wolfius
748 717 783 790 in
801 718 945 794 editione
962 721 1073 794 suain
1089 721 1157 794 imo
1173 750 1260 794 mar-

189 856 267 954 gine
295 855 499 929 ernestianae
526 853 730 928 recensionis
757 855 977 932 diversitatem
1002 856 1198 947 subiecerit,
1224 874 1261 928 ut

189 1021 257 1066 uno
281 1008 462 1091 conspectu
485 990 736 1088 intelligeretur,
762 991 883 1091 quibus
907 993 1007 1066 rebus
1031 993 1112 1066 haec
1128 1020 1189 1065 sua
1205 1021 1260 1065 re-

190 1130 302 1203 censio
319 1127 468 1200 differret
483 1127 524 1200 ab
540 1126 638 1214 illius,
663 1126 752 1200 nulla
768 1144 878 1201 tamen
893 1129 1020 1203 adiecta
1037 1127 1261 1216 adnotatione,

190 1294 291 1366 equa
317 1280 460 1364 pateret,
485 1291 551 1363 qua
570 1263 762 1337 'auctoritate
778 1264 962 1338 niterentur
979 1265 1156 1352 lectiones,
1184 1293 1202 1337 a
1225 1292 1261 1337 se

189 1419 359 1502 receptae,
386 1427 505 1499 operae
522 1399 666 1499 pretium
685 1399 831 1473 sacturus
854 1401 1008 1489 videbar,
1035 1401 1063 1474 si
1088 1401 1260 1500 utriusque

189 1537 412 1624 recensionis,
438 1551 470 1609 et
490 1536 692 1609 ernestianae
725 1551 757 1609 et
782 1534 971 1626 wolfianae,
996 1535 1175 1610 lectionum
1203 1564 1261 1608 au-

190 1676 367 1761 ctoritates,
394 1670 570 1768 diligenter
588 1670 770 1770 indagatas,
797 1701 896 1771 quam
916 1672 1128 1772 paucissimis
1148 1689 1261 1745 enota-

187 1842 277 1900 rem,
303 1808 465 1906 simulque
487 1806 643 1880 adderem
662 1806 884 1882 diversitatem
907 1807 1111 1882 recensionis
1129 1807 1260 1881 orellia-

188 1977 259 2024 nae.
294 1947 356 2019 His
372 1943 571 2018 lectionibus
589 1943 687 2016 etiam
706 1943 787 2016 alias
803 1944 1002 2042 insigniores
1022 1961 1054 2018 et
1076 1962 1261 2018 memoratu

189 2086 307 2183 dignas
334 2080 455 2155 addere
478 2078 625 2179 placuit,
650 2080 794 2179 itemque
820 2080 968 2179 egregias
994 2082 1260 2154 acutissimorum

188 2220 360 2295 hominum
378 2215 585 2290 coniecturas
603 2214 653 2288 rel
670 2215 895 2315 suspiciones,
925 2234 962 2288 ut
977 2216 1102 2290 scilicet
1125 2245 1260 2317 praeee-

188 2373 267 2460 ptpr
281 2354 427 2441 haberet,
448 2381 514 2453 quo
532 2351 713 2450 sagacioris
732 2351 857 2426 indolis
878 2352 1103 2426 adolescentes
1128 2352 1260 2426 criticae

188 2521 273 2594 quae
289 2491 411 2565 dieitur
432 2486 662 2562 coniecturalis
677 2486 846 2561 elementis
862 2487 1014 2562 initiaret.
1065 2490 1103 2560 In
1125 2506 1261 2562 enatan-

188 2630 241 2704 dis
256 2624 455 2702 lectionibus
472 2622 517 2695 ita
532 2639 680 2696 versatus
694 2650 778 2712 sum,
794 2638 830 2693 ut
840 2623 1033 2724 plerumque
1044 2625 1145 2698 verbo
1157 2624 1261 2722 signi-

186 2765 340 2851 ficarem,
366 2760 448 2862 quid
473 2759 515 2832 de
541 2759 583 2830 iis
610 2759 820 2831 statuendum
840 2761 1016 2850 sentirem,
1042 2777 1078 2832 ut
1102 2760 1260 2860 discipuli

186 2899 254 3000 ipsi
276 2897 421 2971 rationes
449 2893 680 2993 anquirerent,
707 2894 828 2994 quibus
849 2894 947 2969 lectio
975 2894 1084 2995 aliqua
1106 2912 1162 2969 aut
1180 2923 1262 2995 pro-

186 3035 265 3111 bata
281 3050 367 3108 esset
387 3048 442 3105 aut
460 3030 589 3105 reiecta.
640 3032 680 3102 ln
699 3031 810 3104 multis
837 3049 944 3105 autem
966 3031 1164 3105 lectionibus
1186 3060 1260 3106 exa-

185 3169 354 3247 minandis
378 3166 511 3266 longior
533 3166 599 3256 fui,
625 3168 660 3240 in
684 3167 803 3268 primis
821 3168 856 3240 in
883 3167 945 3255 iis,
972 3167 1147 3267 inquibus
1169 3197 1261 3242 rece-

186 3308 334 3383 dendum
348 3303 431 3377 mihi
452 3302 618 3376 rideretur
635 3304 676 3376 ab
691 3305 855 3377 editorum
875 3303 1046 3392 sententia,
1070 3331 1109 3376 eo
1125 3304 1260 3402 quidem

186 3443 339 3532 consilio,
357 3455 395 3513 ut
408 3438 673 3512 adolescentibus
689 3440 783 3540 quasi
800 3440 968 3540 quandam
984 3439 1070 3511 riam
1084 3438 1259 3538 praeirem,

185 3608 271 3681 quae
296 3576 515 3678 ingredienda
539 3592 625 3650 esset
650 3575 693 3649 ad
724 3575 929 3650 difficiliores
952 3575 1111 3650 lectiones
1135 3575 1260 3648 diiudi-

186 3717 319 3791 caudas.

288 3853 326 3926 In
349 3851 536 3951 priscorum
555 3856 726 3949 po'e‘tarum
748 3845 851 3940 locis,
877 3848 1000 3948 quibus
1015 3847 1132 3921 Cicero
1151 3846 1261 3947 philo-

189 3986 328 4087 sophiae
346 3985 549 4060 severitatem
564 3984 821 4083 gravitatemque
845 3985 1026 4060 exhilarare
1044 3984 1190 4071 studuit,
1217 3983 1260 4056 ad
