2640 4626
371 258 424 289 ι.
487 237 731 297 nicanum·
956 212 960 227 '
1090 235 1134 305 83

59 381 118 426 nm
137 353 237 425 Ponti
252 353 451 442 viderunt⁴,
476 371 508 429 ot
523 382 579 429 eas
606 357 786 455 angustias,
803 386 873 461 per
885 386 968 461 quas
983 376 1135 463 penetra
1174 389 1177 396 ·

57 456 162 529 vitea
176 473 327 556 quaeest
342 457 512 531 nominata
529 458 633 557 Argo,
658 459 736 559 quia
751 467 769 513 ³
1020 466 1026 479 '

98 590 111 601 ''
144 577 266 660 Argivi
286 579 320 638 in
340 599 394 649 eit,
417 579 527 640 delecti
546 585 628 651 viri,

150 666 256 734 mett,
273 665 417 743 petebant
432 667 545 745 pellem
562 667 752 726 muratam·
763 671 890 745 arieti&

32 762 35 769 ’
60 776 117 834 aut
129 761 172 849 ii,
198 760 257 860 qui
271 760 399 835 Oceani
416 760 500 835 freta
519 759 576 836 illa
590 763 755 853 viderunt,

145 885 306 962 Europam
328 885 521 965 Libyamque
541 907 642 967 rapax
661 888 717 946 ubi
736 886 854 946 dividit
866 889 969 949 unda:

59 980 152 1081 quod
179 981 314 1054 tandem
339 981 563 1082 spectaculum
595 983 667 1057 fore
690 1000 864 1084 putamus,
904 1014 1006 1086 quum
1030 1003 1132 1062 totana

59 1100 182 1157 terram
204 1083 354 1156 contueri
373 1083 509 1172 iicebit,
544 1085 679 1184 eiusque
703 1115 805 1185 quum
829 1087 948 1176 situm,
980 1083 1132 1180 formam,

60 1185 412 1286 circumscriptionem,
438 1203 508 1259 tum
524 1203 557 1261 et
570 1186 762 1261 habitabilis
779 1190 942 1286 regiones,
958 1208 989 1263 ct
999 1184 1130 1267 rursum

59 1289 152 1361 omni
170 1286 259 1361 cultu
273 1305 413 1389 propter
430 1290 498 1362 vim
514 1289 649 1388 frigoris
668 1307 724 1363 aut
742 1291 860 1364 caloris
878 1295 1047 1368 vacantis?

160 1395 218 1470 46.
242 1391 313 1463 Nos
337 1391 425 1464 enim
447 1420 489 1466 ne
511 1420 601 1466 nunc
624 1393 758 1491 quidem
774 1393 878 1466 oculis
901 1397 1065 1469 cernimus
1082 1426 1131 1486 ea,
1168 1394 1171 1399 ¹

59 1519 145 1592 quae
161 1492 320 1566 videmus.
344 1521 451 1593 neque
470 1494 558 1567 enim
575 1500 652 1568 est⁶
675 1495 761 1568 nllus
782 1511 899 1569 sensus
919 1496 1129 1599 incorpore:

57 1594 130 1682 sed,
156 1603 207 1687 (ut
222 1623 292 1667 non
306 1594 412 1668 solum
427 1596 561 1700 physici
574 1605 591 1649 ⁷
609 1596 739 1686 (locent,
764 1599 988 1697 verumetiam
999 1602 1131 1690 medici,

58 1698 119 1797 qui
133 1697 197 1770 ista
215 1714 328 1798 aperta
343 1714 375 1771 et
389 1701 551 1798 patefacta
565 1698 743 1795 viderunt,)
769 1700 841 1774 viae
859 1701 953 1800 quasi
968 1703 1130 1800 quaedam

59 1815 138 1872 sunt
157 1799 200 1873 ad
223 1799 357 1888 oculos,
383 1800 550 1890 adamis,
576 1801 619 1875 ad
634 1803 741 1890 naris,
767 1831 787 1876 a
805 1804 882 1877 sede
899 1804 1001 1876 animi
1019 1806 1130 1905 perio-

46 1917 159 1976 ratae.
185 1902 296 2002 itaque
319 1930 418 2003 saepe
443 1919 498 1975 aut
518 1903 735 2001 cogitatione,
763 1922 825 1977 aut‘
840 1906 949 2007 aliqua
968 1907 999 1979 vi
1020 1908 1130 1993 morbi

30 2008 32 2013 ’
56 2004 229 2106 impediti,
256 2004 378 2106 apertis
394 2021 491 2106 atquc
506 2006 644 2106 integris
667 2025 700 2081 et
716 2008 820 2080 oculis
845 2026 876 2081 ct
889 2009 1043 2096 auribus,
1068 2039 1129 2083 nec

125 2224 216 2284 401³
232 2232 260 2275 ut
283 2224 332 2275 Db.
359 2223 391 2275 de
408 2224 491 2276 Beati.
516 2226 583 2276 coni.
606 2225 733 2277 auderint.
757 2227 933 2278 Probabiliter.
977 2234 994 2287 5
1015 2230 1047 2280 V.
1064 2228 1129 2289 ndu,

57 2294 231 2411 picliipsblpnfi.
248 2294 281 2344 D.
297 2305 338 2344 est
355 2295 433 2345 enini.
456 2294 614 2345 Rectissime.
648 2296 939 2364 multatisque
961 2296 1137 2391 Codd.plty-¹
1173 2395 1177 2402 1

55 2492 143 2550 cuttu
174 2495 338 2562 ποιοῦντος,
361 2495 388 2547 h.
412 2514 435 2546 e.
459 2514 578 2564 magnum
610 2496 735 2576 scriptura
753 2495 940 2562 distinguuntur
955 2496 987 2547 ab
1002 2497 1048 2560 iis,
1066 2512 1130 2566 quae

56 2563 297 2681 qpirptliupnpppoepe.
333 2565 371 2614 cf.
392 2565 578 2682 Wytstpngaplli.
610 2582 628 2681 p
640 2565 766 2681 Cicerotne·
784 2564 871 2615 addito
888 2574 963 2626 sunt,
987 2575 1017 2681 ett
1029 2566 1130 2683 quipem

56 2635 436 2768 iat.⁸1'‚2.³²n⁰.l'.l',i.3i
463 2651 506 2751 si.
521 2651 577 2751 lul
611 2642 989 2770 ,3301'tt.t.t;tt..‘¹¹¹t‡,¹t³,¹¹
991 2650 1130 2768 {lilii

58 2767 120 2835 quis
138 2776 166 2816 et
179 2765 233 2827 eie.
252 2765 355 2817 eximius
371 2766 469 2834 uliquis,
487 2768 577 2847 aliquis
610 2769 672 2838 giuc'
684 2767 712 2817 in
730 2784 760 2817 ea

57 2833 331 2900 magnummontem,
352 2834 491 2901 dignitate,
508 2835 577 2887 divi-
920 2835 1017 2886 delectr'
1032 2836 1089 2886 uiri

60 2901 104 2951 tiis
113 2899 222 2986 pollens.
251 2901 386 2972 *Theocrit
404 2903 453 2964 Xi,
467 2908 508 2962 79.
529 2904 576 2971 δη·
644 2903 719 2955 Vecsi
731 2900 857 2972 petebant
869 2903 1131 2973 pdllemino'uratam

51 2965 148 3022 ’hrot’
157 2965 188 3021 ἐν
201 2969 237 3038 τᾷ
250 2969 286 3037 γᾷ
295 2967 388 3037 κήγὼν
396 2971 442 3036 (so.
457 2971 575 3038 Cyclops)
939 2972 1043 3021 sitietis.
1062 2998 1097 3011 —

52 3036 102 3097 sle
126 3034 267 3102 φαίνομαι
301 3031 377 3103 ἦμες.
429 3039 461 3090 V.
486 3039 573 3104 Viger.
609 3037 795 3116 Expressisnut
810 3037 1023 3088 autemhiversus
1038 3041 1130 3089 exilu-

56 3122 84 3171 p.
98 3108 158 3162 152.
167 3103 201 3154 ud
214 3120 320 3170 eumque
329 3106 464 3154 Hermann.
480 3124 506 3173 p.
516 3111 575 3164 731.
610 3105 685 3172 riprd.
707 3105 807 3167 Medea,
833 3121 858 3155 v.
877 3113 902 3164 5.
927 3103 1038 3171 ἀνδρῶν
1067 3104 1130 3174 ἀοί-

58 3180 87 3220 et
105 3171 249 3239 iteyoders.
279 3171 312 3222 ad
335 3172 435 3222 Platon.
462 3175 576 3241 Sympos.
611 3186 693 3234 οτωο,
712 3169 740 3226 oi
757 3172 789 3225 τὺ
805 3171 964 3240 πάγχρυσον
979 3172 1060 3238 δέρος
1073 3175 1130 3226 Πε-

59 3255 86 3305 P·
103 3244 130 3296 5·
464 3274 467 3287 ·
611 3239 659 3311 iicp
683 3240 834 3308 μετῆλθον.
869 3243 908 3290 De
929 3239 1003 3291 Ennii
1017 3241 1129 3291 versibus
1220 3304 1222 3308 ,

110 3307 267 3376 angustiosi
298 3304 359 3356 Scil.
385 3307 579 3376 Hellespontum
596 3308 801 3368 ,cummanum
817 3307 929 3357 deEunii
942 3308 1042 3370 Medea,
1061 3310 1130 3359 Got-

55 3382 85 3423 et
96 3375 237 3440 Bosporum
251 3373 394 3424 Thracium.
612 3374 760 3441 tiog.1807.
775 3392 801 3440 p.
816 3380 857 3433 75.
872 3391 910 3441 sq.

109 3442 224 3510 Argivi)
253 3443 317 3491 Sunt
344 3441 446 3492 iambici
472 3442 580 3493 trimetri
664 3443 805 3511 Europam)
831 3442 900 3490 Idem
914 3459 999 3492 versus
1014 3441 1131 3491 laudatur

56 3507 209 3569 acatalecti,
227 3508 346 3560 exEnnii
359 3510 451 3561 Medea
464 3510 580 3572 desumi,
613 3509 648 3558 N.
671 3511 703 3558 D.
726 3512 775 3571 111,
803 3514 844 3566 10.
870 3509 1022 3574 Intelbgitur
1047 3517 1131 3558 autem

57 3574 177 3625 nonnihil
198 3577 339 3638 immutati,
366 3577 410 3644 qui
429 3577 462 3626 ad
480 3579 593 3637 Herem,
614 3576 707 3625 fretum
723 3576 874 3626 Herculeum
887 3594 908 3626 s.
926 3576 1080 3627 Gaditanum
1087 3576 1131 3627 iu-'

56 3643 131 3692 nium
146 3645 184 3704 11,
217 3649 258 3701 22.
286 3654 313 3694 et
336 3662 377 3711 ap.
402 3644 523 3695 Priscian.
547 3645 580 3694 de
612 3652 653 3694 ter
667 3643 815 3710 Hispaniam
828 3652 855 3692 et
867 3642 988 3695 Africam.

54 3712 137 3761 Metr.
155 3711 225 3761 Com.
244 3730 270 3779 p.
285 3715 360 3771 1325.
385 3711 424 3762 ita'
444 3712 579 3778 leguntur:
663 3711 707 3768 46.
724 3723 817 3761 ιοοηοη
832 3711 916 3761 solum
927 3712 1052 3781 physici)
1075 3710 1132 3762 Da-

26 3812 28 3815 ·
56 3780 144 3848 Argo,
162 3795 216 3846 qua
228 3780 298 3829 vecti
308 3783 348 3830 Ar
369 3780 411 3830 ivi
421 3780 518 3830 delecti
526 3780 582 3831 viri
614 3777 690 3828 visius
712 3778 745 3829 ud
769 3788 854 3846 partes
872 3789 948 3830 vocat
971 3778 1128 3829 Theodoret.

55 3844 190 3896 Petebant
209 3847 285 3897 illam
307 3849 404 3916 pelem
427 3849 593 3898 inauratum*
614 3845 726 3913 Therap.
748 3849 768 3896 1.
789 3864 816 3914 p.
838 3849 879 3904 15.
905 3846 987 3899 Κατὰ
1008 3844 1061 3914 γὰρ
1078 3845 1133 3899 τὸν

33 3914 205 3987 ,ανίεοὶο-
220 3914 489 3966 lnEmestiieditione
504 3916 582 3966 verba
613 3910 798 3981 Ἐπίχαρμον,
833 3913 883 3966 τὸν
926 3911 1133 3985 Ποθαγόοοιοο,

57 3982 214 4051 Argoquia
221 3980 499 4033 trahunturudversus.
524 3985 582 4051 Ipse
615 3979 644 4033 λέ
661 3999 700 4033 ω·
716 3982 795 4042 Notis
809 3979 863 4046 ὁρᾶ
875 3979 923 4034 uoti
935 3981 1004 4045 νοῦς
1019 3977 1132 4041 ἀκούει·

51 4065 122 4099 -vcro
139 4066 226 4098 versus
250 4048 464 4128 incipitaverbis
486 4049 584 4101 delecti
615 4067 631 4105 τ
667 4051 703 4102 λοι
717 4047 800 4117 κωφὰ
814 4033 863 4102 nul
878 4044 987 4123 ammiel.¹

55 4117 125 4167 viri.
143 4115 499 4184 Anteccdentmigiturverba
512 4128 584 4169 extra
667 4129 763 4186 operta
790 4129 816 4166 et
834 4116 975 4186 paterfacta
994 4113 1135 4178 viderunt)

54 4194 159 4234 vertum
176 4183 327 4235 collocanda
348 4194 421 4243 sunt,
447 4195 477 4235 nt
498 4195 584 4236 tamen
616 4184 652 4245 Η.
675 4201 698 4234 e.
722 4183 766 4251 qni
788 4185 837 4234 istu
851 4201 970 4251 ‚corporo
996 4180 1133 4250 aperiendo

52 4250 177 4304 vocans
190 4251 246 4320 ipso
260 4259 338 4319 poeta
350 4251 585 4304 adhibitaediversa
618 4260 646 4302 et
659 4252 769 4303 secundo
783 4251 936 4319 perscrutati
948 4259 1017 4302 suot.
1069 4271 1073 4276 ’

863 4323 923 4388 6*
