2640 4626
192 210 256 284 340
438 216 719 271 rusouuuuunuu
734 216 1017 271 nrsrurarmumr
1101 212 1104 219 '

194 343 413 416 Locrensem:
438 335 487 410 sie
502 350 603 409 noctu
619 334 662 408 ad
676 362 730 409 eas
745 335 945 435 ventitabat,
968 351 1007 408 ut
1023 334 1136 433 omnia
1152 362 1273 436 specu-

193 444 316 518 laretur
327 458 358 514 et
392 455 629 514 erscrotarctur
644 446 727 511 ante.
776 439 819 512 Et
837 466 939 538 quum
956 438 1082 512 fossam
1096 436 1200 511 latam
1216 467 1273 512 cu-

193 544 336 620 biculari
364 467 449 616 licto
480 540 770 630 circumdedisset,
803 540 940 640 eiusque
962 540 1074 614 fossae
1092 540 1273 614 transitum

194 644 365 751 ponticulo
387 643 498 743 ligneo
514 642 756 732 coniunxisset3
782 671 857 717 eum
880 643 1010 744 ipsum,
1034 672 1138 745 quum
1164 644 1272 717 iorem

196 748 340 825 cubiculi
359 745 531 834 clauserat,
556 745 782 846 detorquebat.
832 746 991 846 Idemque
1008 773 1111 847 quum
1126 745 1164 818 iu
1183 774 1274 819 com-

196 852 354 926 munibus
369 848 533 948 suggestis
548 848 729 922 consistere
744 876 814 921 non
831 848 986 935 auderet,
1013 848 1208 922 concionari
1234 877 1272 923 er

196 955 279 1028 turri
296 953 361 1027 alta
378 951 514 1025 solebat.
565 960 622 1031 60.
648 950 759 1050 Atque
775 951 805 1022 is
821 966 923 1070 quoni
943 948 1011 1052 pila
1028 950 1144 1026 ludere
1167 951 1273 1040 vellet,

197 1057 361 1151 (studiose
377 1053 526 1127 enim-id
548 1053 744 1149 factitabat)
769 1068 981 1153 tunicamque
1004 1070 1164 1154 ponerct3
1192 1054 1273 1127 ado-

197 1157 394 1246 lescentulo,
428 1184 527 1256 quem
562 1155 711 1242 amabat,
743 1155 923 1230 tradidisse
956 1155 1105 1254 gladium
1140 1157 1270 1230 dicitur.

196 1261 260 1335 Hic
287 1287 389 1360 quum
411 1256 547 1359 quidam
570 1255 744 1331 familiaris
772 1258 887 1332 iocans
905 1256 1061 1333 dixisset:
1087 1257 1174 1331 huic
1194 1263 1270 1360 qui-

198 1362 280 1436 dem
301 1376 392 1437 certe
417 1365 648 1434 vitam-tuam
667 1364 878 1447 committis,
903 1360 1134 1460 arrisissetquc
1159 1361 1269 1436 adole-

197 1493 311 1554 scens,
334 1480 511 1563 utrumque
530 1462 628 1535 iussit
647 1460 805 1537 interfici:
830 1461 985 1550 alterum,
1011 1466 1090 1563 quia
1107 1464 1200 1536 viam
1215 1465 1270 1538 de-

150 1632 160 1655 ¹.
195 1565 445 1642 monstravisset
462 1565 674 1638 interimendi
700 1562 773 1655 sui,
798 1564 953 1653 alterum,
980 1566 1058 1665 qui'a
1083 1565 1214 1639 dictum
1236 1567 1269 1639 id

91 1754 94 1759 ¹
196 1670 268 1743 risu
286 1668 546 1770 approbavisset.
595 1670 706 1767 Atque
730 1694 771 1741 eo
793 1666 881 1757 facto
905 1667 954 1741 sic
978 1667 1100 1756 doluit,
1126 1668 1214 1741 nibil
1236 1686 1268 1741 ut

196 1770 308 1845 tulerit
321 1769 484 1869 gravius³
512 1770 648 1844 invita:
674 1797 773 1869 quem
792 1769 880 1843 enim
904 1770 1114 1845 vehementer
1137 1789 1269 1859 amarat,

199 1873 374 1947 occiderat.
424 1872 482 1945 Sic
497 1871 726 1945 distrahuntur
739 1872 774 1944 in
793 1872 974 1946 contrarias
984 1873 1089 1973 partis
1103 1874 1268 1976 impotcn·
1311 1902 1312 1907 ¹

88 2015 92 2024 -
195 1975 278 2048 tium
294 1975 509 2077 cupiditates:
543 2001 645 2075 mum
669 1973 748 2047 huic
772 1974 951 2049 obsecutus
975 1976 1043 2064 sis,
1068 1975 1117 2049 illi
1146 1994 1198 2051 cst
1220 2005 1266 2050 re-

194 2078 419 2180 pugnandum.
855 2079 857 2083 ’

296 2181 389 2253 XXI.
441 2186 498 2259 61.
525 2177 736 2278 Quamquam
746 2178 800 2253 bic
810 2178 944 2280 quidem
955 2195 1118 2284 tyrannus
1129 2179 1205 2280 ipse
1221 2180 1266 2254 in-

196 2281 369 2370 dicavit4,
394 2309 493 2381 quam
511 2297 596 2354 esset
614 2281 739 2354 beatus.
770 2310 848 2354 nam
866 2310 967 2382 quum
988 2281 1126 2383 quidam
1143 2311 1184 2356 ex
1201 2284 1265 2357 cius

195 2382 465 2470 assentatoribus,
489 2383 677 2472 Damocles,
702 2401 976 2458 commemoraret
989 2385 1025 2457 in
1043 2412 1199 2459 sermone
1217 2415 1266 2460 co

195 2471 389 2586 pias‘eius,
423 2513 523 2585 opes,
554 2486 757 2559 maiestatem
789 2486 998 2576 dominatus,
1023 2515 1135 2561 rerum
1164 2489 1265 2562 abuu-

197 2588 363 2674 dantiam,
396 2587 672 2685 magnificentiam
699 2588 831 2677 aedium
858 2589 1042 2687 regiarum
1067 2608 1265 2690 negaretque

117 2745 122 2753 .
197 2718 354 2790 umquam
368 2688 550 2763 beatiorem
570 2717 767 2790 quemquam
788 2690 908 2765 fuisse:
940 2695 1046 2764 Visne
1061 2695 1194 2787 igitur,
1220 2694 1265 2766 in-

196 2793 287 2892 quit,
312 2793 485 2865 Damocle
499 2798 531 2878 ⁶,
549 2795 719 2892 quoniam
733 2790 822 2865 haec
840 2807 874 2864 te
898 2796 970 2866 vita
995 2794 1168 2882 delectat,
1194 2799 1266 2897 ipse

263 2977 340 3036 38ic
363 2978 395 3029 R.
412 2978 438 3029 b.
461 2980 492 3029 V.
507 2979 538 3029 D.
553 3007 586 3018 -
601 2978 660 3029 Rro.
683 2996 707 3030 c.
732 2978 799 3045 vulg.
819 2989 847 3030 ut
871 2978 946 3030 nibil
958 2997 1002 3048 gr.
1018 2978 1066 3030 tol.
1119 2980 1190 3039 Π.
1205 2980 1265 3033 Adm

197 3048 214 3104 5
230 3044 273 3104 Sic
286 3044 418 3105 Ed.1584.
437 3045 519 3097 Gebh.
535 3045 624 3097 tacite.
639 3047 698 3097 Em.
714 3076 747 3086 -
764 3051 806 3098 Or.
823 3067 844 3098 c.
862 3045 932 3112 vulg.
953 3047 1116 3098 oDamoele.

240 3142 349 3211 fossam
366 3145 451 3195 latam
473 3144 714 3210 cubiculari,lecto)
734 3158 802 3196 'mus
819 3145 920 3214 quidem
944 3156 1014 3198 certe
1028 3175 1062 3187 -
1083 3164 1197 3216 quorum
1229 3149 1265 3200 oi·

157 3242 164 3254 .
196 3213 230 3262 Η.
247 3229 270 3260 e.
284 3211 380 3273 aedem,
397 3212 424 3261 in
441 3223 553 3278 quaerat
569 3213 651 3263 lectus
667 3231 714 3264 cu-
747 3214 806 3263 dem
830 3223 899 3265 certe
926 3225 965 3264 est
986 3214 1144 3277 adhibendus
1168 3168 1264 3269 modos.

196 3278 325 3339 biccduris,
342 3278 422 3328 cinxit
435 3280 573 3330 tossalata.
590 3281 713 3331 Ammian.
747 3281 867 3332 Ochsner.
885 3280 940 3331 Ecl.
958 3281 1039 3334 Cicer.
1061 3300 1089 3349 p.
1105 3285 1168 3343 304.
1196 3302 1264 3337 oom-

195 3347 276 3396 Marc.
292 3346 364 3407 XVI,
381 3350 406 3405 8.
440 3347 585 3414 Aedemque
600 3348 712 3410 brevem,
746 3348 846 3416 pacavit
862 3348 941 3398 Acud.
954 3350 985 3399 11.
997 3356 1021 3408 7.
1039 3353 1081 3408 32.
1104 3350 1137 3401 de
1151 3353 1234 3421 Legg.
1246 3353 1264 3402 l.

194 3412 239 3463 ubi
260 3413 374 3464 cubitare
394 3423 520 3476 sueverat,
536 3414 589 3465 ulte
604 3414 713 3466 circum-
745 3419 787 3479 13,
801 3434 840 3484 pr.
856 3415 888 3464 de
901 3418 1001 3467 Senect.
1017 3419 1049 3467 Π.

194 3480 267 3531 dedit
279 3482 355 3532 fossa.
375 3482 473 3531 Gesner
481 3481 614 3553 legendum
626 3483 713 3550 auspi·
795 3501 873 3552 quum
889 3482 958 3549 huic)
977 3501 1053 3551 quum
1067 3483 1145 3536 alteri
1166 3486 1265 3557 cupidi-

195 3548 301 3599 cubutur
318 3560 393 3610 tecto,
410 3549 480 3599 nulla
494 3558 603 3616 cogente
619 3567 711 3601 neees-
742 3558 826 3600 tatum
841 3551 995 3618 obsequutus
1008 3551 1057 3615 sis,
1075 3553 1153 3605 alteri
1170 3564 1212 3606 eat
1225 3572 1265 3608 re-

193 3615 322 3666 citata-
336 3617 471 3667 Praeterea
482 3616 630 3667 adnotanda
645 3635 712 3669 con·
741 3616 913 3686 pugnandum.

193 3683 300 3733 structio
313 3683 384 3733 verbi
397 3683 589 3734 circumdandi.
612 3684 712 3736 Dicitur
795 3686 854 3736 Car.
862 3686 937 3736 XXI.
952 3690 994 3744 61.
1010 3675 1155 3757 indicauit)
1174 3690 1266 3743 sicre-

194 3749 261 3799 enim
275 3760 302 3799 et
314 3748 410 3817 aliquid
425 3750 509 3818 eliqua
529 3769 571 3811 re,
592 3761 618 3801 et
635 3752 710 3803 alicui
743 3762 785 3802 ote
802 3752 934 3814 Davisius,
950 3755 1131 3821 praeeuntibus
1150 3759 1265 3810 Munatio

193 3816 231 3866 rei
245 3816 341 3883 aliquid
354 3814 520 3881 circumdare,
528 3817 567 3868 uti
581 3817 605 3868 h.
618 3819 637 3869 l.
645 3819 711 3888 sos·
742 3819 909 3882 etLambino,
920 3820 1013 3872 eMed.
1023 3832 1050 3872 et
1057 3824 1121 3875 Bnk.
1129 3824 1216 3876 edidit
1222 3842 1265 3894 pro

191 3884 332 3945 eamlecto.
339 3885 371 3935 V.
377 3883 586 3937 Rumsbornhaa.
593 3888 709 3939 Gramm.
741 3888 847 3954 vulgato
862 3887 1002 3952 iudicavit,
1019 3889 1209 3957 quodretiuuit
1220 3896 1267 3945 Er·

194 3953 217 4023 §.
231 3955 288 4009 122.
303 3970 330 4020 p.
346 3955 405 4008 212.
421 3968 461 4018 sq.
743 3955 847 4005 nestius.
866 3954 936 4006 ct—c.
944 3960 986 4018 21,
995 3960 1036 4016 62.
1050 3958 1156 4010 Satisne
1167 3960 1267 4011 videtur

241 4023 284 4077 60.
335 4019 406 4069 idem
421 4018 499 4084 certe)
522 4020 633 4083 Quidem
648 4038 710 4088 per-
742 4022 896 4073 declarasse
913 4023 1064 4092 Dionysius,
1090 4025 1157 4077 nibil
1173 4027 1266 4079 essaei

191 4084 288 4136 tineta
328 4086 399 4137 huic.
422 4085 528 4153 Saepius
550 4089 619 4155 apud
634 4088 709 4140 Cice·
741 4090 851 4152 beatum,
867 4091 907 4140 cui
917 4109 1017 4161 semper
1028 4091 1109 4161 aliqui
1118 4104 1209 4147 terror
1217 4097 1266 4146 im-

189 4169 278 4203 runem
292 4153 341 4205 boe
356 4153 422 4204 durae
442 4152 585 4218 particulae
606 4155 708 4207 iunctae
739 4157 859 4226 pendeat.
942 4170 945 4175 ¹

187 4220 357 4288 reperiuntur.
374 4221 407 4273 de
428 4219 501 4272 Offic.
521 4223 542 4273 1.
557 4226 599 4282 39.
622 4222 708 4277 Volu·
790 4226 935 4293 Donrocle)
957 4226 1001 4279 Sic
1021 4224 1131 4280 dieitur:
1161 4247 1178 4282 o
1193 4231 1266 4284 cert-
