2640 4626
170 202 173 209 ’
192 204 215 274 4
599 204 861 306 PROlAEGOMENd.

190 360 197 365 ·
279 336 364 397 Inter
379 355 429 395 eos
443 333 654 414 philosophos,
677 354 752 413 quos
767 335 897 396 maxime
911 335 1055 415 probavit
1069 336 1183 412 Cicero,
1204 340 1289 416 pri-¹

193 459 278 501 mum
293 439 395 497 locum
416 438 532 499 obtinet
545 437 647 496 Plato:
671 438 756 496 cuius
773 436 1000 518 philosophiam
1014 447 1108 498 totam
1125 439 1176 497 vel
1192 448 1274 498 certa

193 541 356 601 maximam
376 540 439 600 eius
462 549 580 620 partem
597 538 681 598 haud
700 539 791 598 dubie
808 540 868 621 sibi
883 540 1081 616 vindicasset,
1109 540 1274 619 latinisque

193 643 303 704 litteris
317 643 509 718 illustrasset,
532 643 558 700 si
573 652 603 701 et
615 643 821 700 Romanorum
833 641 956 719 ingenia
972 642 1042 702 satis
1058 642 1180 702 exculta
1194 642 1273 703 iuis·

193 736 261 805 sent
278 745 317 803 ad
331 745 415 804 illius
433 745 650 804 sublimitatem
665 752 755 821 atque
771 744 973 805 excelsitatem
986 743 1221 824 percipiendam,
1244 753 1274 804 et

189 848 258 927 ipse
280 856 376 906 totam
401 846 465 907 eius
485 846 683 906 subtilitatem
695 855 800 906 *mente
822 866 877 907 stra
899 846 1093 926 concepisset.
1136 846 1272 906 Platonis

195 948 405 1009 auctoritatem
424 949 459 1007 in
477 949 518 1007 ais
535 948 725 1027 potissimum
741 957 886 1027 sequutus
901 957 964 1024 est,
987 968 1064 1026 quae
1080 948 1124 1008 ad
1146 958 1272 1008 naturae

59 1092 63 1101 ·
166 1062 170 1069 ‘
195 1050 396 1128 cognitionem
413 1048 574 1132 (physica),
597 1059 627 1110 et
641 1049 680 1108 ad
694 1049 1136 1110 animorum-immortalitatem
1151 1061 1271 1129 specta·

194 1161 272 1213 rent.
310 1154 482 1212 Secundum
498 1151 724 1231 philosophiam
741 1153 924 1231 platonicam
940 1152 1069 1213 maxime
1079 1153 1272 1231 amplexatus

195 1264 240 1315 est
257 1252 429 1313 Stoicorum
448 1253 658 1333 disciplinam,
686 1253 720 1311 in
744 1253 851 1333 primis
876 1254 986 1330 iniis,
1020 1274 1096 1332 quae
1117 1254 1272 1334 praeclare

195 1356 241 1415 ab'
253 1355 321 1414 illis'
336 1355 449 1434 scripta
471 1366 557 1416 erant
572 1355 616 1415 -de
631 1356 739 1415 morali
757 1355 913 1431 doctrina,
943 1354 981 1416 de
997 1356 1071 1434 legis
1086 1366 1211 1430 natura,
1235 1354 1273 1413 de

196 1456 413 1516 conformanda
437 1446 626 1536 republica.
671 1457 736 1516 Etsi
753 1456 837 1516 haud
854 1477 924 1516 raro
943 1457 1113 1518 Stoicorum
1131 1456 1271 1536 philoso-

194 1556 299 1637 phiam
313 1556 508 1618 vehementer
522 1558 696 1637 aggreditur
710 1567 799 1636 atque
812 1559 1009 1638 perstringit,
1029 1569 1131 1619 tamen
1148 1559 1271 1617 omnino

155 1646 158 1651 ’
195 1659 233 1719 de
249 1660 304 1718 illa
322 1659 479 1738 magnifice
490 1662 588 1721 sentit
595 1706 604 1737 ,
633 1660 757 1738 eiusque
776 1661 939 1720 sententias
959 1662 1174 1722 excelsissimas
1191 1660 1272 1719 inter

195 1761 277 1822 cives
296 1781 365 1821 suos
385 1762 542 1840 divulgare
558 1773 587 1822 et
601 1782 770 1842 propagare
781 1761 900 1840 studet,
919 1782 1017 1842 neque
1035 1784 1083 1823 eas
1100 1763 1195 1841 ipsas,
1218 1760 1271 1821 sed

195 1864 306 1941 quibus
322 1885 370 1923 eas
386 1864 506 1923 firmare
524 1864 697 1942 satagebant
715 1873 904 1942 argumenta,
936 1865 1107 1943 longissime
1124 1883 1270 1923 nonnun-

195 1985 286 2041 quam
307 1967 464 2042 arcessita,
483 1964 688 2045 reprehendit.

415 2130 426 2171 t

387 2221 445 2280 III.
490 2223 540 2278 De
565 2221 720 2281 Ciceronis
735 2221 936 2301 philosophia
957 2225 1078 2283 morali.

280 2371 401 2432 Veteres
416 2371 641 2452 philosophiam
657 2375 693 2432 in
705 2384 770 2434 'tres
786 2384 888 2454 partes
904 2374 1099 2450 dividebant,
1125 2373 1270 2433 dialecti·

195 2493 277 2550 cam,
299 2472 474 2553 physicam,
498 2474 636 2536 ethicam.
679 2476 716 2533 ln
734 2495 916 2554 unaquaque
934 2487 1020 2556 parte
1039 2478 1143 2538 Cicero
1165 2477 1270 2536 elabo-

193 2576 285 2649 ravit,
307 2585 337 2634 et
350 2576 592 2656 egregia'scripta
602 2576 735 2654 reliquit.
779 2578 1053 2640 Praestantissimus
1066 2589 1168 2640 autem
1181 2588 1271 2654 atque

191 2660 420 2757 pulcherrimus
437 2676 645 2739 ciceronianae
659 2677 869 2757 philosophiae
885 2680 972 2738 locus
992 2680 1057 2739 sine
1079 2678 1173 2739 dubio
1196 2699 1270 2738 cen-

193 2777 306 2840 sendus
330 2788 375 2839 est
398 2779 443 2854 is,
474 2779 528 2857 qui
546 2788 590 2838 est
610 2779 647 2838 de
664 2780 846 2858 moralibus,
877 2791 907 2840 et
929 2781 1013 2859 quod
1033 2782 1068 2839 in
1092 2780 1270 2860 exponenda

193 2878 253 2940 hac
268 2880 409 2940 domnna
423 2880 612 2940 sanissimum
631 2901 690 2959 quo
705 2881 789 2943 illius
804 2883 959 2962 ingenium
973 2882 1108 2962 pollebat
1122 2882 1270 2942 iudicium

192 2981 350 3063 praeclare
374 2966 526 3058 enitescit,
557 2992 587 3042 et
609 3003 681 3042 vero
703 2984 806 3060 etiam,
836 2984 919 3063 quod
938 2982 1139 3064 philosophus
1157 2994 1269 3060 noster,

195 3103 393 3163 quaecunque
413 3082 523 3142 eximia
541 3083 640 3144 adhuc
652 3107 678 3157 ,a
694 3086 808 3162 graems
822 3084 1013 3165 philosophis
1032 3086 1069 3145 de
1085 3087 1194 3145 morali
1210 3087 1269 3146 do·

194 3185 293 3245 ctrina
316 3194 401 3245 erant
423 3184 592 3263 disputata,
617 3196 829 3266 perscrutatus
846 3187 946 3265 eisque
965 3187 1116 3266 eleganter
1130 3188 1268 3267 pruden-

192 3296 300 3365 terque
323 3306 415 3363 usus,
445 3287 696 3365 praeclarissimas
716 3289 751 3347 in
773 3289 893 3366 scriptis
917 3289 979 3348 suis
1000 3290 1166 3350 moralibus
1192 3311 1267 3349 con-

91 3426 95 3435 ·
194 3388 328 3468 signavit
358 3388 534 3464 sententias,
569 3399 599 3449 et
626 3390 796 3470 complures
824 3389 915 3450 huius
946 3390 1102 3452 doctrinae
1130 3392 1268 3452 notiones

161 3540 164 3545 .
192 3491 394 3571 principales,
416 3491 549 3551 excussis
566 3493 705 3571 interque
715 3513 752 3552 se
771 3493 951 3572 comparatis
967 3494 1126 3553 contrariis
1142 3513 1266 3571 graeco-

192 3612 265 3654 rum
281 3590 533 3672 philosophorum
551 3593 693 3671 decretis,
711 3593 844 3655 clariore
862 3595 931 3654 luce
947 3594 1140 3656 illuminavit.

278 3693 316 3752 ln
330 3694 494 3755 moralibus
510 3696 629 3756 Tullius
647 3696 824 3776 principum
837 3696 1095 3774 Academicorum,
1116 3698 1268 3758 Arcesilae

83 3798 86 3803 ‘
192 3806 223 3857 at
246 3796 424 3873 Carneadis,
456 3818 540 3858 more
560 3798 771 3878 probabilitati
796 3799 962 3857 marimum
984 3799 1086 3858 locum
1110 3802 1266 3860 concessit.

191 3896 291 3957 Multa
312 3898 391 3958 enim
418 3899 588 3978 probabilia
618 3919 680 3959 esse
708 3899 873 3976 iudicavit,
905 3921 980 3978 quae
1001 3921 1182 3978 quamquam
1203 3924 1267 3962 non

189 4000 435 4079 perciperentur,
455 4010 566 4077 tamen,
584 4001 660 4079 -quia
674 4001 775 4062 visum
790 4000 938 4063 haberent
956 4003 1105 4079 quendam
1118 4004 1267 4081 insignem

191 4110 222 4162 et
233 4102 392 4180 illustrem,
415 4100 465 4160 his
477 4103 619 4180 sapientis
632 4104 727 4163 vitam
741 4105 806 4182 regi
818 4124 915 4183 posse.
952 4104 1015 4164 Iam
1031 4124 1122 4184 supra
1138 4105 1266 4166 demon-

188 4205 367 4281 stravimus,
399 4204 433 4261 in
461 4205 570 4264 morali
598 4206 737 4267 doctrina
759 4207 934 4268 Ciceronem
960 4208 1123 4267 maximam
1148 4218 1266 4287 partem
