2640 4626
191 208 254 278 198
410 191 719 272 'rmomsnsnmt
733 215 1016 270 orsaorsrmrtuu

96 327 101 340 ’
191 335 277 411 nihil
309 333 415 433 magis
449 335 687 434 expetendum,
712 333 797 407 nihil
827 331 1049 433 praestantius
1073 329 1273 418 honoribus,

193 438 366 539 imperiis,
390 436 547 537 populari
581 437 686 537 gloria
707 436 944 511 iudicaverunt.
970 435 1143 534 adquam
1170 432 1273 507 sertor

195 542 342 641 optimus
370 539 529 640 quisqne3
561 568 738 638 veramque
761 537 850 611 illam
876 539 1082 611 honestatem
1105 553 1273 636 expetens,

92 732 112 749 ..
136 666 141 677 “
194 648 296 743 quam
319 649 448 714 unam⁸
476 658 594 715 natura
618 642 759 715 maxime
780 640 938 740 inquirit,
963 640 999 713 in
1018 667 1152 713 summa
1165 639 1273 712 inani-

142 744 148 757 ’
194 761 261 819 tate
268 761 426 831 versatur,
444 761 716 844 consectaturque
731 742 855 819 nullam
870 743 1069 817 eminentem
1083 740 1232 839 effigiem
1244 751 1273 829 ⁹,

197 848 258 922 sed
271 847 500 921 adumbratam
516 847 694 945 imaginem
708 845 842 944 gloriae.
892 846 953 919 Est
967 844 1057 918 enim
1074 842 1197 942 gloria,
1222 871 1272 916 so·

104 1022 108 1028 .
195 949 266 1024 lida
292 949 454 1049 quaedam
482 977 537 1022 res
572 966 604 1022 et
631 976 804 1050 expressa,
830 966 902 1021 nou
927 946 1143 1021 adumbrata:
1171 973 1212 1021 ea
1227 961 1273 1019 est

197 1053 407 1126 consentiens
431 1052 503 1124 lans
520 1052 703 1139 bonomm‚
728 1051 921 1150 incorrupta
938 1077 1001 1122 vox
1018 1049 1104 1122 bene
1119 1048 1271 1122 iudican-

196 1154 279 1227 tium
292 1154 346 1228 ‘de
371 1153 546 1228 excellente
572 1154 710 1228 virtute:
737 1180 776 1226 ea
798 1152 911 1226 virtuti
927 1167 1078 1239 resonat,
1103 1167 1272 1251 tamquam

198 1256 319 1355 imago.
345 1284 428 1355 quae
455 1257 533 1357 quia
552 1273 640 1332 recte
664 1256 827 1329 factorum
852 1254 1047 1354 plerumque
1075 1281 1190 1327 comes
1211 1269 1272 1340 est,

116 1422 118 1431 .
197 1386 267 1432 non
292 1374 341 1431 est
364 1358 465 1432 bonis
481 1359 561 1433 viris
580 1350 796 1459 repudianda.
846 1362 879 1436 ll.
905 1355 965 1429 llla
979 1373 1107 1445 autem,
1133 1384 1223 1456 quae
1239 1383 1272 1430 se

198 1460 269 1535 eius
293 1460 500 1535 imitatricem
519 1488 591 1535 esse
606 1456 690 1550 volt,
714 1462 887 1539 temeraria
902 1475 999 1558 atque
1015 1457 1272 1546 inconsiderata,

107 1597 111 1608 ·
198 1580 231 1639 et
262 1562 456 1662 plerumque
488 1579 701 1662 peccatorum
727 1648 736 1657 ..
856 1588 955 1661 mque
978 1559 1161 1648 laudatrix,
1189 1560 1273 1634 fama

197 1664 390 1766 popularis,
416 1664 625 1739 simulatione
649 1561 855 1825 10*
854 1663 996 1737 formam
1033 1663 1104 1738 eius
1126 1661 1273 1764 pulchri-

265 1885 334 1942 BV.
351 1882 418 1935 adn.
454 1884 521 1943 9v.
539 1884 604 1936 sdn.

200 2010 243 2052 cet
252 2011 314 2069 post
327 2001 485 2071 magistrum
491 2003 617 2072 populum
628 2000 716 2072 paullo
751 2001 830 2054 tentis
854 2002 950 2051 viribus
974 2001 1032 2053 niti.
1075 1999 1116 2051 Cf.
1141 1999 1273 2053 Adnotatu

200 2079 260 2118 ante
274 2075 526 2119 commemoratum.“
750 2070 778 2121 in
793 2072 813 2120 l.
831 2074 880 2134 16,
896 2073 939 2128 36.

242 2133 348 2204 sertor)
373 2138 455 2187 Ferri
477 2137 515 2186 ad
536 2137 640 2205 aliquid
655 2137 718 2195 ,ele-
803 2138 958 2187 enu'nentem
974 2164 1006 2174 -
1026 2151 1078 2184 reon
1101 2133 1273 2200 ndunrbrato)

200 2213 293 2269 gauter
307 2202 410 2265 dicitur,
429 2203 473 2271 qui
487 2202 651 2256 vehementer
667 2203 718 2254 ali-
751 2205 889 2271 Eleganter
914 2203 1003 2254 Cicero
1032 2202 1215 2282 metaphoram
1244 2219 1271 2253 ex

202 2269 264 2338 quid
286 2268 395 2339 appetit.
438 2270 480 2329 sic,
504 2274 601 2323 Graece
624 2271 719 2322 dicitur
753 2271 894 2341 sorrlptoria
909 2271 1018 2350 petitam
1032 2287 1078 2339 per
1092 2269 1209 2337 singulas
1224 2269 1270 2320 ba-

201 2334 340 2417 φέρευθαι
364 2338 409 2390 inl
424 2356 460 2390 τι.
497 2340 630 2390 Sententia
646 2337 720 2388 huius
752 2340 792 2390 ius
804 2348 947 2389 sententiae
960 2355 1035 2388 voces
1046 2346 1219 2406 persequutus
1229 2347 1273 2388 est.

201 2405 254 2455 loci
269 2416 310 2455 est
322 2405 399 2455 haec:
418 2405 535 2474 Optimus
550 2407 655 2476 quisque
670 2423 721 2455 na-
754 2409 883 2458 Eminens
898 2404 949 2474 ef
969 2407 1009 2455 ies
1024 2414 1064 2455 est
1076 2414 1166 2455 statua
1181 2415 1272 2467 erecta,

201 2484 260 2523 tura
277 2471 310 2522 ad
329 2473 436 2539 gloriam
455 2474 548 2533 fertum
575 2483 617 2536 at,
645 2488 721 2540 quum
754 2474 881 2527 sublimis:
908 2491 939 2523 ea
958 2489 1048 2540 emque
1064 2471 1160 2522 dicitur
1178 2473 1272 2533 solida,

201 2557 287 2591 teram
300 2540 409 2607 gloriam
423 2541 450 2589 in
465 2539 618 2603 honoribus,
634 2541 720 2607 impe·
753 2542 780 2593 h.
795 2559 817 2591 e.
832 2559 846 2590 e
860 2541 933 2591 firma
947 2539 1054 2590 materia
1071 2540 1232 2606 composita,
1250 2551 1273 2590 et

202 2607 260 2670 riis,
279 2607 398 2675 populari
413 2607 494 2674 gloria
510 2608 620 2676 positam
634 2616 720 2675 putat,
755 2611 890 2679 expressa,
907 2608 933 2659 h.
949 2624 971 2658 e.
984 2607 1062 2675 plane
1076 2607 1223 2671 elaborata,
1240 2618 1273 2668 nt,

203 2692 218 2724 a
249 2692 310 2725 vera
338 2674 421 2740 gloria
448 2692 557 2744 veraque
584 2675 721 2725 honestate
772 2693 829 2727 uem
845 2677 975 2736 referant,
992 2673 1080 2724 statim
1098 2674 1171 2724 cerni
1187 2675 1274 2743 possit

202 2743 305 2793 aberrat
318 2741 512 2807 longissime.-
543 2743 660 2792 Ceterum
674 2757 721 2808 per
753 2696 785 2797 i.
802 2743 903 2793 Ernesti
921 2742 992 2792 Clar.
1009 2741 1127 2791 Ciceros.
1143 2759 1165 2791 a.
1183 2760 1210 2793 v.
1230 2760 1275 2792 ex-

202 2811 332 2878 imperr'a,
353 2825 418 2875 quae
432 2808 475 2859 hio
492 2819 657 2878 opponuntur
670 2810 720 2858 lto-
750 2828 871 2882 pressus.
898 2809 939 2861 Sic
954 2810 1023 2860 Cael.
1037 2816 1063 2867 5.
1079 2825 1134 2858 non
1147 2825 1276 2880 expresso

202 2876 325 2938 rioribus,
350 2875 517 2942 intelligenda
532 2887 592 2927 sunt
607 2877 722 2946 imperio
754 2881 837 2950 signa
868 2879 917 2929 sed
949 2876 1108 2927 adumbrata
1138 2878 1274 2929 virmmm

203 2945 343 2996 militaria.
371 2944 515 3012 Imperium
530 2944 631 3012 quidem
647 2960 721 2994 com·
755 2947 851 2997 Contra
866 2945 1026 2997 adumbrato
1039 2945 1131 3014 imago
1144 2955 1190 2996 est
1204 2960 1276 2998 σκια·

202 3012 326 3082 plectitur
341 3019 368 3059 et
385 3011 472 3061 civiles
491 3021 517 3062 et
532 3012 654 3063 militares
668 3011 721 3061 ho·
753 3016 899 3083 γράφημα,
917 3012 945 3065 lt.
958 3030 980 3064 e.
998 3011 1120 3063 inchoata
1135 3012 1275 3082 descriptio

203 3095 295 3137 nores;
319 3076 379 3138 sed,
406 3096 483 3146 qaum
502 3079 656 3147 opponitur,
683 3078 722 3129 uti
754 3100 774 3132 s.
801 3081 938 3132 delineatio
964 3079 1065 3130 futurae
1087 3089 1202 3132 statuae.
1238 3079 1276 3130 Gi.

203 3146 260 3207 bic,
279 3145 434 3207 honoribus,
452 3147 559 3210 vel„uti
573 3147 643 3206 alias,
662 3164 722 3196 ma-
755 3149 835 3200 Beier.
854 3150 886 3199 ad
902 3148 975 3198 offic.
990 3150 1034 3198 111.
1051 3151 1093 3209 17,
1112 3151 1155 3205 69.
1174 3166 1206 3216 p.
1218 3152 1276 3208 310.

202 3213 377 3284 gistratibus,
395 3230 495 3282 semper
509 3213 669 3264 referendum
682 3223 723 3264 eat
755 3242 790 3257 -
807 3217 924 3266 Ceterum
942 3225 1003 3283 post
1015 3233 1040 3265 v.
1057 3213 1184 3286 effigiem
1199 3216 1276 3282 vulgo

204 3281 239 3332 ad
260 3280 383 3331 militares
405 3280 525 3332 honores.
565 3283 597 3333 V.
611 3281 719 3332 Ernesti.
753 3284 887 3349 legebatur
902 3282 1027 3333 virtutis:
1044 3300 1120 3350 quam
1135 3300 1230 3335 vocem
1246 3284 1277 3332 de

204 3349 274 3399 Clav.
293 3348 409 3401 Ciceron.
426 3367 445 3399 s.
464 3367 489 3400 v.
514 3351 667 3419 imperium,
694 3358 722 3398 et
754 3351 864 3402 Bentleii
878 3349 1007 3401 sententia
1020 3349 1090 3400 uncis
1105 3367 1212 3418 sepsere
1223 3351 1276 3402 Da-

204 3415 287 3466 Bremi
319 3417 352 3466 ad
378 3417 479 3467 Gornel.
510 3419 576 3487 Nep.
608 3416 720 3470 Miltiad.
754 3419 847 3480 risina,
872 3417 1021 3480 Ernestius,
1048 3417 1177 3480 Orellins,
1202 3418 1277 3486 plane

203 3485 320 3548 v111,2.
344 3504 369 3552 p.
386 3489 428 3542 31.
755 3485 955 3537 extemiuavere
988 3501 1045 3535 cum
1076 3485 1140 3536 cod.
1177 3484 1275 3537 Balliol.

207 3554 210 3561 '
272 3569 332 3601 nom
348 3569 428 3602 unam
449 3552 562 3619 natura)
588 3553 631 3602 Sic
651 3563 722 3602 recte
755 3554 868 3605 Wolfius
900 3564 928 3603 et
953 3551 1116 3616 Schuetaius,
1146 3552 1277 3620 probante

204 3570 339 3681 edidernnt
351 3621 488 3682 Manutius,
506 3619 651 3682 Lambinus,
667 3624 722 3671 Da·
756 3621 862 3684 Orellio,
881 3621 922 3690 qui
939 3620 1003 3670 baec
1016 3620 1103 3670 addit:
1122 3636 1198 3683 „non
1212 3619 1277 3671 enim

204 3686 291 3736 visiun.
335 3687 448 3752 Vulgata
469 3689 548 3738 habet
571 3706 650 3757 quom
672 3705 723 3738 una
756 3686 866 3740 sufficiat
888 3687 999 3770 effigies
1023 3689 1135 3741 virtutis
1158 3685 1276 3756 sapienti,

205 3765 312 3813 natura,
326 3755 455 3804 sententia
469 3757 641 3822 refragrante3
655 3772 723 3818 nam,
756 3755 877 3809 uirtutem
893 3774 975 3824 ipsam
992 3755 1153 3823 expetenti.“

205 3820 244 3870 uti
257 3831 327 3871 recte
344 3823 583 3884 mouetBentleius,
600 3840 653 3873 non
666 3823 724 3873 sola
805 3836 933 3894 tunquam
961 3825 1065 3894 imago)
1106 3838 1170 3892 pro:
1207 3822 1276 3875 vocis

205 3897 298 3938 natura
311 3888 475 3939 honestatem
490 3889 602 3956 expetit,
628 3891 675 3942 sed
696 3898 724 3940 et
756 3891 854 3962 imago.
878 3894 971 3943 Horat.
988 3894 1007 3941 Ι.
1021 3897 1069 3954 12,
1087 3892 1113 3948 4.
1138 3892 1218 3942 cuius
1232 3909 1275 3941 re-

205 3954 386 4025 philosophia,
405 3964 431 4005 et
444 3965 516 4006 recta
533 3957 615 4021 ratio,
632 3958 722 4009 virtus.
757 3961 828 4010 sinet
855 3960 945 4011 iocosa
968 3959 1072 4010 Nomen
1096 3959 1152 4009 imo
1173 3976 1206 4009 o:
1235 3955 1273 4007 ubi

254 4024 389 4092 inquirit)
433 4023 514 4075 multo
549 4025 651 4092 gravius
684 4033 724 4075 est
756 3977 1273 4096 plnracomparavitMitscherliois,prae-

206 4109 281 4160 quam
296 4090 403 4159 simplex
436 4093 531 4143 uoerie.
757 4103 848 4163 oeptor
863 4094 905 4161 pie
923 4094 1054 4145 colendus.

255 4109 435 4225 consecraturi
450 4163 482 4211 ll.
497 4178 519 4211 e.
536 4160 664 4211 contentis
680 4160 723 4210 ri·
807 4164 832 4221 1.
850 4180 918 4233 quoe
933 4180 963 4212 se
973 4192 1006 4201 -
1019 4180 1077 4214 esse
1092 4163 1163 4231 vult)
1182 4159 1271 4217 Md-

192 4226 267 4280 n'bus
279 4237 408 4282 sectatur.
430 4227 475 4283 sic
490 4229 593 4282 conniti
606 4237 647 4280 est
659 4245 726 4281 son·
758 4239 853 4282 notata
865 4229 896 4282 in
909 4232 944 4281 ll.
955 4233 1006 4293 24,
1022 4234 1064 4289 58-
