2640 4626
551 221 727 274 uraruv.
745 224 787 279 37.
1138 214 1202 282 365

132 368 248 416 corum
265 367 363 443 mam
376 355 491 412 nostra
509 339 673 440 prolerre)
696 367 807 411 nonne
829 339 872 412 oh
888 367 960 413 eam
983 367 1131 414 caussam
1151 371 1205 416 exa

130 444 248 545 pulsus
276 459 325 516 est
348 442 482 541 patria,
516 442 606 541 quod
632 458 763 541 praeter
791 442 928 516 modum
958 443 1064 516 iustus
1096 446 1205 519 esset?

131 545 276 644 Quantis
297 544 399 642 igitur
412 544 571 617 molestiis
586 556 712 631 vacant,
730 543 787 643 qui
802 543 886 616 nihil
901 546 1037 618 omnino
1051 575 1126 619 eum
1141 575 1204 647 po-

129 648 212 749 pulo
228 647 447 720 contrahunt?
473 647 555 745 quid
570 662 619 718 est
630 647 725 718 'enim
741 645 870 719 dulcius
885 648 952 719 otio
970 647 1111 721 litterato
1119 651 1137 723 i.
1160 650 1203 722 iis

132 752 209 825 dico
232 749 368 837 litteris,
394 748 517 848 quibus
538 748 732 825 infinitatem
750 776 861 822 rerum
878 766 974 850 atque
989 767 1145 841 naturae,
1171 768 1203 825 et

131 854 167 927 in
180 854 245 926 hoc
265 852 339 952 ipso
359 852 485 924 mundo
506 850 643 939 coelum,
668 867 782 939 terras,
807 852 912 924 maria
937 854 1177 950 cognoscimus.

232 955 405 1028 XXXVII.
459 962 539 1033 106.
573 954 769 1071 Contempto
785 953 887 1055 igitur
901 953 1038 1043 honore,
1056 972 1202 1031 coutem-

129 1076 189 1160 pta
203 1058 298 1132 etiam
316 1055 467 1156 pecunia,
488 1055 569 1154 quid
583 1055 789 1154 relinqmtur,
815 1056 906 1155 quod
924 1058 1202 1132 extimescendum

131 1162 199 1234 sit?
225 1159 385 1246 exsilium,
411 1158 521 1244 credo,
548 1158 638 1255 quod
653 1150 688 1230 in
703 1159 855 1231 maximis
870 1157 965 1232 malis
983 1160 1121 1233 ducitur.
1160 1161 1202 1234 ld

129 1264 161 1338 si
180 1279 317 1363 propter
334 1260 473 1333 alienam
493 1272 524 1331 et
539 1259 700 1333 offensam
718 1259 835 1361 populi
858 1260 1057 1363 voluntatem
1077 1262 1202 1337 malum

130 1381 196 1450 est:
224 1391 321 1463 quam
343 1363 386 1461 sit
413 1361 732 1462 ea‘coutemnenda,
757 1362 869 1462 paullo
891 1364 1115 1443 antedictum
1144 1381 1201 1438 est

129 1467 191 1540 Sin
208 1465 322 1540 abesse
337 1464 446 1564 patria
461 1463 617 1536 miserum
639 1480 697 1551 est,
722 1464 838 1566 plenae
852 1465 1049 1539 miserorum
1065 1467 1202 1566 provin-

115 1552 200 1644 ⁸ciac
218 1584 311 1655 sunt;
337 1595 376 1640 cx
402 1565 524 1665 quibus
547 1564 727 1638 admodum
748 1567 846 1666 pauci
874 1567 907 1638 in
927 1558 1068 1667 patriam
1092 1597 1201 1642 rever-

130 1662 250 1744 tuntur.
269 1713 315 1726 -
351 1670 397 1741 At
411 1667 590 1740 multantur
611 1667 710 1740 bonis
730 1668 879 1759 exsules·
892 1714 939 1726 -
985 1676 1065 1749 107.
1106 1670 1201 1767 Quid

128 1775 224 1846 tum?
248 1798 409 1872 parumne
432 1769 533 1842 multa
555 1769 596 1842 de
617 1768 790 1843 toleranda
808 1787 1000 1872 paupertate
1023 1768 1201 1846 dicuntur?

128 1877 201 1948 lam
221 1885 298 1948 v'ero
325 1871 494 1961 exsilium,
518 1872 547 1944 si
569 1886 679 1946 rerum
701 1890 870 1962 naturam,
893 1901 963 1945 uon
982 1873 1200 1971 ignominiam

130 1976 274 2050 nominis
290 1975 490 2074 quaerimus,
514 1990 673 2074 quantum
691 1976 824 2048 demum
842 2005 860 2048 a
874 1984 1039 2075 perpetua'
1052 1978 1201 2076 peregri·

130 2079 262 2152 natione
282 2077 417 2150 diflert?
443 2077 568 2176 inqua
594 2093 714 2155 aetates
739 2105 815 2150 suas
839 2076 1032 2177 philosophi
1059 2077 1200 2152 nobilis-

128 2181 205 2254 simi
221 2195 507 2279 consumpserunt,
532 2182 746 2267 Xenocrates,
771 2181 921 2267 Crantor,
942 2179 1119 2266 Arcesilas,
1136 2183 1200 2256 La-

129 2284 240 2402 cydes,
256 2281 463 2368 Aristoteles,
479 2281 740 2380 Theophrastus,
765 2284 865 2370 Zeno,
890 2281 1073 2372 Cleanthes,
1092 2283 1200 2387 Chry-

127 2413 267 2485 sippus,
290 2385 482 2484 Antipater,
509 2383 713 2472 Carneades,
737 2383 930 2471 Panaetius,
963 2383 1217 2475 Clitomachus,

125 2487 243 2576 Philo,
268 2486 475 2574 Antiochus,
499 2482 721 2572 Posidonius,
755 2485 1012 2560 innumerabiles
1037 2486 1114 2565 alii:
1140 2489 1199 2587 qni

127 2590 229 2664 semel
252 2589 394 2686 egressi,
419 2615 600 2687 numquam
623 2588 991 2663 domumrevcrtere1.
1039 2589 1086 2664 At
1110 2592 1199 2665 enim

126 2721 196 2764 non
216 2693 287 2765 sine
303 2691 512 2789 ignominia.
536 2689 688 2764 .-alhcere
710 2691 891 2790 sapientem
907 2693 952 2766 ²?
977 2691 1019 2764 de
1048 2693 1198 2793 sapiente

194 2849 209 2903 1
227 2844 268 2894 Sic
286 2840 379 2911 vulgo,
397 2852 487 2893 contra
502 2840 583 2892 Tullii
604 2858 691 2916 usum,
708 2844 747 2893 uti
768 2844 857 2894 monet
873 2846 915 2894 Or.
931 2843 974 2912 qui
987 2861 1009 2895 c.
1025 2844 1057 2895 R.
1073 2845 1108 2894 D.·
1127 2842 1198 2895 dedit

125 2923 299 2964 reverterunt.
350 2912 415 2968 2V.
434 2909 500 2962 Adn.
1027 2944 1033 2951 .
1062 2948 1064 2959 ,

178 3012 327 3079 Aristides)
346 3009 445 3060 Comei.
460 3009 527 3077 Nep.
541 3008 645 3061 Aristid.
679 3009 798 3072 retinnit,
823 3010 909 3061 deleta
929 3020 1019 3061 tamen·
1034 3011 1198 3064 distinmione

126 3098 183 3148 esp.
200 3083 220 3130 1.
678 3087 738 3145 post
751 3080 817 3129 sine.
841 3077 922 3147 Codd,
941 3077 1041 3146 aliquot
1058 3089 1086 3130 et
1102 3080 1199 3131 multae

178 3147 222 3203 liis
236 3148 295 3199 dieo
311 3146 428 3211 litteris)
445 3161 508 3212 pro:
525 3143 571 3195 has
586 3143 645 3194 dico
678 3143 742 3194 Edd.
760 3155 824 3195 vett.
834 3145 997 3213 praeferunt:
1017 3158 1046 3196 at
1061 3149 1131 3197 enim
1145 3165 1198 3198 non

125 3216 234 3267 litterae.
267 3217 337 3264 Inest
351 3213 378 3262 in
394 3212 444 3262 hac
459 3222 586 3262 structura
603 3222 646 3263 at·
679 3213 738 3261 sine
759 3213 771 3263 i
791 3215 910 3265 nominia
933 3211 1046 3283 officere
1059 3228 1114 3284 pot.
1137 3233 1196 3285 sap.

125 3281 219 3332 tractio
253 3278 399 3350 quaedam,
437 3278 646 3348 praecedentibus
678 3232 868 3330 Undeiaullus
882 3282 1010 3331 Manutius
1025 3281 1093 3333 hunc
1112 3284 1198 3333 locum

124 3348 259 3409 ablatit’is:
276 3351 329 3399 otio
340 3348 492 3399 litterato..
678 3347 739 3396 satis
756 3347 924 3414 probabiliter
939 3349 976 3400 sic
992 3350 1133 3417 supplevit:
1160 3353 1198 3401 Ae

178 3416 237 3467 Gar.
253 3417 392 3468 XXXVII.
409 3419 468 3473 106.
485 3414 571 3482 credo)
589 3413 645 3466 iro-
678 3416 749 3464 enim
768 3430 820 3464 non
840 3417 900 3465 sine
921 3417 1077 3486 ignominia.
1111 3418 1197 3487 Igno-

125 3483 192 3533 niee.
679 3482 763 3543 minio
783 3481 895 3600 apfieere
914 3484 1013 3551 poterit
1030 3484 1196 3552 sapientem?

157 3550 304 3615 alienam)
322 3551 355 3599 H.
372 3568 393 3601 e.
417 3549 593 3601 abalienatam.
677 3550 704 3598 Si
719 3566 779 3600 vero
806 3549 930 3600 sotionem
944 3551 975 3600 ab
990 3550 1106 3601 Ernestio
1121 3569 1196 3602 rece-

173 3619 266 3687 paullo
279 3618 360 3682 ante)
378 3618 409 3667 V.
429 3635 484 3684 cap.
502 3622 542 3676 36.
676 3627 747 3684 ptam
770 3617 911 3686 sequimur,
941 3617 992 3668 loci
1012 3618 1138 3670 sententia
1158 3619 1196 3669 sic

176 3690 233 3744 107.
251 3690 288 3736 At
303 3686 374 3735 enim
389 3702 441 3734 non
454 3687 513 3735 sine
526 3685 644 3763 ignomi-
677 3685 800 3752 compleri
824 3684 934 3754 poterit:
975 3688 1013 3736 At
1044 3687 1114 3735 enim
1137 3688 1197 3737 sine

123 3751 644 3821 nia-afficeresapientem?)SrcWol·
675 3752 833 3820 ignominia.
851 3753 1004 3822 Ignominia
1018 3752 1131 3820 afficere
1164 3772 1195 3805 o-

121 3822 170 3870 fius
184 3819 252 3870 hunc
266 3820 350 3870 locum
371 3819 481 3886 scripsit.
515 3818 643 3877 Ernestius
675 3822 741 3870 terit
758 3820 926 3889 sapientem?
943 3820 1011 3888 quod
1023 3820 1130 3871 Orellius
1142 3771 1196 3872 hoc

123 3905 181 3938 cunr
204 3887 431 3954 praestantioribus
454 3885 534 3936 Codd.
562 3896 589 3936 et
613 3887 642 3936 P.
676 3887 753 3937 modo
784 3887 916 3956 explanat:
960 3891 994 3936 At
1024 3887 1091 3938 enim
1125 3889 1195 3939 nulla

123 3953 206 4005 Gebh.
224 3955 326 4005 Davisio
341 3953 418 4020 legit:
452 3957 489 4004 At
510 3955 581 4003 enim
600 3954 642 4002 si·
675 3953 814 4018 ignominia
838 3954 1013 4004 alliciebantur
1028 3952 1207 4021 peregrineu-'

122 4039 172 4084 ne,
196 4023 347 4090 ignominia
361 4020 475 4089 afficere
488 4022 641 4090 sapientem,
675 4029 714 4070 tes
731 4021 772 4070 isti
787 4021 941 4090 philosophi,
960 4032 1048 4072 contra
1065 4040 1140 4088 quam
1155 4032 1195 4072 est

121 4099 153 4138 ut
174 4089 266 4139 vocula
286 4091 346 4139 sine
368 4094 415 4156 pro
433 4089 510 4140 verbo
527 4088 642 4139 habenda
674 4087 701 4136 in
720 4104 781 4138 vero
800 4089 894 4149 exsule,
911 4088 1049 4155 ignominiis
1066 4105 1126 4139 sane
1143 4107 1194 4139 no-

122 4156 173 4205 sit:
205 4174 279 4223 quam
301 4157 428 4207 rationem
451 4166 642 4235 praeposteram
672 4164 739 4207 tato.
778 4155 949 4207 Nihilominus
980 4173 1040 4222 ergo
1069 4155 1192 4216 exsilium,

121 4240 177 4273 esse
191 4233 262 4275 recte
276 4234 363 4275 censet
379 4222 495 4287 Orelhus,
513 4223 555 4291 qui
572 4223 640 4291 vulg.
673 4222 775 4274 malum.
809 4223 958 4292 Respondet
974 4224 1086 4276 Tulliui:
1112 4224 1192 4290 Igno*
