2640 4626
207 204 267 272 118
448 205 1029 261 ruscunertsnuusnrsru'mrronuu

305 337 365 410 87.
389 327 458 402 Sed
476 327 541 400 hoc
558 328 669 426 ipsum
686 324 906 412 concedatur,
929 322 1029 397 bonis
1045 322 1149 398 rebus
1167 320 1276 399 honri-

204 463 264 511 nos
284 448 389 506 morte
408 429 549 531 privari:
575 457 654 526 ergo
670 428 769 502 etiam
784 455 896 502 carere
912 443 1061 500 mortuos
1079 425 1167 502 vitae
1188 455 1277 501 com-

205 536 316 611 modis
344 534 445 633 idque
461 560 533 607 esse
550 532 731 606 miserum?
756 547 843 604 certe
860 530 907 602 ita
931 528 1048 602 dicant
1063 557 1203 604 necesse
1222 547 1276 605 est.

205 640 261 713 An
274 653 385 737 potest
401 636 441 723 is,
467 634 524 735 qui
541 650 683 721 nonest,
709 661 746 707 re
760 632 828 706 ulla
843 635 990 707 carere?
1012 631 1105 705 triste
1123 632 1216 706 enim
1231 649 1277 707 eet

206 768 328 814 nomen
343 740 454 839 ipsum
477 736 641 824 carendi,
668 736 746 835 quia
767 734 943 809 subiicitur
956 734 1039 808 haec
1056 733 1124 809 vie:
1150 734 1276 824 habuit,

204 871 274 916 non
288 841 413 940 ‚hobet3
438 839 622 929 desidorat3
647 838 804 939 requirit3
828 837 964 934 indiget.
988 837 1089 925 haec,
1111 837 1276 938 opin0r2,

205 943 422 1020 incommoda
442 959 520 1017 sunt
540 940 689 1016 carentis.
723 956 812 1016 earet
831 939 955 1028 oculis;
981 939 1100 1013 odiosa
1119 940 1275 1016 caecitas:

205 1046 336 1134 tiberin
363 1044 497 1120 orbitas.
547 1043 644 1118 Valet
665 1043 729 1118 hoc
749 1042 785 1116 in
807 1043 910 1119 viris:
934 1059 1142 1116 mortuorum
1159 1059 1276 1131 autem,

204 1178 273 1223 non
287 1149 388 1222 modo
396 1149 481 1223 vitae
496 1145 692 1234 commodis,
717 1147 834 1243 sedne
845 1146 911 1219 vita
923 1145 1058 1245 quidem
1074 1145 1162 1245 ipsa,
1188 1146 1276 1246 quis

206 1280 305 1351 quam
320 1267 416 1325 caret.
466 1251 518 1323 De
538 1249 677 1322 mortuis
692 1247 822 1348 loquor,
847 1247 905 1347 qui
920 1247 1003 1321 nulli
1021 1264 1107 1320 sunt.
1129 1277 1207 1336 nos,
1221 1247 1276 1348 qui

205 1381 330 1440 sumus,
355 1382 446 1440 num,
472 1352 562 1425 etsi³
588 1351 745 1424 cornibus
763 1379 912 1424 caremus
931 1367 987 1424 aut
1000 1350 1132 1450 pennis,
1159 1351 1206 1425 ait
1222 1351 1276 1450 qui

204 1456 241 1529 id
255 1455 397 1531 dixerit?
422 1471 509 1528 certe
527 1481 632 1527 nemo.
658 1453 741 1553 quid
758 1453 826 1527 ita?
851 1453 940 1553 quia,
964 1481 1067 1553 quum
1081 1453 1118 1527 id
1132 1481 1207 1527 non
1221 1453 1276 1527 ira-

203 1556 301 1648 beas,
328 1556 419 1658 quod
435 1557 498 1630 tibi
515 1584 576 1630 nec
596 1584 677 1645 usu,
702 1584 763 1629 nec
786 1572 903 1629 natura
920 1555 963 1630 sit
981 1572 1114 1656 aptum,
1139 1584 1213 1630 non
1226 1584 1276 1630 ea-

203 1688 288 1746 reas,
315 1660 443 1734 etiamsi
465 1659 604 1747 sentiae,
628 1675 661 1732 to
682 1686 751 1730 non
768 1658 898 1732 habere.
947 1664 1006 1738 88.
1032 1660 1105 1732 Hoc
1122 1664 1276 1759 premen-

205 1763 284 1835 dum
305 1762 403 1834 etiam
424 1778 519 1861 atque
544 1760 642 1835 etiam
663 1777 712 1834 est
732 1777 971 1859 argumentum,
996 1760 1193 1835 confirmato
1212 1760 1276 1850 ilio,

272 1952 290 2004 2
313 1946 355 1998 Sic
376 1946 460 2014 plnres
477 1945 558 1997 Godd.
576 1947 608 1997 D.
624 1976 658 1986 -
674 1947 733 1998 Ern.
752 1966 773 1999 e.
791 1947 860 2013 vulg.
877 1947 979 2016 opinor,
1000 1946 1073 1998 haee.
1087 1946 1168 1998 Male.
1203 1948 1275 2007 asic

204 2015 229 2067 b.
246 2017 263 2064 8
281 2015 329 2065 Da.
345 2031 376 2064 ex
393 2015 431 2065 El.
448 2031 498 2065 sec.
516 2014 600 2080 Vulgo
616 2031 678 2065 num
694 2027 740 2066 aut
756 2017 790 2066 ei.
804 2017 863 2067 Ern.
881 2031 913 2064 ex
929 2013 993 2065 Edd.
1009 2023 1072 2065 vett.
1086 2031 1150 2066 num
1165 2027 1226 2067 aut.

199 2133 234 2193 il.
257 2135 282 2189 2.
306 2148 333 2198 p.
353 2134 395 2189 93.
428 2104 575 2183 Ruhnken(
594 2129 621 2180 in
642 2130 722 2183 Rutil.
755 2143 783 2184 ut
803 2142 937 2199 utrumque
962 2139 1082 2209 negetur,
1106 2140 1189 2200 etque
1213 2130 1274 2183 adeo

203 2199 269 2265 Lup.
286 2201 307 2249 t.
323 2215 349 2265 p.
366 2202 409 2257 31.
420 2206 449 2249 et
465 2196 561 2249 Dictat.
575 2197 602 2247 in
617 2198 721 2249 Terent.
755 2199 834 2250 maius
851 2215 994 2250 necessum
1017 2198 1175 2265 praecedat,
1202 2216 1274 2268 ιιφο

202 2266 341 2315 Heautont.
354 2267 407 2329 1.1,
425 2271 465 2324 13.
502 2266 583 2316 Beier.
600 2265 720 2317 adCicer.
755 2267 849 2319 dicitur
873 2283 926 2317 non
951 2265 1027 2316 modo
1048 2281 1096 2337 pro
1123 2284 1180 2319 non
1203 2268 1274 2319 modo

204 2331 278 2384 offic.
293 2335 335 2383 111.
349 2336 391 2396 33,
410 2338 469 2392 121.
489 2335 581 2401 p.417.
596 2335 722 2402 etZumpt
755 2352 824 2385 non:
849 2334 920 2402 quod
942 2333 1043 2402 quidem
1066 2332 1095 2385 fit
1115 2344 1180 2385 ante
1196 2352 1232 2387 ne
1245 2363 1273 2375 -

202 2400 263 2451 Bae.
278 2401 394 2451 Gramm.
412 2402 435 2469 §.
449 2405 493 2459 63.
507 2418 533 2468 p.
551 2404 611 2460 238.
755 2400 952 2472 quidem(quod
960 2401 1028 2452 idem
1036 2409 1083 2463 est,
1100 2412 1182 2470 atque
1196 2404 1274 2455 seim

250 2472 294 2527 87.
314 2486 367 2519 non
382 2468 558 2520 modo-sed
572 2469 720 2538 ne-qui-
754 2471 815 2537 non)
836 2471 947 2538 abasque
971 2468 1121 2534 negationes
1143 2469 1173 2521 in
1196 2471 1273 2523 altero

203 2534 271 2602 dem)
288 2539 355 2587 Ante
369 2552 404 2587 ne
416 2564 450 2575 -
462 2535 567 2604 quidem
580 2536 720 2604 paniculae
753 2538 875 2589 membro.
909 2537 977 2589 Intra
992 2538 1024 2588 V.
1041 2540 1090 2599 33,
1114 2540 1159 2595 93.
1180 2540 1204 2591 Ε
1222 2538 1273 2589 ioc-

204 2619 257 2653 non
280 2604 356 2655 modo
377 2602 463 2654 valent
486 2620 538 2653 non
559 2604 634 2657 nwdo
656 2620 719 2655 non.
752 2623 795 2656 rus
813 2623 845 2656 cn
862 2605 966 2656 iditates
982 2603 1122 2671 quasdam,
1145 2622 1184 2672 qn
1234 2623 1273 2657 es-

202 2671 237 2719 At
256 2687 374 2738 perversa
387 2679 426 2720 eet
441 2669 576 2724 multorum
590 2671 720 2723 hominum
753 2683 810 2724 sent
826 2624 902 2741 piene
916 2671 1015 2734 inanes,
1032 2688 1116 2740 neque
1130 2674 1272 2725 necessita·

201 2735 337 2791 doctorunr
355 2736 457 2804 opinio,
483 2738 526 2807 qui
545 2749 676 2799 statuunt,
692 2736 721 2788 in
752 2750 806 2793 tem
820 2741 903 2802 oredo,
920 2739 1018 2791 sedne
1032 2751 1151 2791 naturam
1188 2742 1273 2795 uiden

202 2805 336 2856 verborum
353 2806 573 2869 nonnsodonon,
590 2805 639 2858 sed
659 2804 720 2855 iun-
753 2808 922 2874 attingerent,
939 2807 1053 2859 funditas
1067 2806 1127 2857 eiioi
1226 2824 1272 2878 pn-

203 2881 275 2923 ctura
293 2871 398 2939 perinde
412 2889 474 2937 esse,
488 2883 572 2925 utrum
585 2873 720 2925 dicasnon
752 2875 827 2930 ravit.
870 2874 1048 2944 Exemplorum
1069 2875 1166 2927 nubem
1192 2877 1273 2944 coegit

203 2940 279 2990 modo
291 2955 354 2999 non,
370 2940 427 3001 sed,
443 2959 474 2995 en
487 2940 637 3000 nonmodo,
654 2940 720 2998 sede
752 2943 895 2994 Ramshorn
921 2945 982 2993 Lat.
1017 2943 1136 2995 Gramen.
1168 2946 1194 3014 §.
1221 2949 1273 3005 181.

202 3016 301 3057 veteres
318 3006 384 3060 enim
398 3008 533 3077 scriptores
550 3017 660 3075 utroque
674 3008 718 3059 di-
750 3028 777 3078 p.
802 3015 860 3070 536.
885 3028 923 3078 sq.
957 3008 1161 3063 Eruditissimam
1177 3012 1213 3065 de
1229 3013 1273 3063 ha·

202 3072 278 3124 cendi
292 3090 384 3139 genere
406 3077 550 3142 promiscue
571 3092 629 3128 neos
652 3093 716 3127 esee.
750 3095 806 3128 rum
820 3078 1002 3146 particularum
1016 3095 1064 3129 usn
1078 3077 1274 3131 adnotationem

202 3141 513 3211 Hancsententiamsequi
526 3141 719 3193 rideturOehe-
751 3145 901 3212 conscripsit
914 3144 986 3195 Beier
1002 3143 1035 3194 ad
1044 3143 1117 3197 Offic.
1132 3148 1156 3197 1.
1172 3152 1218 3210 21,
1234 3152 1272 3207 71.

201 3224 256 3259 ner.
273 3207 326 3259 Ecl.
341 3209 392 3261 Cio.
409 3230 435 3279 p.
455 3214 514 3268 259.
549 3208 631 3272 Quid,
649 3210 718 3280 quod
750 3231 776 3280 p.
795 3217 853 3271 165.
878 3230 916 3280 aq.
941 3223 968 3262 et
995 3212 1029 3263 ad
1057 3213 1102 3264 111.
1128 3217 1187 3279 29,
1217 3219 1273 3275 105.

201 3275 321 3340 sucrum,
346 3277 405 3347 qui,
431 3277 572 3344 ubicunque
588 3277 655 3344 apud
671 3296 718 3328 ve·
750 3299 776 3348 p.
793 3284 854 3338 382.
870 3297 910 3348 sq.

201 3353 269 3393 teres
284 3343 419 3411 scriptores
431 3344 558 3409 legeretur
571 3361 624 3395 non
642 3346 718 3396 modo
798 3352 842 3406 88.
859 3350 918 3399 Hoc
931 3375 967 3387 -
982 3351 1191 3469 argumentarep'
1216 3350 1272 3402 Scit.

201 3427 268 3474 non,
294 3411 401 3463 altemm
422 3428 476 3461 noo
501 3413 718 3465 exterminandum
752 3432 800 3465 nos
813 3432 844 3466 eo
860 3432 913 3469 non
928 3432 1029 3478 cerere,
1047 3416 1172 3483 quodne
1191 3418 1273 3469 isnec

136 3515 140 3527 .
202 3490 340 3531 censerent,
375 3478 562 3530 Resitaanimo
575 3480 719 3533 informan-
752 3499 806 3545 usu,
823 3500 871 3533 nec
886 3482 1123 3551 naturasitaptum,
1142 3486 1190 3537 rel
1204 3504 1273 3537 mon

201 3545 288 3597 deest.
321 3549 390 3597 Tota
397 3562 438 3595 res
447 3547 553 3601 vertitur
565 3548 719 3600 indiversc-
751 3558 826 3613 tuos,
844 3551 903 3618 quia
915 3550 980 3601 nulli
991 3560 1059 3615 sunt,
1076 3551 1169 3619 aliqua
1183 3571 1214 3609 re
1228 3572 1272 3605 cs-

201 3630 255 3664 rum
270 3615 438 3665 membrorum
456 3616 626 3683 oppositione.
655 3617 719 3669 Non
751 3634 807 3668 rere
823 3636 877 3669 non
891 3636 974 3688 posse.

201 3682 275 3732 modo
291 3680 427 3758 norrneed
442 3681 576 3733 dicendum
593 3694 649 3747 est,
674 3684 718 3735 nbi
802 3687 958 3752 confirmato
976 3686 1036 3752 illo)
1052 3689 1094 3738 Sc.
1111 3700 1272 3757 argumnto,

199 3750 278 3801 maius
293 3760 320 3799 et
338 3764 419 3797 minue
440 3749 478 3800 ita
494 3767 509 3799 o
527 3762 671 3819 ponuntur,
689 3761 718 3802 ut
750 3762 850 3803 tontum
864 3754 996 3805 interitum
1012 3755 1040 3804 in
1054 3766 1142 3807 morte
1157 3775 1233 3821 esee,
1247 3767 1272 3807 nt

199 3817 281 3867 urinam
302 3815 455 3884 praecedat,
482 3770 561 3869 veiuti
585 3820 618 3870 de
640 3820 714 3869 Offic.
751 3838 783 3869 uc
804 3821 905 3873 minima
926 3821 1027 3890 quidem
1051 3823 1168 3891 suspicio
1187 3842 1273 3877 sentes

199 3885 242 3936 111.
261 3888 301 3942 18.
324 3881 413 3943 Qualis
427 3882 558 3937 habendus
574 3897 611 3937 est
628 3887 658 3947 is,
672 3886 716 3952 qui
748 3888 912 3955 relinquntur.
947 3890 1127 3942 Adnotondom
1144 3904 1194 3957 est,
1215 3902 1271 3961 post

199 3968 252 4001 non
266 3950 342 4001 modo
356 3966 408 3999 non
427 3953 546 4020 repellit,
570 3955 618 4004 aed
634 3955 716 4004 etiam
749 3958 904 4020 confirmato
924 3959 972 4008 illo
993 3957 1064 4025 sequi
1087 3959 1212 4013 debnieee
1228 3976 1270 4011 sc·

199 4018 304 4070 adiuvat
320 4016 454 4071 iniuriam?
486 4020 519 4070 do
534 4024 605 4070 Orat.
622 4024 654 4071 Π.
671 4022 715 4083 47,
748 4025 888 4075 emativum
912 4043 935 4076 c.
962 4025 1024 4088 int,
1050 4027 1169 4105 positum
1190 4038 1270 4081 antem

98 4136 103 4146 ,
200 4090 258 4143 196.
274 4102 327 4135 non
341 4086 418 4139 modo
434 4106 487 4139 uon
499 4088 655 4149 miserabilis,
670 4090 715 4139 sed
748 4109 803 4141 esse
821 4094 885 4161 quin
898 4111 920 4143 c.
934 4093 1104 4157 subiunetrvo,
1117 4096 1230 4164 perinde
1242 4112 1270 4145 sc

200 4153 275 4203 etiem
291 4153 417 4207 irridenda
430 4183 464 4194 -
482 4155 575 4206 oratio.
610 4152 714 4220 Contra,
747 4159 769 4208 si
795 4162 955 4220 enurreiatio,
971 4179 1018 4229 per
1034 4161 1103 4213 hane
1118 4164 1267 4230 particulam

74 4220 162 4352 ἱ
191 4218 239 4271 ott
253 4220 336 4273 mains
352 4233 379 4275 et
393 4223 478 4277 minus
492 4222 530 4293 ita
543 4235 714 4295 opponuntur,
747 4227 858 4291 inserto,
882 4229 1008 4297 penderet
1030 4229 1063 4281 ab
1088 4232 1268 4285 emmonem
