2640 4626
439 214 442 219 ·
541 196 668 246 LIBER
684 195 728 247 tv.
745 198 788 255 21.
1133 187 1197 255 283

123 312 260 401 mulari,
286 313 493 400 obtrectare,
513 342 582 386 nou
609 341 680 386 esse
700 311 833 400 inutile,
859 341 961 412 quum
992 329 1048 388 aut
1066 343 1103 389 se
1126 343 1196 390 non

123 416 213 489 idern
238 416 348 489 videat
373 432 603 503 consecutum,
629 415 720 516 quod
747 414 866 503 alium,
893 433 949 488 aut
973 416 1072 491 alium
1095 417 1197 506 idem,

123 519 216 618 quod
240 547 291 592 se:
318 535 440 591 metum
462 546 540 611 vero
566 519 594 590 si
622 517 922 617 quis'snstulisset,
956 547 1088 592 omnem
1110 521 1195 594 vitae

123 621 328 720 diligentiam
355 620 516 694 sublatam
532 621 620 706 fore3
647 648 731 720 quae
748 649 875 694 summa
894 638 979 694 esset
993 621 1028 693 in
1046 622 1111 711 eis,
1137 622 1195 722 qui

123 724 230 823 leges,
262 724 318 824 qui
336 724 565 822 magistratus,
590 723 647 822 qui
665 740 912 823 paupertatem,
937 723 995 823 qui
1016 723 1196 822 ignomini-

123 857 195 915 am,
229 828 285 928 qui
309 844 469 914 mortem,
495 827 552 926 qui
584 825 733 899 dolorem
759 825 919 899 timerent.
971 827 1061 901 Haec
1084 844 1196 904 tamen

123 931 168 1002 ita
197 930 385 1030 disputant,
410 945 445 1001 ut
464 928 644 1002 resecanda
663 956 734 1002 esse
748 929 930 1016 fateantur,
956 928 1047 1002 evelli
1061 931 1195 1029 penitus

123 1032 236 1105 dicant
258 1061 320 1105 nec
342 1052 460 1132 p'osse,
485 1060 546 1105 nec
571 1059 656 1131 opus
682 1059 773 1118 esse3
799 1039 858 1104 et2
888 1031 923 1103 iu
946 1032 1102 1105 omnibus
1126 1032 1196 1107 lere

124 1135 223 1207 rebus
233 1135 494 1208 mediocritatem
512 1162 583 1207 esse
599 1134 757 1233 optimam
774 1132 967 1207 existiment
993 1163 1077 1234 quae
1092 1150 1195 1235 quma

124 1254 311 1336 exponunt,
346 1237 471 1310 nihilne
499 1237 560 1309 tihi
582 1237 753 1326 videntur3
780 1265 821 1308 an
845 1230 970 1335 aliquid
995 1238 1128 1312 dicere?
1152 1242 1194 1313 A.

123 1340 209 1412 Mihi
234 1369 312 1412 vero
340 1340 449 1413 dicere
473 1339 607 1438 aliquid.
633 1340 743 1438 itaque
766 1354 937 1438 exspecto,
963 1340 1044 1438 quid
1061 1340 1194 1414 adista.

224 1445 317 1515 XXI.
368 1448 425 1522 47.
460 1449 508 1515 M.
534 1442 709 1542 Reperiam
734 1441 894 1515 fortasse:
921 1442 980 1517 sed
1004 1441 1194 1516 illudente.

122 1544 286 1633 Videsne,
319 1562 442 1645 quanta
474 1545 572 1618 fuerit
606 1545 696 1647 apud
727 1543 947 1618 Academicos
972 1545 1194 1618 verecundia?

122 1647 220 1746 plane
246 1647 333 1721 enirn
351 1648 488 1733 dicunt,
515 1647 605 1746 quod
629 1648 672 1720 ad
690 1675 760 1720 rem
774 1646 946 1746 pertineat.
997 1648 1194 1747 Peripateti-

122 1751 169 1823 cis
193 1750 415 1850 respondetur
432 1779 450 1832 a
469 1749 600 1822 Stoicis.
627 1748 850 1848 digladientur
864 1748 929 1837 illi,
954 1777 1016 1849 per
1030 1778 1083 1823 me
1099 1750 1192 1838 lieet;
1290 1792 1293 1818 t

122 1853 176 1939 cni
200 1851 285 1924 nihil
309 1869 358 1925 est
381 1878 532 1938 necesse,
555 1852 621 1925 nisi
639 1852 698 1926 ubi
714 1852 757 1925 sit
771 1851 870 1938 illud,
898 1851 989 1952 quod
1005 1852 1073 1926 veri
1089 1852 1193 1926 simil-

120 1954 234 2042 limum
261 1955 426 2043 videatur,
452 1954 629 2054 anquirere.
659 1956 741 2055 quid
762 1972 809 2028 est
825 1954 943 2052 igitur,
969 1954 1060 2056 quod
1076 1983 1193 2029 occur-

119 2074 173 2130 rat
195 2056 230 2129 in
257 2057 319 2130 hac
346 2057 559 2157 quaestione,
586 2064 683 2157 quo3
712 2057 820 2157 possit
838 2055 954 2154 attingi
981 2055 1106 2155 aliquid
1123 2057 1192 2130 veri

120 2159 257 2233 simile?
283 2189 349 2260 quo
373 2159 503 2258 longius
528 2187 619 2232 urens
648 2159 792 2231 humana
813 2158 970 2258 progredi
989 2186 1058 2231 non
1073 2175 1192 2258 potest.

121 2262 270 2352 definitio
295 2262 573 2363 perturbationis,
600 2291 664 2362 qua
690 2278 777 2335 recte
793 2263 960 2334 Zenonem
980 2289 1075 2335 usum
1094 2279 1192 2362 puto:

120 2365 166 2438 ita
194 2365 281 2438 enim
308 2363 439 2453 definit,
464 2382 501 2437 ut
510 2366 732 2464 perturbatio
749 2366 797 2436 sit
815 2391 941 2448 aversa
962 2392 986 2435 a
1009 2365 1193 2452 terranea,

121 2481 247 2541 contra
281 2483 469 2564 naturam,
505 2463 622 2539 anirm'
651 2470 857 2552 commotio,·
889 2465 940 2539 vel
973 2466 1124 2556 brevius,
1156 2483 1194 2540 ut

116 2571 340 2670 perturbatio
379 2574 428 2643 sit
472 2574 652 2671 appetitas
680 2568 938 2655 vehementiam
968 2568 1194 2643 vehementior

186 2763 204 2815 2
221 2757 261 2808 Sic
271 2757 301 2831 g.
319 2759 372 2808 ΡΙ).
390 2775 404 2807 e
420 2757 512 2826 plurib.
522 2756 601 2807 Codd.
619 2759 678 2808 Era.
697 2775 719 2808 c.
736 2756 805 2823 vulg.
824 2768 860 2807 ut.
884 2759 912 2814 '3
928 2754 971 2806 Sic
985 2754 1046 2806 Ero.
1064 2756 1096 2806 de
1110 2755 1191 2808 Bouh.

121 2827 190 2876 coni.
215 2826 299 2892 Vulgo
317 2844 405 2895 equa.
432 2825 580 2894 Aliieqao.
631 2824 707 2882 4Sic
723 2823 840 2875 nonnulli
868 2823 963 2887 coda,
982 2834 1011 2874 ut
1038 2825 1098 2886 Gn,
1116 2825 1192 2875 ELD.

120 2894 187 2965 Lall.
206 2921 239 2934 ·-
255 2897 312 2944 Era.
332 2913 354 2944 c.
371 2893 439 2960 vulg.
456 2893 572 2961 adversa
589 2895 702 2943 ratione.

119 2993 277 3056 meritorum,
290 3003 320 3043 ut
330 3013 371 3044 eas
387 3004 590 3062 perpeterentur.
604 2993 639 3045 V:
671 2993 795 3056 laborare,
809 3001 838 3044 ut
852 3001 947 3044 certam
971 2989 1193 3061 naudamopinio-

120 3061 255 3112 Heindorf.
270 3061 302 3110 ad
318 3065 408 3112 Horat.
417 3062 492 3112 Satir.
501 3065 531 3112 ΙΙ.
541 3069 565 3122 2,
582 3066 639 3120 103.
674 3078 732 3111 nem
747 3070 909 3129 praeceptam
925 3011 1082 3133 delenderet,
1102 3059 1147 3110 sed
1161 3059 1193 3109 ab

121 3134 176 3179 Car
192 3141 253 3198 eget
268 3129 386 3195 indignus
396 3132 541 3198 quisquam,
558 3130 641 3179 tadi-
676 3127 861 3194 omnipertium
876 3126 1121 3195 concertationisque
1135 3130 1193 3178 s'tu-

120 3197 197 3248 m'te?
211 3197 252 3246 Sic
260 3215 350 3262 graece
359 3195 504 3261 οὕκᾶξιος.
517 3196 640 3261 ἅνάξωέ.
675 3196 718 3246 dio
726 3195 790 3246 liber
803 3212 857 3245 eam
870 3195 1021 3246 sententiam
1040 3197 1193 3262 exquireret,

107 3268 142 3315 ‘A
179 3264 244 3315 osite
262 3265 348 3314 Dauni
391 3265 424 3314 ad
438 3275 523 3332 partes
539 3264 642 3315 vocarit
675 3264 863 3332 quaeproxime
871 3263 1041 3314 adveritatem
1050 3263 1192 3313 accederet.

119 3333 141 3385 P
167 3340 206 3384 nt.
230 3333 303 3382 Cura.
320 3332 363 3382 IV·
402 3337 467 3393 ‚23.
486 3333 598 3398 Indignis
615 3333 641 3382 ai
722 3335 805 3400 plane
819 3331 890 3381 enim
908 3331 1008 3394 dicunt)
1030 3330 1095 3379 nihil
1109 3329 1193 3379 admi-
1253 3340 1255 3345 ’

120 3398 192 3451 mh
212 3399 321 3464 dicitur,
344 3401 512 3450 maledictum
533 3400 564 3450 id
582 3418 641 3450 esee
673 3399 778 3460 scendo,
795 3399 865 3465 qnod
881 3415 956 3464 aegre
973 3396 1109 3447 adversarii
1126 3398 1194 3447 ferre

120 3466 191 3519 dico.
673 3466 780 3584 possint.
794 3467 916 3516 Ernesti.
940 3469 1017 3515 Secus
1034 3464 1114 3514 Stoici
1130 3481 1194 3530 age-

692 3543 745 3594 aut,
760 3532 952 3600 qai'seutentias
968 3550 1025 3582 suas
1040 3541 1129 3581 contra
1141 3532 1194 3581 Pe-

114 3638 139 3688 Ρ
172 3571 249 3665 ῙΙῙΨ
264 3566 353 3618 talum
372 3581 413 3648 ¹la
432 3570 585 3658 ‘Imputamf
603 3569 640 3636 ut)
674 3603 822 3670 ripateticos
837 3599 958 3652 acerrimo
974 3598 1194 3650 studiodefen'de-

141 3655 186 3686 ro.
210 3648 247 3685 uta
261 3646 347 3686 tamen
369 3637 508 3704 disputant,
534 3646 562 3686 ut
577 3636 642 3687 haec
674 3669 739 3720 bant

118 3703 258 3754 resecanda
272 3722 325 3755 esse
343 3705 479 3755 fateantur.
505 3703 641 3755 Distinctio
726 3706 782 3802 ὦ.)
795 3735 932 3786 mihienim
939 3730 1090 3793 Academico
1099 3733 1126 3785 id
1133 3745 1194 3784 tan-

339 3849 342 3852 .
675 3813 738 3864 tum,
751 3804 820 3871 quod
833 3804 887 3854 veri
902 3803 1056 3853 simillimum
1069 3802 1194 3865 videatur,

99 3915 101 3919 .
171 3873 231 3922 Car.
240 3874 315 3922 xxl.
325 3874 367 3930 47.
379 3873 451 3947 apud
459 3873 640 3939 Academicos)
672 3872 857 3938 anquirendum
870 3881 916 3922 est.
941 3873 980 3920 De
997 3871 1075 3920 verbo
1098 3871 1195 3938 anqui-

118 3943 173 4006 laat
188 3941 272 3990 oratio
281 3942 395 4008 paullum
403 3941 546 4008 digrediens
554 3961 570 3991 a
577 3958 641 4008 pro·
675 3940 762 3999 rendi,
772 3940 840 4006 quod
854 3939 931 3989 habet
942 3937 1074 3988 notionem
1084 3938 1195 3988 circum-

112 4006 206 4076 'posito
214 4009 361 4059 versatarin
369 4009 498 4060 laudanda
506 4008 642 4060 Academi·
675 4007 799 4074 spiciendi
808 4016 834 4057 et
847 4008 1040 4074 circumquaque
1049 4005 1194 4071 quaerendi,

118 4074 398 4144 commiudisputando
406 4076 587 4127 moderatione.
597 4075 643 4124 ld·-
676 4075 709 4124 ci.
725 4075 806 4124 Beier.
824 4075 858 4125 ad
875 4070 946 4125 offic.
963 4076 983 4136 1,
1001 4078 1042 4130 30.
1060 4090 1086 4138 p.
1101 4077 1161 4129 229.

138 4161 170 4192 ue
186 4162 202 4193 a
217 4143 339 4195 Cicerone
347 4162 377 4195 eo
386 4142 643 4195 consiliofactumvi-
685 4166 689 4187 t
727 4159 776 4210 quo
797 4141 917 4211 longiae)
936 4159 968 4191 ex
988 4139 1196 4191 Academicorum

119 4160 208 4274 detur,
223 4221 253 4261 ut
265 4212 459 4274 demonstraret,
474 4229 501 4262 se
515 4211 642 4263 nonineo
675 4209 783 4271 ratione.
799 4208 832 4259 de
847 4227 896 4276 qua
909 4225 934 4259 v.
947 4207 1140 4274 Prolegomena.

119 3782 180 3840 post
195 3772 334 3841 disputant
347 3772 462 3822 tollenda
479 3782 525 3821 est.
