2640 4626
530 212 659 263 uranu
676 213 709 267 v.
726 216 772 272 aa.
827 254 829 259 .
1128 205 1191 271 351

114 346 286 417 mortuus,
312 330 347 402 in
363 345 527 403 certamen
544 330 770 430 iudiciumque
788 331 941 419 veniunt,
967 361 1066 431 quam
1088 332 1193 434 pluri·

116 462 207 506 mum
225 432 279 505 ille
303 431 469 505 dilexerit:
495 431 608 531 plures
631 434 718 506 enim
745 433 885 532 singulis
908 433 1015 508 solent
1033 464 1106 510 esse
1130 465 1192 510 uu-

118 554 213 636 ptae:
250 551 405 633 quaeest
428 535 562 624 victrix,
598 564 635 609 ea
661 535 763 624 laeta,
807 539 1085 637 prosequentibus
1112 539 1193 629 suis,

118 667 185 711 una
202 640 278 710 cum
294 638 365 709 viro
385 637 419 709 iu
433 666 551 736 rogum
573 638 774 737 irnpouitur3
800 638 857 713 illa
870 640 956 714 victa
977 658 1101 715 maesta
1124 642 1193 715 dis-

117 742 247 814 cedit9.
1104 810 1109 819 ,
1181 811 1184 815 .

221 845 409 941 Numquam
426 858 578 914 naturum
593 871 666 915 mos
681 846 848 918 vinceret:
875 862 923 918 est
938 846 1024 918 euim
1048 874 1085 919 ea
1107 874 1193 920 sem-

120 975 183 1047 per
207 945 345 1018 invieta:
380 943 439 1017 sed
463 972 526 1016 uos
549 945 696 1034 umbris,
731 946 875 1035 deliciis,
910 949 999 1036 otio,
1024 948 1193 1047 languore,

121 1048 270 1134 desidia,
297 1047 444 1120 altimum
466 1046 659 1136 iul'eeimus3
685 1048 901 1148 opinionibus
923 1049 1076 1150 maloque
1101 1081 1193 1127 neore

120 1151 324 1224 delinitum1
347 1148 553 1221 mollivimus.
604 1151 846 1253 Aegyptiorum
861 1181 988 1226 morem
1007 1154 1082 1253 quis
1099 1155 1194 1251 igno-
1243 1196 1261 1233 ,·

119 1256 193 1326 rat?
220 1280 361 1352 quorum
376 1252 521 1331 imbutae
537 1269 663 1325 mentes
684 1254 855 1352 pravitatis
882 1256 1050 1329 erroribus
1078 1285 1193 1355 quam·
1287 1268 1292 1275 '

119 1357 172 1429 vis
188 1354 413 1449 carnificinam
430 1355 525 1453 prius
540 1355 712 1443 subierint,
728 1385 827 1455 quam
843 1357 936 1445 ibim,
962 1376 1017 1430 aut.
1031 1360 1193 1458 aspidem,

121 1475 179 1531 ant
195 1454 309 1544 selem,
336 1473 389 1528 aut
419 1486 554 1544 canem,
579 1475 636 1530 aut
658 1457 861 1531 crocodilum
885 1460 1025 1533 violent:
1051 1489 1192 1560 quorum

120 1561 222 1634 etiam
240 1559 513 1659 si'imprudentes
528 1560 700 1658 quippiam
726 1560 881 1648 fecerint,
907 1561 1192 1661 poenomnullam

119 1679 281 1737 recusent.
344 1670 400 1741 79.
433 1663 484 1734 De
511 1661 704 1735 bominibus
732 1661 859 1761 loquor.
922 1663 1015 1760 Quid
1042 1665 1193 1739 bestiae?

120 1794 191 1838 non
206 1765 329 1860 frigus,
353 1792 424 1835 nou
438 1763 577 1850 famem,
601 1793 671 1836 nou
689 1766 896 1865 montivagos
914 1783 1011 1867 atque
1034 1766 1192 1842 silvestris
1250 1814 1254 1818 -

121 1895 239 1941 cursus
255 1866 529 1965 lustrationesque
548 1867 742 1966 patiuntur?
767 1898 836 1941 uon
853 1898 916 1968 pro
944 1896 1006 1942 suo
1027 1886 1125 1969 partu
1148 1871 1193 1944 ita

120 1985 352 2071 propugnant,
376 1967 560 2042 utvolnera
578 1969 752 2070 excipiant,
776 1970 886 2043 nullos
904 1970 1057 2070 impetus,
1082 1972 1191 2046 nullos

122 2075 208 2146 ictus
234 2070 475 2145 reformident?
526 2072 672 2160 Omitto,
705 2082 791 2172 quae
824 2073 1011 2172 perferant,
1034 2103 1193 2174 quaeque

120 2176 292 2276 patiantur
323 2172 508 2261 ambitiosi,
522 2173 672 2247 >honoris
696 2203 810 2248 caussa
826 2183 842 2224 ²
857 2205 864 2261 ;
882 2175 1017 2248 laudis
1040 2176 1193 2264 studiosi,

120 2278 246 2376 gloriae
277 2276 400 2375 gratim
440 2303 552 2350 amore
585 2277 729 2366 incensi,
766 2277 965 2378 cupiditatis.
998 2277 1097 2379 plena
1128 2280 1194 2355 vita

121 2380 347 2480 exemplorum
359 2382 426 2452 'cst

224 2482 380 2556 XXVlll.
424 2487 488 2560 80.
514 2480 583 2554 Sed
599 2481 758 2555 adhibeat
777 2482 883 2555 oratio
908 2483 1063 2571 modum,
1090 2500 1122 2557 et
1143 2426 1213 2558 ιπε-1

191 2638 256 2693 9V.
276 2635 340 2685 Adn.
393 2638 407 2692 1
427 2637 470 2688 Or.
490 2633 641 2685 delenitum.
691 2636 851 2699 2Fuerunt‚
869 2634 914 2704 qui
938 2653 1034 2687 caussa
1060 2635 1196 2689 delendum

121 2714 263 2757 censerent.
297 2704 408 2754 Frustra.

121 2805 221 2856 Geblr.:
241 2821 289 2870 pro
307 2820 357 2869 quo
374 2802 418 2853 alii
436 2803 515 2855 Codd.
534 2813 560 2854 et
575 2803 641 2855 Edd.
674 2803 761 2872 paullo
770 2814 829 2854 ante
844 2804 939 2856 dictum
947 2815 1021 2866 esset,
1032 2805 1127 2875 plures
1135 2804 1196 2855 sirr-

120 2874 220 2924 habent
237 2872 379 2939 cuiusque.)
397 2871 468 2921 uncis
484 2881 569 2931 tamen
586 2871 643 2921 cin·
675 2871 749 2940 gulis
766 2872 851 2922 solere
867 2891 925 2923 esse
937 2886 1042 2943 nuptas.
1066 2872 1196 2923 Ernestius

122 2950 202 2992 ctum
236 2940 303 2989 Nam
317 2949 440 2999 nonest,
457 2938 554 3004 inquit,
570 2938 644 2988 nnius
676 2940 812 3000 statuebat,
830 2940 891 2990 duas
909 2951 1007 2990 tantum
1022 2938 1127 3005 singulis
1143 2956 1195 2988 nn-

121 3005 385 3075 earumvirplurium5
402 3004 644 3072 intelligunturmn-
676 3015 734 3072 ptas
758 3005 848 3055 fnisse:
877 3008 918 3058 cui
936 3007 1078 3058 sententiae
1101 3006 1196 3057 adver-

121 3076 214 3136 lieres‚
233 3091 337 3141 quarum
357 3072 396 3122 vir
419 3073 557 3125 communis
573 3091 645 3123 mor·
676 3072 726 3121 sari
741 3072 842 3123 videtur
854 3092 905 3124 vox
916 3076 1017 3143 plures.
1035 3074 1128 3125 Olivet.
1142 3072 1195 3124 Ecl.

120 3155 183 3193 tuus
200 3152 245 3191 est.
262 3143 319 3190 Hac
333 3157 392 3190 vero
407 3157 471 3191 voce
487 3141 577 3203 eiecta,
593 3139 645 3190 loci
678 3139 729 3188 Cic.
748 3139 766 3188 l.
785 3157 808 3188 c.
826 3141 936 3209 explicat
952 3143 1004 3192 illa
1018 3143 1106 3192 victa:
1123 3153 1195 3191 cete-

121 3209 251 3261 sententia
274 3206 443 3275 pervertitur3
483 3209 554 3276 quasi
584 3225 644 3258 vero
677 3209 1197 3279 raeomnessquaecunquevictaeitu-

120 3295 188 3329 nnus
201 3276 236 3328 eit
252 3276 291 3327 vir
306 3275 417 3326 omnium
433 3276 579 3334 mulierum3
596 3293 645 3325 ue·-
677 3276 733 3324 Illa
748 3275 825 3341 igitur
840 3277 982 3340 collective,
1000 3289 1029 3328 ut
1046 3277 1132 3339 aiunt,
1150 3293 1197 3326 su-

121 3362 175 3413 que
187 3344 345 3410 intelligitur,
354 3361 404 3411 quo
413 3343 489 3395 modo
496 3361 546 3394 vox
555 3345 646 3400 cuius-
678 3342 797 3393 mendum
810 3341 933 3409 videtur,
942 3355 972 3394 ut
988 3353 1088 3395 ceterae
1099 3343 1196 3395 mulie-

121 3416 168 3464 vis
192 3411 334 3479 irrepserit:
360 3428 442 3478 noque
470 3428 529 3463 vero
560 3412 647 3478 placet
677 3427 718 3460 res
733 3411 816 3460 victae
831 3420 951 3479 tanquam
968 3430 1018 3463 una
1035 3422 1197 3480 opponantur

123 3480 223 3531 Davisii
238 3478 398 3540 emendatio,
427 3478 485 3546 quia
506 3481 581 3530 cuius
596 3495 644 3547 pro
678 3478 722 3527 nui
734 3478 834 3528 mulieri
846 3479 953 3529 victrici.

125 3549 242 3598 alicuius
255 3546 306 3598 hoc
322 3556 391 3597 certe
405 3547 464 3597 loco
473 3548 561 3597 durum
570 3546 645 3596 vide-
728 3561 840 3630 Μή)
856 3563 909 3614 vita
925 3563 1060 3613 umbratili·

122 3627 177 3666 tur.
212 3615 300 3681 Itaque
321 3631 377 3664 cum
391 3613 520 3664 Ochsuero
544 3615 569 3664 in
589 3614 644 3664 Ecl.
735 3646 766 3696 -b-
798 3676 831 3686 ,
851 3647 895 3697 »Ι
980 3647 1007 3696 C·
1077 3648 1102 3696 N
1124 3648 1148 3697 D
1175 3650 1186 3697 I

125 3683 179 3732 Cic.
194 3701 218 3750 p.
229 3687 289 3740 220.
308 3682 467 3733 retinendam
481 3699 571 3732 censeo
585 3682 645 3733 vul·
677 3718 712 3772 29
728 3665 796 3765 iffi
821 3648 953 3766 fffioeml
1000 3664 1060 3698 ω’
1104 3683 1110 3696 “
1150 3682 1157 3696 ‘
1189 3684 1195 3707 ’

90 3794 93 3804 ,
123 3759 225 3817 getam,
252 3758 280 3799 ut
296 3766 346 3799 vox
363 3750 480 3800 cuiusvis
499 3749 646 3818 accipienda
714 3752 720 3765 '

123 3818 159 3867 sit
181 3817 214 3867 de
238 3817 363 3868 communi
390 3816 500 3867 omniurn
526 3819 645 3885 cuiusque

124 3885 216 3935 aetatis
234 3894 261 3934 et
278 3884 373 3934 ordinis
390 3885 522 3935 mulierum
538 3902 617 3935 more.

933 3714 1018 3769 uidem
1033 3713 1147 3765 auditum
1159 3725 1198 3765 est

679 3783 844 3844 crocodilum,
861 3794 905 3833 aut
912 3733 981 3846 ibim,
997 3793 1040 3833 aut
1053 3782 1129 3832 felem
1138 3781 1198 3832 vio·
1222 3792 1223 3796 ’

678 3850 759 3899 latum
783 3851 815 3900 ab
829 3851 969 3919 Aegyptio:
996 3866 1054 3901 cum
1077 3867 1128 3918 quo
1142 3849 1197 3901 De-

174 3950 225 4002 illa
242 3953 327 4018 victa)
345 3953 415 4002 Haec
433 3963 472 4003 est
485 3952 596 4003 omnium
611 3951 646 4001 li-
679 3917 725 3967 Vi&
746 3920 902 3985 ⁰⁰mp²¹¹³lit
918 3917 1042 3969 H⁸r⁰d⁰t·
1052 3920 1084 3981 H»
1101 3922 1143 3976 65·

122 4019 226 4069 brorum
240 4019 336 4081 lectio,
353 4019 401 4069 uisi
415 4020 483 4086 quod
499 4019 572 4071 Leid.
597 4019 646 4077 ba·
729 4019 865 4087 quippiam
873 4017 1005 4088 fecerint)
1022 4017 1043 4067 si
1059 4034 1136 4085 quatu
1148 4015 1198 4066 ha-

123 4087 181 4137 bet:
199 4088 251 4137 illo
264 4088 322 4138 alia
335 4088 416 4137 vieta.
450 4087 566 4138 Davisius
583 4103 645 4136 vero
678 4103 733 4135 rum
757 4086 895 4141 bestiarum
917 4116 949 4126 -
966 4085 1125 4153 violaverint.
1159 4085 1198 4141 De

123 4173 138 4205 e
162 4154 270 4205 Bentleii
294 4155 440 4206 coniectura
464 4154 551 4207 dedit:
578 4154 647 4223 illae
678 4154 756 4203 verbo
768 4152 898 4222 faciendi
923 4153 988 4205 alius
1005 4152 1100 4204 vicario
1121 4167 1197 4220 supra

122 4223 212 4274 victae
236 4234 352 4274 moestae
376 4222 530 4286 discedunt,
570 4239 645 4291 quum
678 4221 794 4272 vidimus.
819 4221 858 4273 cf.
874 4221 942 4273 infra
956 4239 978 4273 c.
995 4224 1038 4285 32,
1055 4223 1097 4281 90.
