2640 4626
552 202 678 252 uranu
696 204 727 254 v.
747 208 770 262 1.
998 168 1006 183 ’
1131 195 1196 262 309

121 316 285 416 quirendo
302 315 515 390 collocarent:
541 319 691 418 profecto
708 349 767 420 spe
790 321 886 394 beate
910 316 1053 395 vivendi
1069 339 1193 397 tantam

120 420 154 491 in
174 447 214 492 eo
232 419 344 490 studio
365 447 475 491 curam
489 447 690 520 operamque
707 440 898 522 posuerunt.
932 423 1065 520 Quodsi
1089 426 1193 499 alr'iis

122 523 254 594 inventa
271 536 303 593 et
320 520 466 620 perfecta
481 523 584 595 virtus
604 540 669 612 est,
696 542 728 597 et
742 527 772 597 si
789 526 937 625 praesidi
962 527 1004 599 ad
1026 526 1121 601 beate
1146 528 1193 601 vi-

120 625 262 698 vendum
277 623 312 695 in
328 623 445 697 virtute
464 626 543 699 satis
559 643 624 700 est:
651 628 725 726 quis
744 629 868 726 estqui
889 657 957 701 non
972 629 1140 728 praeclare
1162 647 1194 703 et

120 727 162 800 ab
180 726 245 799 illis
264 726 426 825 positam,
452 743 483 800 et
508 757 525 800 a
550 729 649 801 nobis
671 747 858 830 susceptam
884 759 1019 831 operam
1044 732 1193 832 plriloso-

120 829 250 930 plrandi
271 828 467 902 arbitretur?
494 831 545 902 siu
563 848 670 904 autem
688 833 810 919 virtus,
837 833 986 906 subiecta
1002 834 1067 906 sub
1083 833 1192 907 varios

121 933 334 1030 incertosque
352 958 465 1020 casos,
489 932 611 1005 famula
627 934 779 1008 fortunae
801 952 866 1022 est,
891 964 952 1009 nec
969 953 1130 1008 tantarum
1145 937 1193 1009 vi-

121 1035 209 1106 rium
228 1050 293 1120 est,
319 1049 355 1105 ut
379 1061 414 1106 se
428 1033 502 1134 ipsa
516 1052 662 1110 tueatur:
688 1065 813 1123 vereor,
838 1066 880 1110 ne
896 1066 964 1109 non
980 1053 1046 1110 tam
1063 1038 1192 1127 uirtutis

108 1136 242 1208 ’fiducia
259 1135 432 1208 nitendum
441 1137 542 1209 nobis
560 1139 602 1210 ad
618 1166 712 1239 spem
727 1139 822 1212 beate
838 1141 980 1228 vivendi,
1007 1138 1192 1240 quamrota

120 1238 273 1312 facienda
287 1238 467 1310 videantur.
719 1250 722 1254 '

223 1351 255 1418 3.
289 1340 453 1438 Equidem
475 1368 531 1413 eos
556 1369 669 1429 casus,
694 1343 730 1414 iu
748 1343 869 1441 quibus
884 1360 936 1416 me
952 1343 1082 1417 fortuna
1098 1344 1192 1418 vehe-

122 1459 249 1516 menter
268 1442 429 1530 exereuit,
454 1471 583 1515 mecum
607 1444 681 1544 ipse
707 1446 939 1533 considerans,
966 1447 1044 1520 lruie
1065 1447 1191 1546 incipio

122 1545 302 1618 sententiae
320 1543 471 1618 diffidere
487 1545 670 1634 interdum,
697 1558 755 1620 et1
777 1547 912 1621 humani
930 1549 1060 1646 generis
1087 1548 1192 1622 imbe-

122 1646 288 1721 cillitatem
319 1646 595 1747 fragilitatemque
625 1649 843 1723 extimescere.
879 1679 993 1724 vereor
1020 1651 1125 1738 enim,
1149 1679 1193 1724 ne

120 1766 256 1836 natura,
282 1777 384 1848 quum
403 1772 546 1848 corpora·
566 1751 664 1823 nobis
687 1751 818 1824 infirma
843 1752 1005 1839 dedisset,
1030 1752 1137 1852 iisqne
1161 1759 1192 1826 el

119 1852 258 1925 morbos
297 1850 491 1923 insanabilis
521 1867 552 1924 et
575 1851 707 1925 dolores
735 1854 952 1936 intolerabilis
981 1855 1194 1944 adiunxisset,

120 1958 251 2027 animos
268 1981 400 2052 quoque
417 1953 545 2026 dederit
566 1971 791 2055 etcorporum
813 1956 986 2030 doloribus
1011 1985 1193 2054 congruen-

119 2058 186 2144 tis,
213 2072 244 2155 et
264 2055 442 2154 separatim
464 2055 533 2128 suis
552 2057 733 2154 angoribus
759 2075 791 2131 et
813 2057 975 2131 molestiis
998 2058 1193 2158 implicatos.

119 2164 153 2239 4.
180 2159 248 2230 Sed
267 2157 304 2256 in
318 2157 384 2230 hoc
405 2186 457 2230 rue
489 2157 562 2258 ipse
586 2158 730 2256 castigo,
756 2161 847 2259 quod
875 2166 916 2233 ex'
937 2160 1076 2233 aliorum
1095 2177 1125 2232 et
1154 2189 1193 2233 ex

190 2349 203 2402 1
221 2343 264 2394 sic
274 2345 318 2395 Gr.
333 2343 359 2394 b.
374 2343 442 2401 Lall.
456 2373 489 2382 -
505 2345 565 2394 Era.
581 2363 603 2396 c.
618 2346 675 2397 VD.
689 2343 833 2414 diffidere:
857 2346 993 2397 interdum
1008 2360 1042 2396 et.
1060 2357 1091 2385 -’
1109 2310 1193 2412 vulgo

121 2411 201 2479 diff„
219 2412 353 2462 interdum
368 2412 462 2461 etiamr-

173 2531 283 2580 inventa
296 2541 322 2579 et
331 2527 453 2599 perfecta
467 2529 563 2596 virtus)
580 2529 642 2583 Vir·
675 2539 728 2581 tem
748 2529 871 2581 hocloco
888 2529 1002 2582 adhibita
1020 2541 1058 2580 est
1074 2540 1194 2580 constru-

120 2609 164 2649 tus
185 2597 241 2665 ipsa
265 2596 369 2665 proprie
388 2596 493 2647 iuventa
517 2597 568 2647 dici
590 2614 643 2648 nou
676 2597 728 2648 ctio
753 2597 945 2664 exquisitissima
969 2607 995 2649 et
1016 2597 1195 2664 significantis-

118 2674 222 2784 potest3
240 2663 333 2714 dicitur
348 2663 424 2729 igitur
432 2663 482 2714 hoc
490 2664 565 2715 loco:
580 2683 643 2732 per-
676 2666 739 2716 sima
755 2674 811 2714 eat:
827 2664 921 2732 quippe
938 2676 1002 2731 quae
1018 2666 1118 2732 egregie
1128 2664 1194 2743 pin-

133 2743 191 2784 ecta
211 2731 313 2783 uirtutis
331 2731 429 2799 species
450 2749 481 2782 ae
504 2732 586 2782 forma
600 2732 643 2782 iu-
676 2743 722 2800 gat
737 2733 860 2782 incertum
877 2742 904 2781 et
915 2743 1053 2801 perpetuae
1068 2749 1138 2800 quasi
1153 2730 1196 2781 ia-

120 2808 208 2850 venta.
288 2834 290 2839 .
678 2799 785 2850 motioni
807 2799 943 2848 obnoxium
967 2799 1066 2850 virtutis
1092 2807 1195 2848 statum.

174 2869 243 2917 eatis
257 2867 305 2933 est)
319 2868 380 2916 Nou
389 2860 585 2930 offensionicss‘e
595 2867 645 2917 de-
727 2880 789 2918 vota
799 2864 946 2934 facienda)
960 2866 997 2916 ita
1012 2876 1042 2916 ut
1057 2866 1110 2915 rita
1120 2865 1196 2914 bcata

120 2937 169 2986 bet
183 2934 286 2985 iteratio
294 2934 400 2984 voculae
413 2946 454 2983 est
462 2945 520 3000 post
530 2934 644 3001 exiguam
678 2952 730 2984 nou
745 2943 833 2984 nostra
853 2933 926 2983 uobis
942 2933 1037 2984 virtute
1051 2931 1133 3002 possit
1146 2948 1195 2999 pa-

122 3003 258 3053 verborum
292 3001 524 3068 intercapedinem,
567 3002 643 3052 immo
677 3004 744 3063 rari,
762 3001 807 3051 sed
824 3001 891 3050 rotis
905 3001 1027 3051 faciendis
1043 3019 1058 3050 a
1072 2998 1119 3048 diis
1134 3007 1195 3048 tan—

123 3071 243 3121 consulto
256 3080 286 3133 et
302 3068 388 3118 dedita
404 3087 481 3135 opera
493 3087 509 3118 a
524 3069 645 3119 Cicerone
678 3086 753 3136 quam
766 3085 854 3117 munus
869 3067 973 3136 aliquod
986 3069 1103 3118 fortunae
1112 3065 1195 3132 impe-

120 3137 240 3205 quaesita
261 3135 387 3186 censenda
406 3145 446 3186 est
464 3145 569 3203 propter
583 3154 644 3186 seu·
678 3135 769 3186 tranda
785 3136 827 3184 sit.
913 3164 920 3173 ι
1095 3146 1098 3151 ·

121 3205 262 3268 tentiarum
274 3203 426 3270 gravitatem
440 3213 644 3253 armamentum.
716 3208 753 3260 ,3.
772 3204 802 3252 in
823 3201 916 3271 quibua
937 3222 978 3253 me
991 3201 1107 3282 fortuna
1119 3219 1197 3253 exer-

121 3272 166 3323 sic
182 3290 258 3322 mox:
280 3271 374 3322 famula
388 3268 507 3320 fortunae
521 3283 561 3321 eet
568 3308 577 3333 ,
597 3286 645 3321 nec
679 3271 741 3336 cuit)
759 3273 891 3321 Ea-ercere
904 3271 1026 3338 erquisrte
1042 3271 1136 3321 dicitur
1149 3285 1197 3335 pro

121 3349 252 3390 tantarum
275 3339 365 3388 virium
385 3349 432 3388 est.
450 3356 472 3388 c.
489 3341 572 3399 7,18.
587 3354 646 3388 ma·
677 3356 784 3398 vexare,
798 3339 913 3406 agitare.
932 3339 974 3387 Sic
982 3339 1115 3388 Sallustius
1123 3335 1196 3386 Catil.
1261 3370 1265 3381 .

122 3406 319 3456 thematicorum
333 3406 381 3454 iste
396 3423 451 3455 mos
466 3417 522 3466 est,
538 3420 590 3455 nou
605 3415 646 3454 est
679 3423 700 3455 c.
717 3407 764 3454 XI.
779 3406 861 3472 princ.
879 3403 929 3455 Sed
945 3405 1027 3472 primo
1047 3404 1126 3469 magis
1141 3421 1197 3452 am-

122 3473 342 3542 philosophorum.
360 3472 392 3521 de
408 3472 479 3522 Offic.
502 3475 522 3522 Ι.
544 3476 583 3535 19,
602 3476 644 3530 6⁴2.
678 3471 759 3533 bitio',
783 3489 858 3538 quam
873 3471 977 3520 avaritia
1001 3472 1096 3521 animos
1113 3470 1198 3521 horni-

122 3559 177 3592 uou
192 3540 270 3594 modo
287 3541 353 3589 eninr
367 3539 395 3588 id
408 3539 508 3589 virtutis
530 3557 583 3589 nou
599 3547 646 3602 est,
679 3558 738 3590 num
753 3539 889 3589 exercebat
906 3539 923 3588 i.
938 3557 960 3588 e.
980 3538 1100 3604 agitabat.

124 3607 171 3659 sed
186 3618 225 3658 est
238 3609 325 3674 potius
339 3607 510 3656 immanitatis.
731 3609 833 3657 animos
873 3607 969 3676 noque)
992 3607 1025 3655 ΙΙ.
1049 3624 1070 3654 θ.
1093 3603 1198 3665 animos,

176 3674 282 3726 abillis
296 3674 422 3743 positam)
445 3673 646 3724 Neidiusinter-
699 3674 723 3724 ui
746 3693 798 3725 nou
827 3625 872 3724 sol

125 3753 256 3811 pretatur:
273 3743 419 3810 depositam
432 3741 555 3810 erudisque
575 3753 648 3790 statu
680 3693 715 3808 lli.
731 3760 753 3791 e.
768 3760 844 3808 quum
857 3759 948 3808 corpus
965 3740 1036 3790 dolet
1043 3741 1060 3807 ‚l
1074 3740 1139 3789 male
1154 3739 1197 3788 af-

123 3808 283 3882 perfectr'ori
298 3810 434 3859 relictam:
451 3827 516 3876 quae
533 3809 647 3877 explica·
680 3809 806 3871 ficiuntur,
817 3808 946 3860 sedetiam
954 3806 1199 3876 propriosquosdem

126 3879 165 3928 tio
193 3886 220 3927 et
246 3876 372 3934 latinitati
396 3893 498 3945 prorsus
518 3886 648 3943 repugnat,
682 3886 708 3925 et
737 3877 876 3943 peculiares
898 3875 994 3927 habent
1015 3876 1132 3934 dolores,
1163 3873 1201 3923 uti

868 3692 908 3723 um
932 3673 1046 3741 corporis
1069 3670 1199 3722 doloribus
1289 3696 1297 3715 0

125 3955 154 3996 et
168 3944 221 3995 loci
236 3943 388 3994 sententiam
408 3942 494 4012 inepte
516 3943 647 4010 pervertit.
682 3943 866 4008 aegritudinem
882 3953 972 3994 etc.-
989 3944 1093 3994 Animus
1107 3941 1202 3990 dieitur
1244 3935 1248 3949 ⁸
1284 3972 1290 3982 ·

178 4011 296 4062 subiecto
321 4011 368 4061 aab
393 4013 484 4060 erarius
501 4041 533 4048 —
558 4012 650 4076 casus)
683 4028 821 4076 congruere
831 4011 942 4077 corporis
954 4010 1092 4072 doloribus,
1109 4009 1202 4076 quippe

126 4078 333 4131 Alibiaobiectue
340 4077 405 4148 apud
414 4079 560 4128 Ciceronem
569 4078 651 4128 alios·
683 4076 726 4146 qui
743 4077 832 4127 iisdem
848 4077 987 4139 doloribus,
1005 4078 1093 4144 quibus
1111 4093 1202 4143 corpus

128 4165 178 4215 qne
193 4144 241 4209 scri
259 4158 329 4197 tores
338 4145 401 4196 strui
411 4146 477 4207 solet
486 4164 542 4196 cnm
554 4145 650 4207 dativo,
685 4145 817 4206 cruciatur,
829 4145 895 4196 n'rale
905 4144 1044 4203 efficiatum
1058 4161 1133 4211 qutun
1143 4160 1203 4193 cor-

129 4225 158 4264 ut
168 4214 201 4264 sit
211 4165 342 4265 audientur
358 4215 440 4268 alicui
453 4215 495 4264 rei
501 4233 509 4269 ,·
525 4231 588 4282 quae
603 4232 651 4264 au·
685 4231 731 4280 pus
748 4211 835 4276 dolet,
852 4211 924 4263 dolet
942 4221 969 4261 et
983 4212 1086 4262 animus.
