2640 4612
213 176 277 244 938
461 185 1037 237 ruscuuaumuumsrurarronuu

216 304 298 377 illud
316 304 350 376 iu
368 302 487 376 animis
504 303 721 391 haberemus,
746 303 855 375 omnis
871 302 980 376 honos
997 302 1134 377 interitu
1150 311 1266 376 suorum
1312 306 1314 311 ’

213 436 312 506 quam
329 405 520 502 gravissime
537 433 682 478 maerere
700 422 861 505 oportere.

313 509 364 581 Ex
388 507 453 580 hoc
482 508 606 594 evenit,
631 524 668 578 ut
686 506 842 580 inanimi
866 506 1039 580 doloribus
1058 507 1115 597 alii
1135 506 1268 581 solitudi-

215 638 275 684 nes
289 626 437 709 captent;
462 626 500 682 ut
518 610 564 682 ait
579 611 746 683 Homerus
763 610 805 709 de
821 604 1100 709 Bellerophonte,

298 731 360 804 Qui
380 731 470 791 miser
488 730 656 813 inrumpis
677 734 812 791 maerens
834 731 953 791 errabat
973 732 1072 808 Aleis,

297 817 363 896 Ipsa
384 837 473 877 suum
494 838 548 876 cor
569 817 678 891 edens,
700 811 857 877 hominum
877 818 1004 894 vestigia
1024 817 1137 877 vitans.

210 915 255 1011 Et
278 913 390 986 Nioba
410 913 546 1012 fingitur
566 913 702 1014 lapidea·
722 930 861 1015 propter
885 930 1072 1003 aeternum,
1107 913 1225 1001 eredo,
1245 914 1271 984 in
1308 904 1311 909 ¹

211 1015 301 1088 luctu
322 1015 497 1089 silentium.
547 1016 718 1089 Hecubam
742 1028 868 1104 autem,
893 1033 1026 1117 putant,
1052 1032 1194 1116 propter
1214 1015 1271 1091 aui·
1312 1058 1314 1063 ·

212 1119 258 1191 mi
282 1118 494 1192 acerbitatem
512 1118 684 1217 quandam
713 1135 745 1192 et
771 1117 900 1191 rabiem
924 1110 1005 1217 fingi
1030 1119 1198 1211 inflcane'm
1214 1145 1271 1191 esse
1312 1130 1314 1139 '

213 1248 412 1307 conversam,
471 1221 556 1293 Sunt
582 1238 688 1294 autem
713 1221 786 1308 alii,
820 1248 907 1320 quos
933 1221 969 1293 in
992 1219 1084 1294 luctu
1100 1248 1190 1294 cum
1212 1220 1272 1319 ipsa
1306 1236 1314 1263 ¹

212 1323 391 1399 solitudine
414 1322 505 1424 loqui
530 1352 629 1424 saepe
650 1322 805 1412 delectat,
831 1339 868 1395 ut
882 1321 937 1395 illa
953 1323 1044 1423 apud
1060 1323 1209 1395 Ennium
1224 1351 1272 1394 uu·
1306 1336 1314 1407 ξ·

210 1425 292 1501 trix:
380 1522 383 1527 Ι
654 1460 656 1465 ’
983 1469 986 1477 ·
1291 1412 1314 1523 'l

295 1528 412 1627 Cupido
436 1547 516 1625 cepit
536 1547 673 1605 miseram
694 1567 776 1605 nunc
798 1567 845 1604 me
866 1547 1008 1625 proloqui

296 1633 387 1690 Coelo
410 1639 498 1708 atqua
518 1640 617 1690 terrae
637 1631 776 1690 Medeai⁶
797 1631 939 1690 miserias.

230 1764 234 1769 ·
311 1720 451 1799 XXVll.
504 1733 561 1807 64.
585 1729 675 1801 Haec
690 1728 817 1814 omnia,
840 1745 947 1815 recta,
972 1752 1065 1815 vera,
1093 1728 1274 1827 dehitapu-

210 1847 336 1916 tantes,
368 1829 494 1902 faciunt
518 1831 562 1900 in
596 1828 727 1904 dolore:
758 1831 965 1929 maximeque
996 1829 1198 1918 deelarat⁶,
1221 1831 1274 1903 hoc

203 1933 308 2032 'quasi
334 1931 436 2005 ollicii
461 1930 586 2004 iudicio
613 1931 702 2019 heri,
729 1932 837 2030 quod,
863 1931 971 2032 siqui
996 1932 1101 2019 forte,
1127 1961 1231 2033 quum
1246 1959 1273 2004 se

212 2036 248 2135 in
272 2034 360 2107 luctu
376 2058 457 2107 'esse
481 2030 616 2121 vellent,
643 2033 770 2132 aliquid
792 2034 940 2108 lecerunt
958 2034 1157 2124 humanius,
1184 2053 1238 2109 aut
1251 2033 1273 2106 si

212 2136 351 2210 hilarius
374 2135 475 2208 locuti
500 2151 593 2222 sunt,
626 2154 780 2211 revocant
809 2165 844 2210 se
866 2164 982 2209 rursus
1006 2138 1049 2209 ad
1073 2138 1274 2221 maestitiam,

212 2239 404 2338 peccatique
444 2266 480 2335 sc
522 2237 733 2333 insimulant,
766 2239 858 2339 quod
891 2238 1001 2319 dolere
1036 2240 1273 2315 intermiserint.

209 2341 336 2429 Pueros
362 2369 439 2413 aero
466 2356 587 2413 matres
616 2356 647 2413 ct
671 2341 821 2438 magistri
851 2341 1011 2439 castigare
1039 2341 1140 2426 etiam
1168 2343 1273 2426 solent,

127 2530 129 2535 .
209 2472 271 2517 nec
296 2442 553 2539 verbislsoluur,
579 2440 761 2516 sedetiam
786 2442 995 2530 verberibus,
1021 2442 1049 2515 si
1070 2445 1273 2542 quidinde

208 2546 346 2619 nrestico
364 2545 453 2617 luctu
468 2545 605 2617 hilarius
625 2544 667 2618 ab
684 2545 726 2617 iis
743 2544 865 2618 factum
882 2561 940 2631 est,
967 2561 1022 2619 aut
1038 2544 1185 2622 dictum:
1210 2546 1272 2646 plo

208 2675 282 2721 rare
309 2663 438 2745 cogunt.
490 2646 607 2743 Quid?
632 2647 705 2745 ipsa
721 2647 876 2719 remissio
893 2646 999 2720 luctus
1016 2675 1119 2744 quum
1134 2666 1186 2722 est
1204 2675 1270 2722 con·

208 2766 337 2836 secuta,
359 2743 653 2849 intellectumque,
687 2749 771 2821 nihil
795 2748 913 2846 profici
937 2751 1135 2837 maerendo;
1170 2775 1269 2824 nonne

180 2922 181 2927 ,
209 2878 262 2926 res
280 2850 441 2939 declarat,
466 2848 570 2925 luisse
586 2866 692 2923 totum
707 2850 790 2922 illud
805 2848 1047 2924 voluntarium?
1090 2924 1099 2943 ‚
1310 2940 1314 2985 t

275 3054 349 3112 5Sic
373 3063 442 3104 recte
457 3052 620 3109 daTurnehi
633 3054 758 3105 sententia
774 3055 804 3104 D.
823 3053 889 3104 Lall.
906 3083 938 3092 -
956 3055 1014 3104 Eru.
1032 3073 1054 3105 c.
1072 3053 1141 3120 vulg.
1159 3053 1269 3110 Medeae,

209 3121 353 3187 refragante
375 3131 465 3171 metro.
508 3124 525 3178 6
541 3118 585 3172 sie
609 3122 674 3173 bene
696 3123 780 3173 locum
803 3121 908 3172 constit.
925 3123 970 3172 W.
987 3151 1020 3162 -
1037 3123 1097 3172 Era.
1115 3140 1138 3174 a.
1156 3122 1236 3175 (lodd.
1248 3129 1269 3170 ot

209 3188 271 3256 aliq.
289 3188 352 3238 Edd.
370 3196 434 3238 vett.
452 3189 614 3240 declaratur.

259 3305 402 3370 Homerus)
421 3305 492 3355 Iliad.
509 3307 558 3367 vt,
575 3311 633 3364 201.
647 3323 685 3373 sq.
786 3303 875 3360 ‘'Stod'
897 3305 993 3375 ἵμερός
1014 3304 1042 3374 μ’
1062 3303 1177 3374 batilde
1198 3308 1231 3376 γῇ
1245 3319 1269 3356 τί

235 3370 321 3428 Ἤτοι
341 3375 357 3428 d
377 3371 434 3426 κὰπ
453 3373 553 3428 arator
571 3372 603 3425 τὸ
622 3370 726 3441 Ἀλήϊον
1070 3373 1202 3445 κούρανῷ
1230 3408 1235 3413 -
1303 3386 1306 3395 ·

485 3438 545 3503 οἷος
561 3439 664 3507 eltuto,
792 3441 892 3508 Δέξαι,
909 3440 1033 3512 μολούσῃ
1051 3441 1152 3508 δεῦρο,
1171 3439 1269 3496 δεσποί·

233 3508 290 3566 Ὃν
303 3506 399 3577 θυμὸν
416 3510 554 3571 κατέδων,
572 3508 663 3562 πάτον
679 3505 724 3563 olv-
818 3552 825 3569 ,
1067 3528 1119 3577 vna
1134 3509 1227 3579 τύχας.

446 3576 570 3645 &aanor
584 3575 723 3631 ἀλεείνων.
810 3576 869 3627 Car.
893 3577 1004 3628 XXVII.
1029 3578 1072 3635 64.
1100 3595 1130 3628 se
1156 3580 1187 3628 in
1209 3579 1269 3629 luctu

257 3661 429 3713 acerbum„
457 3661 611 3741 qpandam)
644 3663 677 3711 H,
702 3677 724 3710 θ,
759 3662 817 3695 esse
840 3644 953 3710 uellent)
986 3646 1018 3696 V.
1040 3644 1174 3697 Adnotatu
1196 3646 1223 3697 in
1242 3645 1267 3694 tt

208 3730 293 3780 neseio
312 3747 402 3797 quam,
420 3746 507 3780 nescio
523 3737 651 3796 quantam.
686 3729 724 3778 Gt}
758 3714 807 3775 24,
825 3717 866 3770 58·

208 3796 338 3846 Adnotata
351 3796 532 3856 {1111‚4‚11‚
594 3812 597 3817 ·
808 3781 982 3849 consequuta)
1006 3779 1070 3830 Noli
1087 3779 1203 3847 opinari,
1219 3795 1269 3831 rer·

173 3881 178 3890 ·
227 3864 230 3870 '
758 3846 817 3896 bum
834 3846 1003 3916 compositum
1024 3847 1075 3898 hoc
1091 3847 1153 3898 loco
1168 3848 1269 3928 positum

258 3897 331 3965 “lmd
344 3895 469 3974 ‘annium
490 3897 595 3964 '‘ulfi-”l
628 3899 726 3948 Graeca
758 3931 813 3964 csse
834 3932 881 3982 pro
900 3915 947 3964 sim
966 3914 1022 3964 lici:
1040 3915 1111 3982 quod
1125 3914 1182 3967 fieri
1192 3921 1270 3996 potest
1312 3946 1314 3957 .

208 3964 275 4044 ³P¹¹d
292 3962 437 4028 Eunpldem
456 3980 484 4012 ¹¹¹
499 3963 568 4015 Med·
579 3982 611 4055 ἶ·
627 3971 670 4024 57·
687 3983 724 4033 sq·
758 3998 898 4050 nunquam
916 3933 965 4032 sed
978 3983 1051 4033 locus
1066 3983 1104 4033 ita
1117 3981 1269 4052 accipiendus

207 4049 243 4083 ⁵¹⁰
258 4048 286 4081 ⁸⁰
301 4029 411 4080 hflbfflt‘
454 4078 458 4086 ·
758 4058 811 4098 est:
829 4050 891 4118 ipsa
905 4051 1028 4100 remissio
1043 4051 1130 4101 luctus
1145 4068 1223 4120 quum
1236 4056 1268 4098 est

239 4112 312 4185 Ἐγὼ
346 4112 399 4182 γὰρ
432 4111 460 4176 ἐς
489 4112 564 4168 τοῦτ’
597 4113 725 4200 ἐμβέβηιί
758 4125 879 4236 sequuta,
900 4117 939 4169 ita
956 4116 1073 4185 quidem,
1099 4127 1129 4169 ut
1145 4118 1218 4169 simul
1231 4117 1268 4166 iu·

511 4179 673 4249 ἄλγηδονος,
758 4196 785 4234 te
806 4196 906 4255 agatur.
930 4184 1103 4238 V.Adnotuta
1116 4185 1173 4238 inl.
1187 4185 1267 4244 ffidb
1312 4224 1314 4259 Ξ
