2640 4626
202 227 262 292 ¹106
447 233 726 284 ruscumuaaum
742 230 1021 283 nrsrursmouuu

303 360 359 435 74.
385 351 454 425 Sed
479 351 561 424 haec
579 367 611 424 et
625 367 750 436 vetera,
777 367 808 423 et
826 378 845 421 a
863 347 1009 422 Graecis.
1061 348 1144 420 Cato
1166 362 1273 421 autem

202 459 249 531 sic
266 455 348 529 abiit
362 484 379 528 e
395 454 479 541 vita,
502 470 539 525 ut
556 480 705 525 caussam
720 451 883 525 moriendi
900 467 1034 524 nactum
1048 477 1085 523 se
1104 476 1180 524 esse
1195 478 1275 549 gan·

204 562 303 633 deret.
354 561 452 630 Vetat
471 557 558 630 euim
577 555 753 629 dominans
769 555 822 628 ille
847 553 882 626 in
902 552 1002 626 nobis
1017 551 1116 641 deus,
1144 553 1275 627 iniussu

202 662 280 735 hinc
290 688 352 733 uos
370 688 431 734 suo
447 659 649 756 demigrare:
675 687 777 757 quum
793 685 871 730 vero
887 683 1036 729 caussam
1052 655 1177 728 iustam
1193 655 1274 730 deus

200 765 273 865 ipse
290 763 427 849 dederit,
452 779 489 834 ut
504 778 583 835 tuuc
599 761 738 847 Socrati,
764 788 852 833 nunc
873 759 1002 846 Catoni,
1027 785 1128 857 saepe
1144 756 1274 845 multis;

200 895 262 939 nae
277 865 348 951 illc,
373 865 503 938 medius
518 863 635 951 fidius,
661 864 711 936 vir
726 863 858 964 sapiens
878 861 981 934 laetus
997 890 1036 934 ex
1054 860 1107 932 his
1122 860 1273 935 tenebris

202 970 237 1040 in
259 968 364 1041 lucem
391 967 480 1040 illam
504 966 686 1057 excesserit.
711 996 773 1040 nec
798 982 908 1037 tamen
925 963 981 1035 illa
1001 962 1108 1035 vincla
1129 962 1272 1038 carceris

202 1071 347 1171 ruperit,
373 1068 475 1169 (leges
492 1062 578 1142 enim
595 1073 736 1167 ustauh)
762 1068 822 1141 sed
842 1084 1009 1165 tamquam
1029 1094 1047 1138 a
1066 1063 1273 1164 magistratu,

201 1190 257 1246 ant
273 1173 315 1244 ab
333 1172 443 1272 aliqua
456 1186 617 1273 potestate
630 1171 794 1269 legitima,
820 1171 867 1244 sic
885 1169 984 1242 adeo
1003 1184 1158 1243 evocatus
1177 1184 1272 1268 atque

201 1275 351 1363 emissus,
362 1275 484 1348 exierit.
493 1288 568 1347 lota
577 1274 664 1347 enim
670 1272 966 1374 philosophorum
976 1274 1057 1357 vila,
1070 1287 1107 1343 ut
1117 1270 1272 1359 aitidem,
1303 1334 1305 1339 ,

201 1380 447 1451 commentatio
456 1380 579 1449 mortis
596 1391 656 1449 est.
688 1378 815 1449 XXXI.
833 1386 889 1456 75.
904 1374 989 1446 Nam
1003 1373 1086 1473 quid
1101 1372 1196 1446 aliud
1205 1372 1272 1471 agi·

200 1509 284 1568 mus,
293 1509 394 1580 quum
404 1479 607 1579 avolnptate,
625 1479 729 1566 idest,
749 1506 926 1578 acorpore,
941 1504 1069 1577 quuma
1085 1503 1122 1550 re
1129 1474 1270 1549 familia-

199 1683 246 1737 aul
276 1681 548 1750 δυσεξελεγκότατον,
578 1679 623 1736 tut
657 1681 720 1736 coti·
748 1673 843 1734 ‘verm
868 1681 949 1732 Huius
969 1679 1068 1748 generis
1097 1680 1270 1748 exemplorum

200 1770 250 1805 coc
276 1749 497 1819 ὀχούμενον.
525 1748 637 1817 ὥσπερ
659 1749 718 1804 ἐπὶ
751 1747 1268 1817 largamcopiamsuppeditatltamshorn.

201 1820 359 1886 σχεδίας,
379 1815 577 1871 κινδυνεύοντα
586 1816 634 1869 τὸν
644 1819 714 1886 βίον.
749 1822 810 1869 Lat.
822 1819 937 1869 Gramm.
952 1818 974 1884 §.
990 1817 1048 1874 164.
1064 1833 1091 1883 p.
1107 1817 1179 1875 4033
1196 1832 1268 1897 guam

202 1886 309 1936 Omnino
335 1886 441 1936 maxime
457 1884 571 1937 blandita
587 1895 626 1935 est
643 1896 716 1936 vete-
749 1897 833 1936 antem
847 1885 873 1934 in
887 1885 937 1934 hoc
958 1882 1060 1934 dicendi
1074 1900 1120 1933 usn
1136 1901 1168 1933 ex
1187 1883 1268 1934 hean-

201 1953 269 2003 n'bus
282 1952 446 2020 scriptoribus
453 1952 517 2004 haec
532 1953 623 2019 imago,
641 1973 714 2021 quam
749 1954 783 2004 do
798 1952 872 2002 inivit
888 1953 1021 2014 rationem,
1037 1967 1128 2019 parum
1150 1951 1159 2001 i
1178 1968 1267 2003 onum

202 2021 276 2070 variis
296 2020 377 2071 modis
399 2036 550 2089 expressere
592 2023 622 2070 V.
642 2023 714 2073 locos
748 2038 802 2071 esse
815 2029 888 2089 puto.

202 2088 315 2138 elatinis
334 2087 565 2156 poetiseDariaio
581 2089 714 2140 excitatos.
798 2140 845 2172 sae
863 2121 989 2187 emula-3)
1015 2121 1099 2190 Saepe
1114 2120 1196 2171 mulu-
1217 2130 1267 2171 ω,

251 2157 293 2213 74⁸
311 2159 376 2205 ΟΜ
398 2167 485 2206 ‘mim
501 2174 542 2207 ⁸¹⁶
556 2155 623 2206 “bui
639 2177 654 2207 θ
670 2176 716 2274 Ξῖ
747 2190 821 2240 multi
842 2140 909 2239 iilius
930 2189 981 2238 alio
994 2198 1118 2256 tempore.
1137 2187 1171 2239 de
1187 2186 1266 2239 Amic.

201 2225 242 2290 ta)
257 2224 294 2273 M.
308 2223 411 2273 Porcius
433 2224 495 2275 Cato
512 2223 654 2285 Uticensis,
747 2251 820 2319 m·
855 2257 917 2307 Cum
931 2272 1007 2323 saepe
1021 2256 1116 2317 multa,
1142 2265 1198 2306 tum
1215 2273 1267 2307 me·

201 2290 322 2356 sciplinae
337 2291 432 2343 stoicae
448 2291 580 2354 addictus,
605 2293 631 2342 in
646 2292 714 2343 bello
748 2324 885 2375 mini-in
894 2340 1099 2374 eumsemonem
1113 2323 1190 2374 illum
1203 2323 1267 2377 ind-

201 2358 283 2420 civili,
300 2356 446 2439 Pompeium
460 2360 527 2410 inter
543 2370 570 2409 et
584 2360 716 2410 Caesarem
749 2393 818 2444 dm⁸
854 2394 886 2444 V·
904 2390 1044 2443 gernharg
1058 2391 1092 2441 ad
1106 2391 1181 2442 offic,
1190 2393 1213 2442 1,
1226 2397 1268 2451 22

200 2436 281 2492 gesto,
307 2426 471 2493 Pompeianas
487 2437 572 2495 partes
588 2437 715 2495 sequutus,
749 2463 789 2519 74·
807 2458 880 2510 Beier
895 2458 928 2509 ad
943 2457 992 2508 Offi
1016 2460 1047 2509 Π,
1065 2463 1096 2520 g,
1119 2464 1165 2516 20,
1183 2478 1212 2528 p,
1226 2459 1266 2518 47,

201 2495 717 2629 ἓῖεᾝι,οῗὲῖὶθῗᾟῐὲσζὲᾜεῗοὲἒξ
749 2529 790 2579 sic
805 2526 897 2579 Graeci
918 2526 1007 2576 dicunt
1019 2523 1106 2580 aalide
1123 2524 1267 2588 πολλάκις.

200 2629 268 2679 lecto
291 2638 366 2678 antea
389 2629 504 2679 Platonis
524 2629 556 2678 de
578 2629 715 2679 animorum
798 2641 854 2679 tota
877 2628 946 2678 enim
964 2627 1183 2697 philosophorum
1203 2620 1268 2688 mu,

199 2696 392 2776 immortalitate
408 2697 482 2756 libro,
500 2695 716 2775 quuihssdffln’
748 2710 777 2748 nr
797 2698 838 2747 ait
854 2696 939 2774 idem,
963 2695 1148 2774 commentatio
1176 2697 1269 2777 nacrtia

199 2773 387 2880 hillidii
407 2781 520 2879 ttttt
545 2763 715 2900 {tlttttlt
747 2762 1269 2899 {iileiiffi¹¹ii‘lhissff¹i⁰sffl

199 2916 271 2959 mm,
296 2897 376 2947 veluti
400 2897 633 2965 Pythagoreorum,
653 2901 715 2951 Pla·
748 2900 831 2949 nebris
846 2900 872 2950 in
895 2899 977 2949 lucem
1000 2898 1070 2949 illam
1085 2898 1199 2949 excedet
1213 2898 1267 2949 ani·

199 2965 358 3025 tonicorum,
376 2965 518 3015 Stoicorum
533 2966 637 3019 scholae
657 2979 714 3018 sta·
748 2985 789 3018 mo
806 2967 956 3026 laetissim03
981 2984 1039 3016 nam
1060 2982 1107 3034 per
1127 2975 1214 3017 totam
1228 2966 1267 3016 ri·

200 3041 319 3092 tuerunt,
344 3032 392 3081 nisi
414 3032 480 3083 iusta
500 3051 586 3084 caussa
608 3036 713 3103 abipso
747 3045 799 3086 tam
821 3035 847 3085 id
871 3034 938 3100 egit,
965 3045 993 3084 ut
1011 3043 1190 3084 secerneretur
1209 3050 1267 3085 cot·-

200 3100 250 3167 deo
273 3098 348 3160 data,
374 3099 517 3151 hominibus
541 3119 592 3153 non
608 3103 714 3153 liceree
747 3120 810 3171 pore
823 3103 949 3164 animum,
974 3102 1000 3152 h.
1019 3119 1040 3152 e.
1061 3101 1128 3151 mori
1145 3100 1265 3153 disceret

199 3167 253 3229 rita
267 3166 413 3233 demigrare.
437 3169 607 3220 Pulcherrime
622 3170 654 3220 de
668 3187 714 3219 ea·
748 3168 1267 3250 Commentatiopropriediciturdeora·

198 3234 257 3285 dem
273 3251 301 3284 re
324 3251 338 3284 e
352 3236 466 3286 Platonis
488 3238 614 3289 sententia
624 3238 713 3288 Cicero
747 3248 829 3287 torum
845 3237 1017 3288 meditatione.
1031 3237 1063 3288 V.
1073 3235 1195 3287 Schuetz.
1205 3238 1265 3288 Lex.

198 3302 299 3352 disserit
307 3301 333 3351 in
343 3306 427 3355 somn.
437 3304 504 3373 Scip.
515 3305 546 3356 de
554 3307 593 3356 Re
612 3307 662 3356 ‚Vt
674 3309 713 3363 15.
747 3305 861 3356 Ciceron.
878 3323 899 3355 s.
912 3322 936 3355 v.
953 3305 1019 3355 Tum
1034 3320 1095 3354 vero
1112 3305 1147 3354 ad
1162 3304 1266 3356 aliatum

198 3370 236 3420 cf.
255 3369 286 3419 dc
301 3377 400 3421 senect.
415 3389 436 3421 c.
449 3378 490 3431 20.
503 3379 545 3431 21.
570 3324 627 3422 Aila
641 3390 714 3423 com·
747 3390 847 3441 quoque
864 3390 947 3425 rerum
964 3369 1165 3439 cogitationem,
1183 3372 1266 3424 medi-

199 3437 298 3505 paravit
311 3438 426 3489 Davisius
442 3441 474 3490 ad
488 3441 556 3490 hunc
569 3440 662 3490 locum.
745 3441 870 3491 tationem
879 3451 955 3520 atquc
964 3439 1173 3491 exercitationem
1180 3449 1266 3492 mne

248 3523 325 3575 quum
349 3524 410 3556 vero
431 3536 465 3547 -
490 3507 596 3558 dederit
612 3536 645 3563 ς-
662 3526 714 3559 nae
746 3510 835 3558 fertur.
853 3509 894 3558 Sic
907 3509 973 3558 infru
981 3510 1013 3558 11.
1028 3511 1068 3568 18,
1086 3509 1130 3566 42.
1147 3508 1180 3558 de
1194 3525 1265 3559 exer-

200 3573 293 3624 ille-
309 3577 463 3642 excesserit)
481 3575 581 3642 Duplex
603 3576 714 3626 futurum
747 3576 883 3638 citatione,
908 3586 934 3625 et
951 3574 1133 3626 consuetudine
1149 3585 1178 3626 et
1195 3593 1260 3628 com·

199 3649 314 3690 exactum
344 3658 360 3693 a
387 3640 518 3694 veteribus
550 3644 598 3692 scri
616 3644 715 3695 toribus
747 3645 902 3695 mentatione
917 3645 961 3710 (sc.
974 3642 1074 3693 -lcrendi
1083 3641 1193 3711 doloris)
1207 3642 1264 3694 dixi.

199 3707 318 3776 ponitur,
344 3728 420 3779 qnam
437 3727 477 3760 res
493 3709 524 3775 in,
537 3727 586 3778 apo
605 3712 643 3761 osi
667 3729 715 3762 ex·
749 3712 788 3762 Cf.
811 3714 854 3761 111.
878 3716 925 3775 16,
949 3713 990 3769 34.
1009 3711 1193 3762 commentatio
1217 3729 1265 3781 pa·
1311 3754 1313 3767 ,

198 3792 299 3843 pressa,
327 3778 417 3828 eodem
441 3793 491 3844 quo
513 3778 593 3829 altera
610 3779 635 3828 in
650 3797 715 3847 pro·
747 3778 829 3830 rendi.
863 3781 908 3828 Est
932 3777 1174 3846 grammaticum,
1192 3777 1264 3848 pali·
1311 3782 1313 3795 '

198 3843 246 3892 tasi
260 3862 377 3913 expressa
392 3844 513 3911 temporis
528 3856 623 3913 puncto
633 3863 712 3896 even-
746 3865 828 3914 τημα.
847 3849 879 3896 V.
886 3847 995 3897 Passow.
1003 3845 1105 3896 Griech.
1113 3846 1205 3898 Lexic.
1213 3866 1234 3897 s.
1242 3863 1263 3895 v.

197 3912 366 3963 tum·habere
390 3911 491 3962 dicitnr.
533 3915 564 3963 V.
588 3913 713 3963 Matthiae
746 3915 829 3966 Verba
848 3913 926 3983 ipsius
942 3914 1064 3974 Platonis,
1084 3931 1161 3982 quern
1176 3932 1264 3983 respe-

198 3978 231 4029 ad
244 3983 288 4031 tv.
308 3998 346 4031 or.
363 3979 392 4030 in
408 3979 482 4029 Catil.
495 3984 525 4047 6,
552 3984 593 4038 11.
630 3981 711 4031 Beier.
745 3983 783 4034 xit
799 3983 902 4046 Cicero,
923 3993 981 4032 sunt
994 3981 1166 4034 inPhaedon.
1189 3986 1214 4053 ς
1225 3986 1263 4042 12.

198 4044 231 4097 ad
253 4047 327 4098 offic.
345 4048 388 4096 ut.
403 4049 434 4107 6,
451 4051 494 4106 30.
507 4064 537 4127 p.
549 4051 609 4107 232.
643 4049 712 4099 Infra
748 4050 785 4104 Τὸ
801 4050 937 4118 μελέτημα
951 4047 1021 4104 atel
1037 4047 1123 4104 coiri
1139 4046 1264 4103 tazates

197 4117 236 4178 11,
253 4121 286 4177 6,
312 4117 353 4172 16.
373 4131 449 4180 quam
472 4133 527 4182 ans
550 4116 713 4182 ignominiam
747 4117 927 4188 φιλοσόφων,
954 4115 1100 4178 tioterici
1124 4115 1263 4187 χωρισμὸς

197 4199 249 4253 nou
280 4181 410 4243 ertulerit,
429 4191 459 4233 nt
470 4182 576 4251 effugiat
589 4184 712 4247 dolorem,
745 4187 838 4255 ψυχῆς
863 4183 919 4239 ἀπὸ
952 4184 991 4238 oni
1013 4203 1103 4248 cese:-
1128 4203 1188 4236 cnm
1247 4201 1261 4234 ο

197 4250 244 4300 sii
280 4264 402 4300 summum
425 4250 517 4302 malum
540 4268 595 4304 cass
619 4253 712 4306 deere-
745 4255 805 4306 loco
819 4253 898 4305 multa
913 4271 943 4305 co
1002 4251 1146 4306 'tDavisius
1162 4252 1198 4305 ad
1245 4251 1261 4303 l.
