2640 4626
490 248 696 308 areauna
1085 244 1128 312 53

61 360 170 451 entia,
195 364 293 464 copia
311 369 352 453 ²,
378 391 480 463 quum
497 381 607 438 motus
626 382 712 438 esset
726 366 882 439 Isocratis
899 366 1041 441 rhetoris
1057 365 1135 467 glo-⁵

56 467 118 555 ria,
145 466 255 540 dicere
273 464 369 539 ctiam
385 466 495 567 coepit
509 466 726 541 adolescentis
743 468 862 543 docere
880 475 910 558 ³,
936 486 968 543 et
981 472 1127 571 pruden-

56 569 138 642 tiam
159 598 234 641 cum
252 568 437 666 eloquentia
456 568 608 667 iungere:
635 570 683 642 sic
705 570 804 642 nobis
825 570 950 671 placet,
975 601 1036 647 nec
1056 575 1127 674 pri-

57 672 180 744 stinum
205 670 338 744 dicendi
363 670 510 743 studium
533 670 716 773 deponere,
741 688 773 745 ct
795 671 830 744 in
855 673 918 747 hac
941 674 1066 748 maiore
1095 693 1127 751 et

56 773 212 847 uberiore
228 789 296 846 arte
310 772 443 846 versari.
475 772 561 846 hanc
572 773 665 848 enim
682 773 862 873 perfectam
876 772 1129 877 philosophiam
1137 832 1141 841 -

56 904 190 976 semper
205 875 366 962 iudicavi,
391 902 476 973 quae
493 875 535 948 de
554 875 707 973 maximis
722 877 972 977 quaestionibus
989 878 1126 978 copiose

55 995 172 1079 posset
191 994 368 1076 ornateque
387 977 513 1051 dicere:
539 977 575 1049 in
595 1006 696 1078 qnam
717 979 982 1054 exercitationem
998 980 1046 1053 ita
1062 1008 1126 1055 nos

56 1080 206 1154 studiose
238 1079 391 1152 dedimus
407 1084 447 1167 4,
480 1095 519 1151 ut
548 1079 622 1152 iam
640 1081 738 1154 etiam
764 1081 894 1156 scholas
921 1083 1126 1158 Graecorum

55 1212 152 1256 more
168 1181 291 1255 habere
309 1181 512 1254 auderemus.
552 1198 590 1254 ut
607 1210 715 1283 nuper
731 1200 825 1257 tuum
843 1200 920 1284 post
941 1184 1124 1259 discessum

56 1287 92 1358 in
111 1282 318 1371 Tusculano,
344 1280 445 1382 quum
464 1281 572 1357 essent
589 1284 774 1384 complures
793 1294 810 1339 ⁵
837 1314 966 1360 mecum
984 1287 1125 1361 familia·

55 1416 141 1480 res,
154 1387 295 1473 tentavi,
319 1385 401 1486 quid
420 1386 452 1458 in
473 1415 512 1459 eo
529 1415 648 1484 genere
666 1408 808 1488 possem.
858 1391 905 1460 Ut
922 1388 1136 1483 enim-antea¹

19 1556 21 1563 .
56 1487 309 1563 declamitabam
327 1509 477 1579 caussas,
503 1489 595 1588 quod
615 1518 714 1562 nemo
735 1518 789 1564 me
811 1490 936 1565 diutius
954 1489 1049 1565 fecit:
1075 1491 1124 1565 sic

123 1665 142 1717 2
156 1661 188 1711 V.
203 1658 268 1708 Ado.
301 1661 319 1716 3
335 1659 394 1708 Em.
412 1657 651 1725 docere-dicere.
668 1657 712 1709 Ibe
730 1668 766 1709 te.
799 1660 818 1718 4
833 1659 972 1727 Pleraeque
985 1659 1051 1712 Edd.
1060 1668 1123 1712 vett.

55 1727 175 1778 studiose
190 1741 296 1796 operam
311 1726 440 1777 dedimus.
471 1727 586 1777 Lambin.
602 1727 694 1795 aliique
708 1677 856 1777 deleverunt
869 1745 981 1796 operam,
997 1729 1058 1778 Em.
1072 1744 1124 1778 un-

55 1797 121 1846 cinis
133 1795 219 1856 cinxit,
237 1796 282 1845 W·
297 1811 320 1844 c.
335 1793 423 1851 Lamb.
438 1804 508 1844 recte
530 1794 717 1853 exterminavit3
742 1812 800 1844 nam
815 1812 938 1862 nusquam
952 1794 1014 1846 alibi
1024 1794 1124 1846 Tullius

56 1864 122 1914 dixit
136 1880 241 1932 operam
256 1862 322 1911 dare
337 1861 367 1910 iu
388 1862 493 1930 aliquid
498 1881 507 1919 ,·
523 1873 578 1912 tum
602 1880 676 1924 vero,
695 1864 799 1912 retenta¹
817 1861 866 1913 hac
886 1879 964 1925 voce,
981 1879 1055 1930 pron.
1075 1879 1124 1913 noe

55 1932 132 1998 plane
147 1930 275 1980 abundare
289 1928 402 1987 videtum
420 1940 488 1979 certe
505 1930 582 1979 verba
605 1929 642 1979 sic
660 1928 801 1979 ordinanda
822 1939 907 1979 erant:
932 1930 962 1979 in
982 1948 1061 1998 quam
1081 1948 1122 1982 ex.

56 2017 106 2050 nos
119 2000 161 2049 ita
175 1999 245 2048 stud.
261 2014 366 2067 operam
380 1997 508 2046 dedimus.
525 1998 564 2048 cf.
579 1997 645 2048 Adn.
679 2002 696 2054 6
712 1998 772 2048 Ern.
789 2015 812 2048 c.
830 1997 886 2047 aliis
896 1997 999 2067 plures.

55 2099 127 2150 illum
149 2115 248 2148 summo
269 2097 371 2164 ingenio
392 2096 520 2147 hominem
542 2115 573 2148 ao
606 2097 691 2158 disset,
711 2096 820 2147 omnium
835 2097 885 2147 fuit
900 2097 976 2148 facile
995 2097 1121 2166 princeps.

57 2166 202 2233 disciplina.
236 2165 335 2216 Muren.
360 2167 450 2226 XVII,
472 2169 515 2223 36.
539 2166 571 2215 L.
606 2166 724 2215 Ceterum
738 2165 773 2223 cf.
789 2167 821 2217 V.
831 2165 862 2214 L.

55 2234 201 2301 Philippum
224 2249 322 2284 summo
342 2232 460 2298 ingenio,
486 2248 572 2298 opera,
655 2231 828 2282 ut-ltalrere
840 2232 1009 2300 auderemus)
1026 2232 1121 2283 Obser-

55 2301 156 2368 gratia,
173 2300 317 2351 nobilitate.
349 2301 381 2352 V.
397 2301 521 2353 Goerenz.
538 2296 572 2350 ad
606 2298 702 2349 vandus
726 2309 766 2349 est
792 2317 850 2349 usus
874 2299 1026 2368 imperfecti.
1066 2302 1121 2350 Ex-

55 2368 176 2420 Academ.
192 2371 211 2418 l.
226 2369 253 2428 4,
271 2373 312 2426 17.
328 2385 355 2435 p.
370 2371 413 2424 28.
606 2365 768 2433 spectabatur
780 2375 847 2415 ut—
855 2368 1016 2423 audeamus;
1032 2366 1077 2419 sed
1093 2366 1121 2416 iu

107 2436 488 2504 recommunicare—deponere,
503 2447 573 2485 'et-
605 2443 717 2483 veterum
734 2433 900 2500 scriptorum,
916 2434 1030 2501 inprimis
1046 2427 1120 2483 Cice-

55 2506 176 2568 versari)
193 2505 226 2553 H.
237 2520 259 2552 e.
276 2519 329 2553 non
343 2502 423 2552 solum
438 2502 573 2569 pristinum
607 2500 690 2562 ronis,
708 2517 779 2550 more
798 2500 910 2566 positum
932 2510 985 2562 est,
1010 2509 1039 2549 nt
1060 2508 1121 2567 poet

12 2610 14 2615 ,
56 2571 160 2622 dicendi
195 2570 304 2620 studium
350 2586 403 2620 non
437 2570 574 2636 deponere,
607 2568 747 2636 perfectum
765 2567 842 2617 etiam
869 2569 897 2618 in
919 2568 949 2618 iis
962 2564 1120 2628 *enunciatis

56 2640 102 2690 sed
119 2638 195 2690 etiam
207 2639 234 2687 in
248 2637 297 2688 hac
313 2636 407 2687 maiore
421 2645 447 2686 et
459 2637 575 2687 uberiore
607 2653 713 2702 quorum
720 2635 845 2685 sententia
852 2637 893 2686 vel
900 2635 932 2685 ad
938 2646 1120 2702 tempusprae-

56 2705 224 2774 arteversari.
246 2703 438 2772 Siceaepissime
453 2721 575 2772 neque·
606 2720 664 2752 sens
677 2703 796 2770 pertinet,
814 2703 855 2753 vel
867 2704 1057 2769 omnitempore
1069 2701 1120 2751 vim

57 2787 83 2826 et
97 2774 141 2824 vel
149 2791 236 2823 nec-
245 2784 278 2831 et,
295 2783 370 2840 atque
379 2772 443 2822 adeo
457 2773 573 2838 nec1ne-
606 2788 675 2820 suam
691 2769 784 2832 babet,
800 2769 1119 2838 imperfectumsequatur.

56 2842 157 2912 quel-
170 2858 227 2909 que.
247 2841 332 2890 -Infra
344 2858 366 2890 a.
374 2845 418 2902 23,
433 2845 475 2898 65.
493 2857 575 2908 neque
606 2842 691 2888 Somn.
714 2838 782 2906 Scip.
808 2855 830 2888 c.
855 2843 881 2896 3.
914 2837 1037 2889 Homines
1059 2847 1121 2886 sunt

55 2919 119 2960 nata
133 2919 202 2959 certe
216 2917 263 2970 est,
280 2920 305 2957 et
319 2917 422 2958 aeterna
431 2916 477 2956 est.
496 2925 519 2956 c.
528 2911 571 2968 29,
605 2905 654 2955 hac
676 2905 701 2954 le
720 2923 735 2955 e
754 2907 890 2975 generati,
922 2905 965 2972 qui
985 2916 1121 2954 tuerentur
1201 2949 1204 2957 .

56 2981 99 3035 71.
133 2979 251 3026 Socrates
266 2993 314 3024 nec
325 2974 450 3024 iudicibus
465 2975 571 3042 supplex
603 2972 675 3022 illum
689 2923 805 3038 globum:
821 2972 922 3041 imperf.
932 2983 1069 3023 tuerentur
1075 2971 1119 3021 in-

56 3044 122 3107 fuit,
139 3042 303 3112 adhibuitque
317 3041 422 3092 liberem
435 3051 571 3092 conturna·
603 3040 673 3089 dicat
686 3036 825 3101 consilium,
843 3040 913 3106 quod
925 3039 987 3089 deus
1000 3048 1056 3089 tum
1070 3037 1120 3088 ha-

56 3111 132 3162 eiam.
175 3110 208 3167 V.
234 3109 376 3160 Ramshorn
398 3110 457 3159 Lat.
481 3111 526 3158 Gr.
546 3110 569 3176 1.
603 3106 673 3168 buit,
691 3123 767 3173 quum
791 3107 905 3157 homines
928 3106 1067 3173 generarit.
1085 3105 1119 3155 de

55 3183 117 3238 179.
134 3178 197 3228 Not.
207 3182 231 3235 1.
248 3196 274 3244 p.
288 3183 346 3235 527.
356 3181 394 3245 10.
410 3176 447 3225 Μ.
462 3174 572 3226 Mueller
603 3179 703 3224 Senect.
716 3179 759 3232 21.
782 3175 833 3225 Sed
848 3175 925 3224 credo
939 3175 1001 3224 deos
1014 3173 1120 3224 immor*-

56 3245 91 3296 ad
100 3245 154 3295 Cic.
168 3245 201 3295 de
210 3249 280 3295 Orat.
298 3246 319 3294 1.
336 3248 378 3304 33,
396 3246 454 3301 152.
471 3262 498 3311 p.
510 3248 570 3301 100.
603 3243 667 3293 tales
689 3243 824 3310 sparsisse
839 3241 953 3293 homines
970 3241 997 3291 in
1011 3256 1119 3307 corpora

56 3314 161 3364 Passow
182 3312 216 3363 ad
237 3311 320 3362 Tacit.
343 3313 460 3369 German.
483 3329 509 3377 p.
527 3314 570 3368 86.
603 3310 726 3370 humana,
744 3319 773 3359 ut
787 3321 888 3369 esseut,
907 3309 949 3376 qui
964 3319 1043 3358 terras
1059 3319 1119 3356 tue·

56 3380 132 3431 Beier
150 3379 184 3430 ad
206 3379 278 3430 Offic.
298 3380 343 3428 111.
366 3378 391 3440 4,
408 3383 450 3434 20·
468 3396 495 3444 p-
512 3383 571 3435 215.
606 3389 698 3429 rentur
720 3386 770 3426 etc.
803 3378 836 3426 V.
859 3376 971 3426 Ochsncr
986 3374 1040 3424 Ecl.
1065 3372 1118 3422 Cic.

55 3466 95 3516 sq.
114 3444 573 3516 Sioseexoipiuntet-nec(neque).
606 3463 632 3511 p.
646 3447 707 3501 251.
732 3454 759 3492 et
779 3446 871 3510 Zumpt
893 3445 950 3491 Lat.
974 3443 1019 3492 Gr.
1041 3443 1063 3508 1.
1076 3443 1118 3497 76.

56 3517 89 3565 V.
106 3514 248 3566 llamshorn
259 3515 278 3564 l.
287 3514 312 3563 d.
328 3523 354 3563 et
366 3512 439 3563 Beier
452 3511 485 3562 ad
499 3510 572 3561 offic.
607 3530 631 3578 p.
644 3512 703 3568 384.
721 3511 767 3560 Ed.
780 3512 824 3561 IV.
858 3509 1059 3569 HincinfraIV,
1079 3510 1119 3567 11,

55 3584 76 3632 I.
93 3585 137 3645 21,
156 3586 200 3640 72.
217 3600 244 3649 p.
263 3585 321 3640 169.
606 3578 650 3635 24.
675 3577 770 3626 nollem
801 3577 930 3642 vulgatum
961 3584 1070 3625 sarzarct
1092 3573 1120 3652 in

56 3657 577 3782 ...tt.tt“tttt.23²⁰t'.⁰t?'”.t²tt⁰t
604 3654 726 3763 {iiiiii
743 3646 1129 3781 lahdttt‘tttttt„

56 3776 267 3836 exercithtionem
275 3795 373 3834 tantum
385 3780 497 3832 studium
507 3799 572 3831 con·
604 3781 630 3830 in
642 3779 731 3847 quibus
739 3789 799 3847 post
808 3780 948 3846 perfectum
961 3779 1080 3846 (praeter.
1092 3777 1121 3826 in

55 3853 168 3904 tulimus.
186 3852 265 3902 Glcer.
282 3851 375 3901 Caecil.
389 3856 414 3907 2.
425 3850 476 3917 ‚qui
490 3866 530 3899 me
540 3848 572 3899 ad
604 3848 695 3916 praes.)
719 3864 837 3914 praesens
861 3847 988 3914 sequitur,
1023 3845 1119 3896 rariora

55 3919 231 3971 defendendos
240 3919 355 3969 homines
369 3918 401 3968 ab
414 3916 572 3967 ineunteae-
604 3925 680 3977 sunt,
696 3924 726 3963 ut
741 3914 806 3964 infra
822 3933 844 3964 c.
862 3919 904 3975 21,
920 3916 961 3971 49.
972 3923 1020 3963 ·tot
1036 3922 1121 3963 autem

56 3999 112 4038 tate
126 3987 259 4037 dedissem.
276 3986 309 4037 de
326 3984 510 4047 Orat.111.16,
528 3988 570 4041 59.
599 3983 823 4042 ‚rationesauulia
841 3981 964 4031 ut-sibi
981 3989 1050 4031 certe
1057 3997 1120 4049 per-

56 4055 205 4122 (Socrates),
223 4072 299 4121 quum
310 4053 450 4121 prudentia,
469 4062 496 4102 et
509 4069 567 4102 acu-⁴
605 4050 710 4102 suasisse
727 4049 850 4099 videatur.
1121 4068 1125 4075 ¹

55 4123 141 4186 mine,
171 4132 198 4172 et
217 4131 366 4184 venustate,
383 4130 410 4169 et
424 4119 573 4179 subtilitate,
656 4117 869 4183 declamitabam)
900 4117 952 4168 Cic:
984 4119 1054 4165 Brut.
1075 4118 1119 4171 90.

56 4200 112 4241 tum
127 4207 190 4240 vero
204 4187 358 4256 eloquentia,
375 4189 506 4249 varietate,
525 4182 573 4237 co·
607 4185 800 4239 Commentabar
816 4183 979 4234 declamitans
993 4183 1038 4248 (sic
1054 4180 1121 4230 enim
1174 4225 1181 4231 ,

56 4258 109 4325 pia,
125 4273 202 4326 quam
218 4274 246 4307 se
262 4272 360 4322 cunque
372 4256 400 4306 in
410 4265 510 4324 partem
524 4254 574 4305 de·
606 4270 674 4304 nuuc
682 4253 828 4320 loquuntur)
843 4269 957 4319 saepe-
967 4267 1023 4302 cum
1035 4248 1119 4316 aliquo
