2640 4626
553 207 682 259 mnun
697 208 730 258 u.
749 208 792 266 14.
1152 200 1210 271 162

304 278 321 309 Ι

136 329 262 429 poterit
285 325 327 400 ab
355 326 507 413 homine,
532 343 673 444 propter
689 325 756 399 vim
772 323 898 398 doloris
912 325 1108 400 enuntiante
1118 357 1208 403 com-

135 432 256 515 missa,
293 427 470 528 prodente
498 424 667 516 conscios,
700 425 803 501 multa
836 425 946 501 officia
979 426 1208 528 relinquente?

134 545 192 617 32.
228 531 346 629 Quid?
371 531 578 618 fortitudini,
606 530 847 630 comitibusque
868 529 960 619 eim,
984 530 1206 628 magnitudini

133 634 258 722 animi,
280 633 449 733 gravitati,
474 633 669 732 patientiae,
694 638 804 705 rerum
839 621 1059 712 humanarum
1092 633 1205 735 despi.

132 736 285 827 cientiac,
345 765 364 809 o
379 736 480 821 modo
494 735 739 835 respondebis?
766 733 959 823 afflictum,
977 752 1008 809 et
1026 734 1147 825 iacens,
1173 738 1205 812 et

130 838 336 914 lamentabii
360 867 439 911 voce
462 837 656 938 deplorans,
683 838 817 925 audies,
844 836 988 910 ovirunr
1005 837 1147 913 fortem?
1172 857 1204 917 te

130 971 212 1017 vero
229 943 274 1014 ita
291 941 445 1015 allectum
462 969 503 1014 ne
518 941 624 1013 virum
641 940 774 1039 quidem
790 939 910 1014 dixerit
927 941 1110 1040 quisquam.
1135 943 1205 1016 Aut

129 1044 321 1119 mittenda⁴
338 1043 438 1141 igitur
454 1042 612 1115 fortitudo
631 1059 698 1131 est,
714 1036 779 1115 'aut
796 1041 1006 1142 sepeliendus
1026 1042 1129 1116 dolor.

234 1147 322 1219 xlv.
347 1145 479 1245 Ecquid
503 1143 569 1218 scis
585 1145 702 1243 igitur,
727 1145 856 1245 siquid
876 1145 917 1227 de
937 1145 1119 1220 Corinthiis
1133 1146 1200 1220 tuis

129 1249 302 1334 amiseris..
327 1275 426 1347 posse
442 1247 564 1320 habere
581 1264 612 1320 tc
631 1246 792 1346 reliquam
808 1246 1043 1347 supellectilem
1060 1247 1202 1323 salvam:

127 1355 285 1425 virtutem
303 1367 412 1424 autem
427 1350 456 1423 si
475 1378 574 1422 unam
589 1350 756 1438 amiseris,
783 1349 858 1444 (etsi
878 1349 982 1422 amitti
1003 1378 1072 1426 non
1091 1367 1202 1450 potest

127 1455 254 1543 virtus,
278 1457 294 1551 )
320 1453 380 1526 sed
404 1451 432 1525 si
456 1481 554 1525 unam
578 1452 748 1552 confessus
771 1451 904 1525 sueris⁵
925 1468 957 1524 te
976 1480 1046 1524 nou
1067 1452 1200 1542 habere,

127 1557 256 1631 nullam
278 1558 311 1629 te
340 1583 410 1629 esse
437 1554 651 1628 habiturum?
703 1566 760 1634 33.
785 1554 1002 1651 Num'igitur
1015 1553 1135 1626 fortem
1152 1554 1201 1626 vi-

125 1690 222 1746 rum,
247 1684 327 1731 num
349 1686 474 1754 magno
490 1657 618 1744 animo,
643 1686 723 1729 num
739 1656 934 1757 patientem,
959 1656 1039 1728 n'um
1057 1684 1200 1754 gravem,

125 1791 208 1836 num
233 1760 377 1833 humana
404 1775 665 1833 contemnentem
690 1775 785 1858 potes
806 1764 868 1831 te⁶
890 1758 1000 1832 dicere
1016 1775 1072 1833 aut
1086 1758 1200 1833 Philo-

126 1882 247 1958 ctetam
262 1863 378 1939 illum?
404 1878 469 1940 ate
483 1863 570 1935 euim
588 1861 673 1935 malo
692 1860 863 1936 discedere
877 1869 905 1955 ἶ.
957 1860 1026 1935 Sed
1041 1860 1095 1952 ille
1111 1879 1199 1936 certe

109 1997 197 2043 *non
213 1966 327 2053 sortis,
353 1963 412 2064 qui
428 1964 512 2037 iacet

194 2155 212 2213 4
228 2153 269 2205 Sic
277 2153 309 2203 D.
324 2150 401 2201 exlll.
418 2167 468 2202 sec.
483 2149 549 2200 Lall.
564 2179 596 2188 —
613 2153 654 2200 Or.
671 2159 741 2200 recte
754 2168 776 2200 o.
791 2150 850 2200 Em.
867 2147 942 2199 rctin.
958 2147 1026 2214 vulg.
1042 2133 1198 2199 Anzittenda

123 2225 221 2295 igitur.
236 2222 262 2271 b.
279 2224 333 2299 3⁶³⁶
348 2219 509 2270 omittenda.
523 2218 602 2297 cte.
619 2218 660 2276 14.
678 2235 717 2284 pr.
768 2223 785 2275 5
803 2219 844 2266 Or.
863 2220 949 2277 c..Gr.
965 2218 1013 2269 Da.
1031 2217 1094 2266 erio.
1129 2220 1148 2274 6
1164 2218 1196 2269 V.

123 2293 193 2349 adn.
227 2293 244 2348 7
261 2292 302 2339 Sic
321 2290 353 2338 D.
371 2287 403 2336 de
417 2286 500 2336 Bentl.
520 2303 584 2336 com.
602 2302 649 2352 pro
665 2284 732 2350 vulg.
750 2285 861 2335 discere.

122 2392 243 2462 perantia
259 2390 326 2440 sinet
337 2399 364 2438 te
381 2387 546 2438 immoderate
554 2385 644 2436 dolore
676 2402 733 2446 sus,
755 2383 891 2450 legendum
906 2382 1063 2450 svupicatur:
1085 2397 1132 2434 out
1146 2384 1196 2434 de-
1225 2440 1228 2444 Α

125 2460 218 2512 confici
236 2468 262 2508 et
275 2456 391 2524 deprimi.
676 2452 830 2522 spiciendus
850 2451 932 2500 dolor.

176 2544 221 2607 32·
248 2541 353 2607 iacens)
385 2538 478 2590 locere
515 2538 644 2604 eleganter
711 2518 1124 2598 qlp‘XW'Efquidoeisil’limr)
1143 2519 1194 2568 U]-

124 2613 260 2673 fficuntur,
276 2609 320 2677 qui
335 2607 439 2670 dolore,
457 2621 578 2667 maerore,
594 2605 643 2655 de,
675 2597 754 2637 tenus
775 2596 936 2654 perseqmtur
954 2596 1105 2636 sentenuam
1120 2603 1196 2653 supra

124 2679 271 2748 speratione
292 2675 368 2728 tracti
378 2665 443 2725 sunt'
457 2687 489 2724 ac
506 2672 642 2723 debilitati.
675 2654 831 2723 Pl⁰P⁰⁸ll³m
840 2673 845 2702 ²
855 2666 901 2704 ‘W‘
909 2651 1010 2703 nullam
1017 2655 1141 2704 virtulem
1150 2672 1195 2703 θὸ-

123 2748 159 2800 ad
174 2745 253 2797 Attio·
275 2745 319 2808 X,
343 2744 369 2801 4,
395 2744 465 2792 iace„
486 2741 512 2791 5„
528 2757 642 2790 maerore
675 2741 712 2784 se,
730 2722 1110 2772 autcontemnendumomnem
1118 2722 1195 2771 dolo-

122 2834 195 2866 meug
208 2815 295 2864 frater,
319 2814 350 2863 v·
360 2809 479 2861 Schuetz,
492 2809 579 2860 Legio·
598 2807 642 2857 (χῖ,
675 2809 738 2840 rem.
756 2791 822 2840 Nam
830 2806 916 2840 omnes
924 2790 1030 2840 virtutes
1040 2789 1194 2868 itacopnla-

122 2901 211 2934 ceron,
226 2899 246 2930 Β,
265 2898 289 2930 v,
319 2909 322 2915 .
417 2927 420 2933 .
638 2898 640 2902 ,
674 2868 717 2908 tae
733 2868 790 2908 suut
806 2868 882 2936 atque
896 2874 1038 2921 connexae,
1056 2867 1086 2908 ut
1102 2857 1152 2907 aha
1161 2857 1193 2907 ab

237 2967 243 2976 .
347 2964 352 2974 .
526 2962 537 3000 7
676 2925 724 2977 alia
741 2943 852 2994 separari
867 2942 919 2975 non
936 2925 1024 2992 possit.
1053 2926 1132 2975 ¹Haec
1149 2924 1216 2993 ni·-¹

177 2965 280 3027 Μεθ’
300 2960 546 3030 οωῙ”’”Ῐοἰθ”ι’)
567 2978 643 3040 quum
675 2994 766 3043 mirum
795 3003 850 3042 erat
884 2993 1041 3042 Stoicorum
1057 2992 1192 3054 sententia,

123 3037 161 3087 ita
176 3033 282 3090 ώσω
299 3031 360 3095 ‘'fill’‘
390 3047 537 3110 msquamne
556 3039 583 3078 te
601 3047 642 3078 H·
676 3061 708 3112 de
726 3078 775 3127 qua
791 3060 904 3126 pluribus
919 3059 1077 3126 exposuimus
1091 3059 1118 3109 in
1133 3058 1190 3109 libr.

123 3121 181 3157 rom
195 3103 288 3152 fortem
303 3117 357 3150 esse
398 3098 457 3148 cet?
676 3128 702 3178 d·
721 3128 753 3178 de
769 3127 850 3177 cicer.
868 3127 931 3194 phil·
963 3132 1046 3186 ⁸230·

175 3202 344 3275 sepeliendus
362 3200 449 3266 dolor)
465 3196 641 3267 Metaphon'oe
726 3197 775 3246 sed
789 3196 918 3261 sisunam)
935 3147 1062 3244 dafficula
1076 3195 1125 3244 sed
1139 3210 1192 3243 non
1296 3222 1299 3227 »

122 3291 188 3341 pro-2
205 3266 406 3338 comprimendus
430 3276 456 3316 et
473 3275 641 3316 contemnen-
674 3264 755 3314 solum
763 3263 867 3312 inservit
875 3261 985 3312 orationi
999 3261 1133 3311 interiecta
1140 3279 1190 3327 pa-

123 3342 180 3392 dus.
214 3335 367 3406 Metaphora¹
379 3334 500 3384 audacior
516 3343 567 3391 θεῖς
582 3350 640 3382 uam
673 3329 785 3397 perthesi
793 3330 951 3397 interruptae
963 3329 1128 3389 revocandae,
1145 3327 1191 3376 sed

124 3409 189 3460 alias
206 3424 298 3457 nomen
307 3398 456 3473 sepeliendi
468 3400 639 3467 metaphorice
674 3397 838 3450 correctionis
853 3397 927 3446 simul
941 3396 991 3444 vim
1005 3395 1090 3445 habet.

121 3477 220 3528 dictum
235 3473 360 3540 significat
380 3471 414 3519 de
437 3468 522 3519 medio
537 3467 638 3530 tollere,
722 3471 764 3524 33.
779 3477 856 3534 potes
882 3475 909 3512 te
934 3463 1037 3527 dicere)
1070 3462 1111 3511 Sic
1133 3478 1189 3511 cum

122 3541 250 3612 auferre,
267 3541 429 3609 extinguere.
464 3535 506 3586 Sio
521 3535 553 3584 de
574 3536 637 3601 Leg.
671 3533 774 3583 Davisio
790 3531 822 3582 de
831 3530 940 3581 Bentleii
955 3528 1099 3580 coniectura
1108 3528 1188 3580 Wol-

120 3611 212 3663 Manil.
225 3613 272 3670 t11.
290 3608 384 3659 bellum
398 3607 448 3672 (sc.
465 3603 571 3668 seruile)
591 3620 638 3652 ex·
671 3599 846 3673 fiusxscripsit.
887 3598 972 3664 Vulgo
987 3596 1091 3663 legitur:
1112 3608 1189 3666 potes

121 3679 282 3748 spectatione
290 3673 404 3742 Pompeii
418 3682 576 3724 attenuatum
594 3680 638 3720 at·
672 3668 760 3718 dicere
789 3679 836 3716 out
856 3666 1033 3717 Philoctetam
1053 3664 1147 3714 illum?
1171 3681 1189 3714 a

120 3764 172 3815 que
188 3745 347 3796 imminutum
362 3751 416 3803 est,
443 3739 554 3790 adventu
575 3738 638 3788 sub·
672 3749 699 3786 te
714 3737 784 3784 enim
795 3743 855 3783 cett.
874 3736 956 3794 Quam
971 3733 1115 3794 lectionem,
1133 3732 1188 3782 ele-

119 3815 201 3866 latum
214 3831 244 3864 ac
252 3812 382 3882 sepultum
394 3809 432 3876 (h.
440 3825 463 3858 e.
482 3806 638 3871 extinctum).
671 3801 842 3873 gantissiniam
857 3817 918 3852 sane
930 3810 1007 3871 atque
1021 3800 1187 3867 exquisitissi-

119 3883 223 3934 Luoret.
237 3882 270 3930 11.
288 3886 346 3937 570.
672 3888 737 3921 mam
758 3866 814 3920 ciam
844 3866 961 3921 Ernestio
986 3877 1059 3918 recte
1088 3867 1188 3918 reduxit

119 3950 177 4002 Neo
191 3965 311 4017 superare
333 3954 429 4014 queunt
451 3953 534 3994 motus
551 3941 638 4009 utique
672 3935 794 4001 Oiellius,
818 3940 925 3988 morlens
940 3931 1187 4003 duooeoiwowsssii

489 4010 604 4062 exitiales
670 4005 751 4058 videri
777 4005 912 4056 admodum
940 4005 1071 4054 urbanam.
1129 4000 1186 4050 Sci-

119 4077 638 4154 Perpetuo,nequeinueternumsepelire
669 4074 732 4126 licet
748 4073 835 4124 Cicero
851 4072 1086 4124 autPliiloetetom
1104 4068 1186 4130 ioum,
1252 4126 1256 4134 ,

157 4153 272 4204 salutem
288 4149 323 4216 lh.
332 4166 354 4199 e.
362 4145 603 4210 demediotollerel.
671 4154 718 4194 out
742 4155 769 4192 te
799 4141 928 4202 dicturus,
966 4141 1047 4190 altero
1075 4134 1186 4186 membro

119 4220 257 4282 Bentleius,
274 4216 437 4286 metaphorae
445 4212 637 4276 duritie'offen-
669 4227 813 4282 suppresso,
828 4203 1111 4261 orationemcnmrmro
1124 4219 1194 4266 opn—
