<?xml version="1.0" encoding="UTF-8"?>
<!DOCTYPE html PUBLIC "-//W3C//DTD XHTML 1.0 Transitional//EN"
    "http://www.w3.org/TR/xhtml1/DTD/xhtml1-transitional.dtd">
<html xmlns="http://www.w3.org/1999/xhtml" xml:lang="en" lang="en">
 <head>
  <title>
</title>
<meta http-equiv="Content-Type" content="text/html;charset=utf-8" />
  <meta name='ocr-system' content='tesseract 3.04.00' />
  <meta name='ocr-capabilities' content='ocr_page ocr_carea ocr_par ocr_line ocrx_word'/>
</head>
<body>
  <div class='ocr_page' id='page_1' title='image "./mtulliiciceroni18cicegoog_0032.png"; bbox 0 0 2640 4626; ppageno 0'>
   <div class='ocr_carea' id='block_1_1' title="bbox 527 210 1192 277">
    <p class='ocr_par' dir='ltr' id='par_1_1' title="bbox 527 210 1192 277">
     <span class='ocr_line' id='line_1_1' title="bbox 527 210 1192 277; baseline 0.005 -3"><span class='ocrx_word' id='word_1_1' title='bbox 527 224 787 277; x_wconf 80' lang='lat' dir='ltr'><strong>vnouaconans.</strong></span> <span class='ocrx_word' id='word_1_2' title='bbox 1154 210 1192 277; x_wconf 87' lang='lat'><strong>11</strong></span> 
     </span>
    </p>
   </div>
   <div class='ocr_carea' id='block_1_2' title="bbox 113 344 1199 735">
    <p class='ocr_par' dir='ltr' id='par_1_2' title="bbox 113 344 1199 735">
     <span class='ocr_line' id='line_1_2' title="bbox 113 344 1193 427; baseline -0.008 -16"><span class='ocrx_word' id='word_1_3' title='bbox 113 349 249 412; x_wconf 90' lang='lat' dir='ltr'><strong>vissimis</strong></span> <span class='ocrx_word' id='word_1_4' title='bbox 265 346 447 426; x_wconf 79' lang='lat' dir='ltr'><strong>argumentis</strong></span> <span class='ocrx_word' id='word_1_5' title='bbox 460 347 555 406; x_wconf 85' lang='lat' dir='ltr'><strong>verba</strong></span> <span class='ocrx_word' id='word_1_6' title='bbox 570 347 651 422; x_wconf 87' lang='lat' dir='ltr'><strong>facit,</strong></span> <span class='ocrx_word' id='word_1_7' title='bbox 673 355 762 425; x_wconf 85' lang='lat' dir='ltr'><strong>atque</strong></span> <span class='ocrx_word' id='word_1_8' title='bbox 776 347 859 427; x_wconf 89' lang='lat' dir='ltr'><strong>ipsae</strong></span> <span class='ocrx_word' id='word_1_9' title='bbox 876 368 924 406; x_wconf 89' lang='lat' dir='ltr'><strong>res</strong></span> <span class='ocrx_word' id='word_1_10' title='bbox 939 345 1033 406; x_wconf 88' lang='lat' dir='ltr'><strong>verba</strong></span> <span class='ocrx_word' id='word_1_11' title='bbox 1052 344 1193 423; x_wconf 85' lang='lat' dir='ltr'><strong>rapiunt:</strong></span> 
     </span>
     <span class='ocr_line' id='line_1_3' title="bbox 114 447 1199 528; baseline -0.008 -15"><span class='ocrx_word' id='word_1_12' title='bbox 114 463 184 513; x_wconf 92' lang='lat' dir='ltr'><strong>tum</strong></span> <span class='ocrx_word' id='word_1_13' title='bbox 201 450 299 510; x_wconf 87' lang='lat' dir='ltr'><strong>oratio</strong></span> <span class='ocrx_word' id='word_1_14' title='bbox 317 448 493 508; x_wconf 77' lang='lat' dir='ltr'>sublimiore</span> <span class='ocrx_word' id='word_1_15' title='bbox 509 448 594 526; x_wconf 90' lang='lat' dir='ltr'><strong>quasi</strong></span> <span class='ocrx_word' id='word_1_16' title='bbox 610 448 721 528; x_wconf 89' lang='lat' dir='ltr'><strong>spiritu</strong></span> <span class='ocrx_word' id='word_1_17' title='bbox 737 449 881 526; x_wconf 77' lang='lat' dir='ltr'>exsurgit,</span> <span class='ocrx_word' id='word_1_18' title='bbox 905 459 934 508; x_wconf 89' lang='lat' dir='ltr'><strong>et</strong></span> <span class='ocrx_word' id='word_1_19' title='bbox 948 467 1064 508; x_wconf 83' lang='lat' dir='ltr'><strong>smnmo</strong></span> <span class='ocrx_word' id='word_1_20' title='bbox 1077 447 1199 505; x_wconf 59' lang='lat' dir='ltr'><strong>romani⁴</strong></span> 
     </span>
     <span class='ocr_line' id='line_1_4' title="bbox 114 547 1195 630; baseline -0.007 -15"><span class='ocrx_word' id='word_1_21' title='bbox 114 553 265 615; x_wconf 90' lang='lat' dir='ltr'><strong>sermonis</strong></span> <span class='ocrx_word' id='word_1_22' title='bbox 286 550 448 630; x_wconf 73' lang='lat' dir='ltr'><strong>splendore</strong></span> <span class='ocrx_word' id='word_1_23' title='bbox 464 571 499 610; x_wconf 87' lang='lat' dir='ltr'><strong>ac</strong></span> <span class='ocrx_word' id='word_1_24' title='bbox 515 549 683 627; x_wconf 88' lang='lat' dir='ltr'><strong>maiestate,</strong></span> <span class='ocrx_word' id='word_1_25' title='bbox 706 561 736 610; x_wconf 95' lang='lat' dir='ltr'><strong>et</strong></span> <span class='ocrx_word' id='word_1_26' title='bbox 748 551 918 611; x_wconf 85' lang='lat' dir='ltr'><strong>beatissima</strong></span> <span class='ocrx_word' id='word_1_27' title='bbox 934 549 1064 629; x_wconf 88' lang='lat' dir='ltr'><strong>quadam</strong></span> <span class='ocrx_word' id='word_1_28' title='bbox 1080 547 1195 627; x_wconf 88' lang='lat' dir='ltr'><strong>ingenii</strong></span> 
     </span>
     <span class='ocr_line' id='line_1_5' title="bbox 115 650 417 735; baseline -0.02 -18"><span class='ocrx_word' id='word_1_29' title='bbox 115 657 256 735; x_wconf 84' lang='lat' dir='ltr'><strong>ubertate</strong></span> <span class='ocrx_word' id='word_1_30' title='bbox 271 653 370 713; x_wconf 91' lang='lat' dir='ltr'><strong>elucet</strong></span> <span class='ocrx_word' id='word_1_31' title='bbox 379 650 417 733; x_wconf 77' lang='lat'><strong>³).</strong></span> 
     </span>
    </p>
   </div>
   <div class='ocr_carea' id='block_1_3' title="bbox 386 892 927 953">
    <p class='ocr_par' dir='ltr' id='par_1_3' title="bbox 386 892 927 953">
     <span class='ocr_line' id='line_1_6' title="bbox 386 892 927 953; baseline -0.002 -1"><span class='ocrx_word' id='word_1_32' title='bbox 386 892 449 953; x_wconf 90' lang='lat' dir='ltr'><strong>IX.</strong></span> <span class='ocrx_word' id='word_1_33' title='bbox 478 892 528 952; x_wconf 86' lang='lat' dir='ltr'><strong>De</strong></span> <span class='ocrx_word' id='word_1_34' title='bbox 544 895 654 951; x_wconf 82' lang='lat' dir='ltr'><strong>critica</strong></span> <span class='ocrx_word' id='word_1_35' title='bbox 676 893 927 953; x_wconf 84' lang='lat' dir='ltr'><strong>Tusculanarum.</strong></span> 
     </span>
    </p>
   </div>
   <div class='ocr_carea' id='block_1_4' title="bbox 112 1023 1206 3959">
    <p class='ocr_par' dir='ltr' id='par_1_4' title="bbox 112 1023 1199 2630">
     <span class='ocr_line' id='line_1_7' title="bbox 204 1023 1194 1107; baseline -0.003 -20"><span class='ocrx_word' id='word_1_36' title='bbox 204 1029 247 1088; x_wconf 88' lang='lat' dir='ltr'><strong>De</strong></span> <span class='ocrx_word' id='word_1_37' title='bbox 270 1027 375 1089; x_wconf 85' lang='lat' dir='ltr'><strong>critica</strong></span> <span class='ocrx_word' id='word_1_38' title='bbox 400 1025 511 1087; x_wconf 88' lang='lat' dir='ltr'><strong>horum</strong></span> <span class='ocrx_word' id='word_1_39' title='bbox 533 1026 682 1087; x_wconf 90' lang='lat' dir='ltr'><strong>librorum</strong></span> <span class='ocrx_word' id='word_1_40' title='bbox 703 1037 774 1107; x_wconf 90' lang='lat' dir='ltr'><strong>post</strong></span> <span class='ocrx_word' id='word_1_41' title='bbox 797 1026 991 1102; x_wconf 88' lang='lat' dir='ltr'><strong>Lambinum‚</strong></span> <span class='ocrx_word' id='word_1_42' title='bbox 1014 1023 1194 1101; x_wconf 85' lang='lat' dir='ltr'><strong>Bentleium,</strong></span> 
     </span>
     <span class='ocr_line' id='line_1_8' title="bbox 117 1128 1194 1208; baseline -0.003 -18"><span class='ocrx_word' id='word_1_43' title='bbox 117 1129 285 1205; x_wconf 87' lang='lat' dir='ltr'><strong>Davisium,</strong></span> <span class='ocrx_word' id='word_1_44' title='bbox 307 1129 445 1189; x_wconf 87' lang='lat' dir='ltr'><strong>homines</strong></span> <span class='ocrx_word' id='word_1_45' title='bbox 465 1139 496 1188; x_wconf 89' lang='lat' dir='ltr'><strong>et</strong></span> <span class='ocrx_word' id='word_1_46' title='bbox 512 1129 729 1189; x_wconf 87' lang='lat' dir='ltr'><strong>eruditissimos</strong></span> <span class='ocrx_word' id='word_1_47' title='bbox 745 1140 774 1188; x_wconf 89' lang='lat' dir='ltr'><strong>et</strong></span> <span class='ocrx_word' id='word_1_48' title='bbox 790 1128 985 1202; x_wconf 87' lang='lat' dir='ltr'><strong>acutissimos,</strong></span> <span class='ocrx_word' id='word_1_49' title='bbox 1007 1128 1119 1208; x_wconf 87' lang='lat' dir='ltr'><strong>optime</strong></span> <span class='ocrx_word' id='word_1_50' title='bbox 1130 1148 1194 1187; x_wconf 87' lang='lat' dir='ltr'><strong>me-</strong></span> 
     </span>
     <span class='ocr_line' id='line_1_9' title="bbox 112 1226 1194 1320; baseline -0.005 -29"><span class='ocrx_word' id='word_1_51' title='bbox 112 1242 251 1320; x_wconf 56' lang='lat' dir='ltr'><strong>ruerunt</strong></span> <span class='ocrx_word' id='word_1_52' title='bbox 267 1233 300 1291; x_wconf 89' lang='lat' dir='ltr'><strong>F.</strong></span> <span class='ocrx_word' id='word_1_53' title='bbox 318 1232 354 1290; x_wconf 81' lang='lat' dir='ltr'><strong>A.</strong></span> <span class='ocrx_word' id='word_1_54' title='bbox 371 1226 499 1290; x_wconf 86' lang='lat' dir='ltr'><strong>Wolfius</strong></span> <span class='ocrx_word' id='word_1_55' title='bbox 519 1241 548 1289; x_wconf 84' lang='lat' dir='ltr'><strong>et</strong></span> <span class='ocrx_word' id='word_1_56' title='bbox 568 1231 592 1289; x_wconf 93' lang='lat' dir='ltr'><strong>I.</strong></span> <span class='ocrx_word' id='word_1_57' title='bbox 617 1233 653 1305; x_wconf 75' lang='lat' dir='ltr'><strong>C.</strong></span> <span class='ocrx_word' id='word_1_58' title='bbox 670 1231 812 1291; x_wconf 88' lang='lat' dir='ltr'><strong>Orellius.</strong></span> <span class='ocrx_word' id='word_1_59' title='bbox 856 1231 955 1303; x_wconf 85' lang='lat' dir='ltr'><strong>Quam</strong></span> <span class='ocrx_word' id='word_1_60' title='bbox 972 1230 1054 1289; x_wconf 87' lang='lat' dir='ltr'><strong>viam</strong></span> <span class='ocrx_word' id='word_1_61' title='bbox 1070 1231 1103 1289; x_wconf 90' lang='lat' dir='ltr'><strong>in</strong></span> <span class='ocrx_word' id='word_1_62' title='bbox 1118 1250 1194 1289; x_wconf 89' lang='lat' dir='ltr'><strong>eon-</strong></span> 
     </span>
     <span class='ocr_line' id='line_1_10' title="bbox 117 1330 1196 1412; baseline -0.004 -19"><span class='ocrx_word' id='word_1_63' title='bbox 117 1333 273 1393; x_wconf 89' lang='lat' dir='ltr'><strong>stituenda</strong></span> <span class='ocrx_word' id='word_1_64' title='bbox 297 1333 448 1412; x_wconf 90' lang='lat' dir='ltr'><strong>scriptura</strong></span> <span class='ocrx_word' id='word_1_65' title='bbox 470 1332 630 1392; x_wconf 80' lang='lat' dir='ltr'><strong>institisset</strong></span> <span class='ocrx_word' id='word_1_66' title='bbox 645 1331 787 1407; x_wconf 90' lang='lat' dir='ltr'><strong>Wolfius,</strong></span> <span class='ocrx_word' id='word_1_67' title='bbox 816 1331 879 1410; x_wconf 87' lang='lat' dir='ltr'><strong>ipse</strong></span> <span class='ocrx_word' id='word_1_68' title='bbox 901 1331 935 1388; x_wconf 90' lang='lat' dir='ltr'><strong>in</strong></span> <span class='ocrx_word' id='word_1_69' title='bbox 950 1330 1136 1409; x_wconf 82' lang='lat' dir='ltr'><strong>praefatione</strong></span> <span class='ocrx_word' id='word_1_70' title='bbox 1157 1331 1196 1390; x_wconf 87' lang='lat' dir='ltr'><strong>ad</strong></span> 
     </span>
     <span class='ocr_line' id='line_1_11' title="bbox 118 1431 1196 1514; baseline -0.004 -19"><span class='ocrx_word' id='word_1_71' title='bbox 118 1435 325 1511; x_wconf 84' lang='lat' dir='ltr'><strong>Tusculanas,</strong></span> <span class='ocrx_word' id='word_1_72' title='bbox 348 1457 365 1493; x_wconf 87' lang='lat' dir='ltr'><strong>a</strong></span> <span class='ocrx_word' id='word_1_73' title='bbox 388 1455 419 1494; x_wconf 91' lang='lat' dir='ltr'><strong>se</strong></span> <span class='ocrx_word' id='word_1_74' title='bbox 442 1434 553 1510; x_wconf 86' lang='lat' dir='ltr'><strong>editas,</strong></span> <span class='ocrx_word' id='word_1_75' title='bbox 583 1434 732 1514; x_wconf 71' lang='lat' dir='ltr'><strong>esposuit.</strong></span> <span class='ocrx_word' id='word_1_76' title='bbox 776 1432 909 1493; x_wconf 92' lang='lat' dir='ltr'><strong>Orellius</strong></span> <span class='ocrx_word' id='word_1_77' title='bbox 935 1431 1037 1492; x_wconf 88' lang='lat' dir='ltr'><strong>Wolfii</strong></span> <span class='ocrx_word' id='word_1_78' title='bbox 1061 1433 1196 1510; x_wconf 85' lang='lat' dir='ltr'><strong>vestigiis</strong></span> 
     </span>
     <span class='ocr_line' id='line_1_12' title="bbox 118 1534 1194 1616; baseline -0.002 -21"><span class='ocrx_word' id='word_1_79' title='bbox 118 1537 241 1612; x_wconf 88' lang='lat' dir='ltr'><strong>institit,</strong></span> <span class='ocrx_word' id='word_1_80' title='bbox 263 1545 299 1595; x_wconf 89' lang='lat' dir='ltr'><strong>ut</strong></span> <span class='ocrx_word' id='word_1_81' title='bbox 311 1545 413 1595; x_wconf 88' lang='lat' dir='ltr'><strong>tamen</strong></span> <span class='ocrx_word' id='word_1_82' title='bbox 428 1557 463 1595; x_wconf 89' lang='lat' dir='ltr'><strong>ea</strong></span> <span class='ocrx_word' id='word_1_83' title='bbox 480 1557 543 1596; x_wconf 88' lang='lat' dir='ltr'><strong>non</strong></span> <span class='ocrx_word' id='word_1_84' title='bbox 562 1537 650 1596; x_wconf 67' lang='lat' dir='ltr'><strong>eume</strong></span> <span class='ocrx_word' id='word_1_85' title='bbox 668 1545 833 1616; x_wconf 86' lang='lat' dir='ltr'><strong>premeret,</strong></span> <span class='ocrx_word' id='word_1_86' title='bbox 856 1534 925 1610; x_wconf 87' lang='lat' dir='ltr'><strong>sed,</strong></span> <span class='ocrx_word' id='word_1_87' title='bbox 952 1554 1042 1593; x_wconf 90' lang='lat' dir='ltr'><strong>suum</strong></span> <span class='ocrx_word' id='word_1_88' title='bbox 1060 1534 1124 1613; x_wconf 90' lang='lat' dir='ltr'><strong>ipse</strong></span> <span class='ocrx_word' id='word_1_89' title='bbox 1145 1556 1194 1593; x_wconf 92' lang='lat' dir='ltr'><strong>se-</strong></span> 
     </span>
     <span class='ocr_line' id='line_1_13' title="bbox 120 1636 1196 1716; baseline -0.003 -19"><span class='ocrx_word' id='word_1_90' title='bbox 120 1649 235 1716; x_wconf 90' lang='lat' dir='ltr'><strong>quutus</strong></span> <span class='ocrx_word' id='word_1_91' title='bbox 251 1637 415 1712; x_wconf 90' lang='lat' dir='ltr'><strong>iudicium,</strong></span> <span class='ocrx_word' id='word_1_92' title='bbox 437 1638 541 1697; x_wconf 89' lang='lat' dir='ltr'><strong>multis</strong></span> <span class='ocrx_word' id='word_1_93' title='bbox 565 1639 640 1698; x_wconf 86' lang='lat' dir='ltr'><strong>locis</strong></span> <span class='ocrx_word' id='word_1_94' title='bbox 664 1638 702 1696; x_wconf 93' lang='lat' dir='ltr'><strong>ab</strong></span> <span class='ocrx_word' id='word_1_95' title='bbox 720 1637 757 1696; x_wconf 88' lang='lat' dir='ltr'><strong>iis</strong></span> <span class='ocrx_word' id='word_1_96' title='bbox 778 1636 952 1697; x_wconf 87' lang='lat' dir='ltr'><strong>diseederet.</strong></span> <span class='ocrx_word' id='word_1_97' title='bbox 995 1637 1118 1694; x_wconf 88' lang='lat' dir='ltr'><strong>Praeter</strong></span> <span class='ocrx_word' id='word_1_98' title='bbox 1133 1645 1196 1694; x_wconf 88' lang='lat' dir='ltr'><strong>tres</strong></span> 
     </span>
     <span class='ocr_line' id='line_1_14' title="bbox 122 1736 1197 1819; baseline -0.003 -20"><span class='ocrx_word' id='word_1_99' title='bbox 122 1739 243 1799; x_wconf 87' lang='lat' dir='ltr'><strong>codices</strong></span> <span class='ocrx_word' id='word_1_100' title='bbox 268 1739 490 1819; x_wconf 84' lang='lat' dir='ltr'><strong>manuscriptos</strong></span> <span class='ocrx_word' id='word_1_101' title='bbox 515 1761 616 1798; x_wconf 88' lang='lat' dir='ltr'><strong>omnes</strong></span> <span class='ocrx_word' id='word_1_102' title='bbox 640 1740 693 1818; x_wconf 91' lang='lat' dir='ltr'><strong>qui</strong></span> <span class='ocrx_word' id='word_1_103' title='bbox 721 1739 777 1799; x_wconf 92' lang='lat' dir='ltr'><strong>sub</strong></span> <span class='ocrx_word' id='word_1_104' title='bbox 805 1758 927 1798; x_wconf 89' lang='lat' dir='ltr'><strong>censum</strong></span> <span class='ocrx_word' id='word_1_105' title='bbox 950 1736 1054 1796; x_wconf 89' lang='lat' dir='ltr'><strong>venire</strong></span> <span class='ocrx_word' id='word_1_106' title='bbox 1069 1747 1197 1817; x_wconf 87' lang='lat' dir='ltr'><strong>possunt</strong></span> 
     </span>
     <span class='ocr_line' id='line_1_15' title="bbox 120 1838 1196 1920; baseline -0.003 -19"><span class='ocrx_word' id='word_1_107' title='bbox 120 1841 219 1909; x_wconf 81' lang='lat' dir='ltr'><strong>lihros</strong></span> <span class='ocrx_word' id='word_1_108' title='bbox 236 1838 332 1900; x_wconf 83' lang='lat' dir='ltr'><strong>editos</strong></span> <span class='ocrx_word' id='word_1_109' title='bbox 351 1841 551 1920; x_wconf 88' lang='lat' dir='ltr'><strong>comparavit,</strong></span> <span class='ocrx_word' id='word_1_110' title='bbox 577 1851 667 1920; x_wconf 87' lang='lat' dir='ltr'><strong>atque</strong></span> <span class='ocrx_word' id='word_1_111' title='bbox 687 1842 722 1900; x_wconf 91' lang='lat' dir='ltr'><strong>in</strong></span> <span class='ocrx_word' id='word_1_112' title='bbox 737 1840 798 1901; x_wconf 91' lang='lat' dir='ltr'><strong>hoc</strong></span> <span class='ocrx_word' id='word_1_113' title='bbox 814 1838 932 1900; x_wconf 81' lang='lat' dir='ltr'><strong>difficili</strong></span> <span class='ocrx_word' id='word_1_114' title='bbox 948 1848 977 1898; x_wconf 91' lang='lat' dir='ltr'><strong>et</strong></span> <span class='ocrx_word' id='word_1_115' title='bbox 996 1841 1122 1899; x_wconf 89' lang='lat' dir='ltr'><strong>molesto</strong></span> <span class='ocrx_word' id='word_1_116' title='bbox 1140 1861 1196 1898; x_wconf 91' lang='lat' dir='ltr'><strong>ne-</strong></span> 
     </span>
     <span class='ocr_line' id='line_1_16' title="bbox 121 1942 1196 2022; baseline -0.001 -21"><span class='ocrx_word' id='word_1_117' title='bbox 121 1942 207 2022; x_wconf 90' lang='lat' dir='ltr'><strong>gotio</strong></span> <span class='ocrx_word' id='word_1_118' title='bbox 225 1951 310 2001; x_wconf 85' lang='lat' dir='ltr'><strong>tanta</strong></span> <span class='ocrx_word' id='word_1_119' title='bbox 328 1963 401 2000; x_wconf 90' lang='lat' dir='ltr'><strong>cura</strong></span> <span class='ocrx_word' id='word_1_120' title='bbox 424 1953 512 2020; x_wconf 89' lang='lat' dir='ltr'><strong>atque</strong></span> <span class='ocrx_word' id='word_1_121' title='bbox 536 1943 691 2022; x_wconf 84' lang='lat' dir='ltr'><strong>diligentia</strong></span> <span class='ocrx_word' id='word_1_122' title='bbox 709 1953 846 2002; x_wconf 83' lang='lat' dir='ltr'><strong>versatus</strong></span> <span class='ocrx_word' id='word_1_123' title='bbox 866 1951 926 2017; x_wconf 87' lang='lat' dir='ltr'><strong>est,</strong></span> <span class='ocrx_word' id='word_1_124' title='bbox 950 1951 1062 2019; x_wconf 87' lang='lat' dir='ltr'><strong>quanta</strong></span> <span class='ocrx_word' id='word_1_125' title='bbox 1083 1960 1196 2017; x_wconf 87' lang='lat' dir='ltr'><strong>eorum,</strong></span> 
     </span>
     <span class='ocr_line' id='line_1_17' title="bbox 122 2042 1198 2124; baseline -0.001 -22"><span class='ocrx_word' id='word_1_126' title='bbox 122 2044 178 2124; x_wconf 92' lang='lat' dir='ltr'><strong>qui</strong></span> <span class='ocrx_word' id='word_1_127' title='bbox 196 2055 266 2103; x_wconf 91' lang='lat' dir='ltr'><strong>ante</strong></span> <span class='ocrx_word' id='word_1_128' title='bbox 280 2064 347 2102; x_wconf 87' lang='lat' dir='ltr'><strong>eum</strong></span> <span class='ocrx_word' id='word_1_129' title='bbox 362 2045 396 2102; x_wconf 89' lang='lat' dir='ltr'><strong>in</strong></span> <span class='ocrx_word' id='word_1_130' title='bbox 410 2043 459 2104; x_wconf 88' lang='lat' dir='ltr'><strong>his</strong></span> <span class='ocrx_word' id='word_1_131' title='bbox 472 2043 559 2104; x_wconf 92' lang='lat' dir='ltr'><strong>libris</strong></span> <span class='ocrx_word' id='word_1_132' title='bbox 570 2045 674 2105; x_wconf 89' lang='lat' dir='ltr'><strong>critica</strong></span> <span class='ocrx_word' id='word_1_133' title='bbox 687 2045 757 2105; x_wconf 91' lang='lat' dir='ltr'><strong>luce</strong></span> <span class='ocrx_word' id='word_1_134' title='bbox 771 2042 962 2104; x_wconf 85' lang='lat' dir='ltr'><strong>illustrandis</strong></span> <span class='ocrx_word' id='word_1_135' title='bbox 977 2064 1099 2121; x_wconf 90' lang='lat' dir='ltr'><strong>operam</strong></span> <span class='ocrx_word' id='word_1_136' title='bbox 1114 2065 1198 2102; x_wconf 89' lang='lat' dir='ltr'><strong>suam</strong></span> 
     </span>
     <span class='ocr_line' id='line_1_18' title="bbox 122 2145 1198 2226; baseline -0.001 -20"><span class='ocrx_word' id='word_1_137' title='bbox 122 2146 371 2223; x_wconf 70' lang='lat' dir='ltr'><strong>collocaverunt,</strong></span> <span class='ocrx_word' id='word_1_138' title='bbox 393 2147 507 2215; x_wconf 86' lang='lat' dir='ltr'><strong>nullus.</strong></span> <span class='ocrx_word' id='word_1_139' title='bbox 550 2148 612 2206; x_wconf 87' lang='lat' dir='ltr'><strong>Nec</strong></span> <span class='ocrx_word' id='word_1_140' title='bbox 634 2167 747 2226; x_wconf 88' lang='lat' dir='ltr'><strong>paucos</strong></span> <span class='ocrx_word' id='word_1_141' title='bbox 768 2147 869 2223; x_wconf 88' lang='lat' dir='ltr'><strong>locos,</strong></span> <span class='ocrx_word' id='word_1_142' title='bbox 892 2145 960 2223; x_wconf 91' lang='lat' dir='ltr'><strong>qui,</strong></span> <span class='ocrx_word' id='word_1_143' title='bbox 983 2165 1077 2223; x_wconf 89' lang='lat' dir='ltr'><strong>quum</strong></span> <span class='ocrx_word' id='word_1_144' title='bbox 1093 2166 1198 2205; x_wconf 90' lang='lat' dir='ltr'><strong>eorum</strong></span> 
     </span>
     <span class='ocr_line' id='line_1_19' title="bbox 123 2247 1198 2326; baseline -0.001 -17"><span class='ocrx_word' id='word_1_145' title='bbox 123 2247 479 2309; x_wconf 80' lang='lat' dir='ltr'><strong>sententia-reconditior</strong></span> <span class='ocrx_word' id='word_1_146' title='bbox 494 2258 579 2323; x_wconf 90' lang='lat' dir='ltr'><strong>esset,</strong></span> <span class='ocrx_word' id='word_1_147' title='bbox 601 2270 657 2307; x_wconf 92' lang='lat' dir='ltr'><strong>nec</strong></span> <span class='ocrx_word' id='word_1_148' title='bbox 672 2249 825 2308; x_wconf 86' lang='lat' dir='ltr'><strong>communi</strong></span> <span class='ocrx_word' id='word_1_149' title='bbox 840 2248 1056 2325; x_wconf 81' lang='lat' dir='ltr'><strong>intelligentiae</strong></span> <span class='ocrx_word' id='word_1_150' title='bbox 1072 2257 1198 2326; x_wconf 84' lang='lat' dir='ltr'><strong>pateret,</strong></span> 
     </span>
     <span class='ocr_line' id='line_1_20' title="bbox 122 2347 1198 2411; baseline 0 -3"><span class='ocrx_word' id='word_1_151' title='bbox 122 2349 162 2408; x_wconf 90' lang='lat' dir='ltr'><strong>ab</strong></span> <span class='ocrx_word' id='word_1_152' title='bbox 181 2348 280 2411; x_wconf 85' lang='lat' dir='ltr'><strong>doctis</strong></span> <span class='ocrx_word' id='word_1_153' title='bbox 303 2347 476 2410; x_wconf 90' lang='lat' dir='ltr'><strong>hominibus</strong></span> <span class='ocrx_word' id='word_1_154' title='bbox 502 2362 612 2409; x_wconf 83' lang='lat' dir='ltr'><strong>temere</strong></span> <span class='ocrx_word' id='word_1_155' title='bbox 631 2350 682 2409; x_wconf 92' lang='lat' dir='ltr'><strong>vel</strong></span> <span class='ocrx_word' id='word_1_156' title='bbox 702 2350 883 2409; x_wconf 88' lang='lat' dir='ltr'><strong>coniecturis</strong></span> <span class='ocrx_word' id='word_1_157' title='bbox 906 2350 1012 2407; x_wconf 87' lang='lat' dir='ltr'><strong>tentati</strong></span> <span class='ocrx_word' id='word_1_158' title='bbox 1035 2359 1065 2407; x_wconf 90' lang='lat' dir='ltr'><strong>et</strong></span> <span class='ocrx_word' id='word_1_159' title='bbox 1082 2349 1198 2409; x_wconf 83' lang='lat' dir='ltr'><strong>sollici-</strong></span> 
     </span>
     <span class='ocr_line' id='line_1_21' title="bbox 121 2449 1199 2533; baseline -0.001 -23"><span class='ocrx_word' id='word_1_160' title='bbox 121 2450 191 2525; x_wconf 88' lang='lat' dir='ltr'><strong>tati,</strong></span> <span class='ocrx_word' id='word_1_161' title='bbox 212 2450 263 2509; x_wconf 94' lang='lat' dir='ltr'><strong>vel</strong></span> <span class='ocrx_word' id='word_1_162' title='bbox 278 2450 351 2521; x_wconf 81' lang='lat' dir='ltr'><strong>adeo</strong></span> <span class='ocrx_word' id='word_1_163' title='bbox 364 2461 404 2510; x_wconf 89' lang='lat' dir='ltr'><strong>ut</strong></span> <span class='ocrx_word' id='word_1_164' title='bbox 414 2452 511 2530; x_wconf 86' lang='lat' dir='ltr'><strong>spurii</strong></span> <span class='ocrx_word' id='word_1_165' title='bbox 525 2453 615 2531; x_wconf 89' lang='lat' dir='ltr'><strong>plane</strong></span> <span class='ocrx_word' id='word_1_166' title='bbox 632 2452 785 2511; x_wconf 85' lang='lat' dir='ltr'><strong>exturbati</strong></span> <span class='ocrx_word' id='word_1_167' title='bbox 794 2461 874 2525; x_wconf 89' lang='lat' dir='ltr'><strong>sunt,</strong></span> <span class='ocrx_word' id='word_1_168' title='bbox 894 2449 1049 2528; x_wconf 89' lang='lat' dir='ltr'><strong>ingeniosa</strong></span> <span class='ocrx_word' id='word_1_169' title='bbox 1066 2472 1100 2508; x_wconf 87' lang='lat' dir='ltr'><strong>ac</strong></span> <span class='ocrx_word' id='word_1_170' title='bbox 1111 2451 1199 2533; x_wconf 59' lang='lat' dir='ltr'><strong>docta</strong></span> 
     </span>
     <span class='ocr_line' id='line_1_22' title="bbox 123 2552 722 2630; baseline 0.002 -18"><span class='ocrx_word' id='word_1_171' title='bbox 123 2552 338 2630; x_wconf 82' lang='lat' dir='ltr'><strong>explanatione</strong></span> <span class='ocrx_word' id='word_1_172' title='bbox 353 2553 522 2613; x_wconf 86' lang='lat' dir='ltr'><strong>vindicavit</strong></span> <span class='ocrx_word' id='word_1_173' title='bbox 535 2564 564 2613; x_wconf 90' lang='lat' dir='ltr'><strong>et</strong></span> <span class='ocrx_word' id='word_1_174' title='bbox 582 2555 722 2613; x_wconf 87' lang='lat' dir='ltr'><strong>restituit.</strong></span> 
     </span>
    </p>

    <p class='ocr_par' dir='ltr' id='par_1_5' title="bbox 124 2653 1204 3632">
     <span class='ocr_line' id='line_1_23' title="bbox 209 2653 1199 2733; baseline 0.001 -22"><span class='ocrx_word' id='word_1_175' title='bbox 209 2654 274 2711; x_wconf 90' lang='lat' dir='ltr'><strong>lam</strong></span> <span class='ocrx_word' id='word_1_176' title='bbox 299 2675 391 2729; x_wconf 87' lang='lat' dir='ltr'><strong>vero,</strong></span> <span class='ocrx_word' id='word_1_177' title='bbox 424 2657 566 2733; x_wconf 89' lang='lat' dir='ltr'><strong>quoniam</strong></span> <span class='ocrx_word' id='word_1_178' title='bbox 588 2665 617 2714; x_wconf 92' lang='lat' dir='ltr'><strong>et</strong></span> <span class='ocrx_word' id='word_1_179' title='bbox 641 2655 796 2715; x_wconf 83' lang='lat' dir='ltr'><strong>Editiones</strong></span> <span class='ocrx_word' id='word_1_180' title='bbox 821 2665 851 2714; x_wconf 92' lang='lat' dir='ltr'><strong>et</strong></span> <span class='ocrx_word' id='word_1_181' title='bbox 876 2665 938 2713; x_wconf 90' lang='lat' dir='ltr'><strong>tres</strong></span> <span class='ocrx_word' id='word_1_182' title='bbox 965 2653 1089 2712; x_wconf 83' lang='lat' dir='ltr'><strong>Codices</strong></span> <span class='ocrx_word' id='word_1_183' title='bbox 1104 2654 1199 2729; x_wconf 62' lang='lat' dir='ltr'>MSS„</span> 
     </span>
     <span class='ocr_line' id='line_1_24' title="bbox 124 2754 1201 2834; baseline 0.002 -21"><span class='ocrx_word' id='word_1_184' title='bbox 124 2755 237 2834; x_wconf 90' lang='lat' dir='ltr'><strong>quibus</strong></span> <span class='ocrx_word' id='word_1_185' title='bbox 256 2755 389 2814; x_wconf 88' lang='lat' dir='ltr'><strong>Orellius</strong></span> <span class='ocrx_word' id='word_1_186' title='bbox 414 2757 448 2815; x_wconf 91' lang='lat' dir='ltr'><strong>iu</strong></span> <span class='ocrx_word' id='word_1_187' title='bbox 468 2757 658 2817; x_wconf 85' lang='lat' dir='ltr'><strong>recensendis</strong></span> <span class='ocrx_word' id='word_1_188' title='bbox 677 2756 725 2816; x_wconf 91' lang='lat' dir='ltr'><strong>his</strong></span> <span class='ocrx_word' id='word_1_189' title='bbox 748 2759 835 2816; x_wconf 80' lang='lat' dir='ltr'><strong>libris</strong></span> <span class='ocrx_word' id='word_1_190' title='bbox 852 2777 924 2816; x_wconf 90' lang='lat' dir='ltr'><strong>usus</strong></span> <span class='ocrx_word' id='word_1_191' title='bbox 941 2767 985 2815; x_wconf 88' lang='lat' dir='ltr'><strong>est</strong></span> <span class='ocrx_word' id='word_1_192' title='bbox 995 2801 1004 2829; x_wconf 92' lang='lat'><em>‚</em></span> <span class='ocrx_word' id='word_1_193' title='bbox 1028 2754 1201 2834; x_wconf 88' lang='lat' dir='ltr'><strong>compendii</strong></span> 
     </span>
     <span class='ocr_line' id='line_1_25' title="bbox 124 2853 1200 2937; baseline 0 -21"><span class='ocrx_word' id='word_1_194' title='bbox 124 2877 234 2916; x_wconf 86' lang='lat' dir='ltr'><strong>caussa</strong></span> <span class='ocrx_word' id='word_1_195' title='bbox 247 2853 280 2914; x_wconf 89' lang='lat' dir='ltr'><strong>in</strong></span> <span class='ocrx_word' id='word_1_196' title='bbox 297 2857 436 2916; x_wconf 90' lang='lat' dir='ltr'><strong>lectionis</strong></span> <span class='ocrx_word' id='word_1_197' title='bbox 448 2860 594 2919; x_wconf 86' lang='lat' dir='ltr'><strong>varietate</strong></span> <span class='ocrx_word' id='word_1_198' title='bbox 602 2859 710 2918; x_wconf 89' lang='lat' dir='ltr'><strong>iisdem</strong></span> <span class='ocrx_word' id='word_1_199' title='bbox 721 2859 842 2935; x_wconf 86' lang='lat' dir='ltr'><strong>litteris,</strong></span> <span class='ocrx_word' id='word_1_200' title='bbox 859 2859 968 2937; x_wconf 89' lang='lat' dir='ltr'><strong>quibus</strong></span> <span class='ocrx_word' id='word_1_201' title='bbox 983 2857 1045 2933; x_wconf 87' lang='lat' dir='ltr'><strong>ille,</strong></span> <span class='ocrx_word' id='word_1_202' title='bbox 1067 2857 1200 2935; x_wconf 85' lang='lat' dir='ltr'><strong>signavi:</strong></span> 
     </span>
     <span class='ocr_line' id='line_1_26' title="bbox 124 2959 1201 3040; baseline 0 -22"><span class='ocrx_word' id='word_1_203' title='bbox 124 2961 158 3018; x_wconf 92' lang='lat' dir='ltr'><strong>in</strong></span> <span class='ocrx_word' id='word_1_204' title='bbox 175 2959 328 3033; x_wconf 84' lang='lat' dir='ltr'><strong>tironum,</strong></span> <span class='ocrx_word' id='word_1_205' title='bbox 351 2960 460 3036; x_wconf 91' lang='lat' dir='ltr'><strong>quibus</strong></span> <span class='ocrx_word' id='word_1_206' title='bbox 479 2960 585 3021; x_wconf 90' lang='lat' dir='ltr'><strong>Orellii</strong></span> <span class='ocrx_word' id='word_1_207' title='bbox 600 2961 690 3021; x_wconf 88' lang='lat' dir='ltr'><strong>editio</strong></span> <span class='ocrx_word' id='word_1_208' title='bbox 706 2982 769 3021; x_wconf 92' lang='lat' dir='ltr'><strong>non</strong></span> <span class='ocrx_word' id='word_1_209' title='bbox 790 2972 896 3040; x_wconf 84' lang='lat' dir='ltr'><strong>parata</strong></span> <span class='ocrx_word' id='word_1_210' title='bbox 924 2969 983 3035; x_wconf 87' lang='lat' dir='ltr'><strong>est,</strong></span> <span class='ocrx_word' id='word_1_211' title='bbox 1005 2961 1133 3037; x_wconf 87' lang='lat' dir='ltr'><strong>gratiam</strong></span> <span class='ocrx_word' id='word_1_212' title='bbox 1154 2961 1201 3019; x_wconf 82' lang='lat' dir='ltr'><strong>sa-</strong></span> 
     </span>
     <span class='ocr_line' id='line_1_27' title="bbox 126 3060 1202 3141; baseline 0 -21"><span class='ocrx_word' id='word_1_213' title='bbox 126 3060 270 3125; x_wconf 88' lang='lat' dir='ltr'><strong>ciendum</strong></span> <span class='ocrx_word' id='word_1_214' title='bbox 283 3061 400 3140; x_wconf 84' lang='lat' dir='ltr'><strong>putavi,</strong></span> <span class='ocrx_word' id='word_1_215' title='bbox 423 3073 466 3138; x_wconf 87' lang='lat' dir='ltr'><strong>ut,</strong></span> <span class='ocrx_word' id='word_1_216' title='bbox 489 3083 565 3141; x_wconf 85' lang='lat' dir='ltr'><strong>quae</strong></span> <span class='ocrx_word' id='word_1_217' title='bbox 580 3063 633 3122; x_wconf 92' lang='lat' dir='ltr'><strong>ille</strong></span> <span class='ocrx_word' id='word_1_218' title='bbox 647 3063 686 3122; x_wconf 92' lang='lat' dir='ltr'><strong>ad</strong></span> <span class='ocrx_word' id='word_1_219' title='bbox 700 3073 801 3141; x_wconf 86' lang='lat' dir='ltr'><strong>partes</strong></span> <span class='ocrx_word' id='word_1_220' title='bbox 816 3062 1107 3136; x_wconf 81' lang='lat' dir='ltr'><strong>vocavitsubsidia,</strong></span> <span class='ocrx_word' id='word_1_221' title='bbox 1129 3063 1202 3141; x_wconf 83' lang='lat' dir='ltr'><strong>bre-¹</strong></span> 
     </span>
     <span class='ocr_line' id='line_1_28' title="bbox 125 3162 1202 3242; baseline -0.001 -20"><span class='ocrx_word' id='word_1_222' title='bbox 125 3163 209 3222; x_wconf 86' lang='lat' dir='ltr'><strong>viter</strong></span> <span class='ocrx_word' id='word_1_223' title='bbox 223 3163 465 3242; x_wconf 85' lang='lat' dir='ltr'><strong>perstringerem,</strong></span> <span class='ocrx_word' id='word_1_224' title='bbox 488 3162 611 3224; x_wconf 88' lang='lat' dir='ltr'><strong>adiectis</strong></span> <span class='ocrx_word' id='word_1_225' title='bbox 625 3165 716 3224; x_wconf 91' lang='lat' dir='ltr'><strong>simul</strong></span> <span class='ocrx_word' id='word_1_226' title='bbox 730 3165 848 3237; x_wconf 82' lang='lat' dir='ltr'><strong>litteris,</strong></span> <span class='ocrx_word' id='word_1_227' title='bbox 872 3165 981 3242; x_wconf 88' lang='lat' dir='ltr'><strong>quibus</strong></span> <span class='ocrx_word' id='word_1_228' title='bbox 997 3185 1030 3222; x_wconf 88' lang='lat' dir='ltr'><strong>ea</strong></span> <span class='ocrx_word' id='word_1_229' title='bbox 1046 3173 1202 3238; x_wconf 87' lang='lat' dir='ltr'><strong>notantur,</strong></span> 
     </span>
     <span class='ocr_line' id='line_1_29' title="bbox 127 3264 1202 3346; baseline -0.001 -21"><span class='ocrx_word' id='word_1_230' title='bbox 127 3264 301 3344; x_wconf 90' lang='lat' dir='ltr'><strong>additisque</strong></span> <span class='ocrx_word' id='word_1_231' title='bbox 324 3266 429 3346; x_wconf 88' lang='lat' dir='ltr'><strong>paucis</strong></span> <span class='ocrx_word' id='word_1_232' title='bbox 451 3265 487 3324; x_wconf 93' lang='lat' dir='ltr'><strong>de</strong></span> <span class='ocrx_word' id='word_1_233' title='bbox 506 3267 623 3345; x_wconf 89' lang='lat' dir='ltr'><strong>pretio,</strong></span> <span class='ocrx_word' id='word_1_234' title='bbox 647 3266 730 3346; x_wconf 91' lang='lat' dir='ltr'><strong>quod</strong></span> <span class='ocrx_word' id='word_1_235' title='bbox 753 3266 879 3344; x_wconf 90' lang='lat' dir='ltr'><strong>singulis</strong></span> <span class='ocrx_word' id='word_1_236' title='bbox 903 3266 989 3324; x_wconf 86' lang='lat' dir='ltr'><strong>libris</strong></span> <span class='ocrx_word' id='word_1_237' title='bbox 1006 3265 1202 3324; x_wconf 87' lang='lat' dir='ltr'><strong>tribuendum</strong></span> 
     </span>
     <span class='ocr_line' id='line_1_30' title="bbox 126 3367 1203 3448; baseline -0.003 -21"><span class='ocrx_word' id='word_1_238' title='bbox 126 3368 237 3427; x_wconf 89' lang='lat' dir='ltr'><strong>statuit</strong></span> <span class='ocrx_word' id='word_1_239' title='bbox 259 3368 295 3427; x_wconf 88' lang='lat' dir='ltr'><strong>V.</strong></span> <span class='ocrx_word' id='word_1_240' title='bbox 320 3369 374 3443; x_wconf 86' lang='lat' dir='ltr'><strong>l).‚</strong></span> <span class='ocrx_word' id='word_1_241' title='bbox 403 3377 439 3426; x_wconf 90' lang='lat' dir='ltr'><strong>ut</strong></span> <span class='ocrx_word' id='word_1_242' title='bbox 464 3368 663 3428; x_wconf 86' lang='lat' dir='ltr'><strong>adolescentes</strong></span> <span class='ocrx_word' id='word_1_243' title='bbox 698 3369 757 3448; x_wconf 90' lang='lat' dir='ltr'><strong>ipsi</strong></span> <span class='ocrx_word' id='word_1_244' title='bbox 785 3367 953 3428; x_wconf 85' lang='lat' dir='ltr'><strong>diiudicare</strong></span> <span class='ocrx_word' id='word_1_245' title='bbox 974 3376 1114 3445; x_wconf 84' lang='lat' dir='ltr'><strong>possent,</strong></span> <span class='ocrx_word' id='word_1_246' title='bbox 1145 3387 1203 3443; x_wconf 89' lang='lat' dir='ltr'><strong>qua</strong></span> 
     </span>
     <span class='ocr_line' id='line_1_31' title="bbox 127 3462 1204 3549; baseline -0.002 -21"><span class='ocrx_word' id='word_1_247' title='bbox 127 3489 267 3549; x_wconf 88' lang='lat' dir='ltr'><strong>quaeque</strong></span> <span class='ocrx_word' id='word_1_248' title='bbox 294 3470 384 3528; x_wconf 88' lang='lat' dir='ltr'><strong>lectio</strong></span> <span class='ocrx_word' id='word_1_249' title='bbox 415 3462 592 3529; x_wconf 81' lang='lat' dir='ltr'><strong>auctoritate</strong></span> <span class='ocrx_word' id='word_1_250' title='bbox 618 3471 774 3529; x_wconf 88' lang='lat' dir='ltr'><strong>niteretur.</strong></span> <span class='ocrx_word' id='word_1_251' title='bbox 837 3468 977 3547; x_wconf 87' lang='lat' dir='ltr'><strong>Subsidia</strong></span> <span class='ocrx_word' id='word_1_252' title='bbox 1005 3479 1104 3527; x_wconf 87' lang='lat' dir='ltr'><strong>autem</strong></span> <span class='ocrx_word' id='word_1_253' title='bbox 1129 3466 1204 3527; x_wconf 90' lang='lat' dir='ltr'><strong>haec</strong></span> 
     </span>
     <span class='ocr_line' id='line_1_32' title="bbox 127 3584 216 3632; baseline -0.022 0"><span class='ocrx_word' id='word_1_254' title='bbox 127 3584 216 3632; x_wconf 89' lang='lat' dir='ltr'><strong>sunt:</strong></span> 
     </span>
    </p>

    <p class='ocr_par' dir='ltr' id='par_1_6' title="bbox 215 3668 1119 3752">
     <span class='ocr_line' id='line_1_33' title="bbox 215 3668 1119 3752; baseline -0.002 -20"><span class='ocrx_word' id='word_1_255' title='bbox 215 3673 240 3733; x_wconf 91' lang='lat' dir='ltr'><strong>I.</strong></span> <span class='ocrx_word' id='word_1_256' title='bbox 275 3673 362 3733; x_wconf 91' lang='lat' dir='ltr'><strong>Nova</strong></span> <span class='ocrx_word' id='word_1_257' title='bbox 373 3674 494 3733; x_wconf 88' lang='lat' dir='ltr'><strong>collatio</strong></span> <span class='ocrx_word' id='word_1_258' title='bbox 514 3672 627 3733; x_wconf 92' lang='lat' dir='ltr'><strong>codicis</strong></span> <span class='ocrx_word' id='word_1_259' title='bbox 642 3671 728 3751; x_wconf 86' lang='lat' dir='ltr'><strong>Regii</strong></span> <span class='ocrx_word' id='word_1_260' title='bbox 743 3671 857 3751; x_wconf 89' lang='lat' dir='ltr'><strong>optimi.</strong></span> <span class='ocrx_word' id='word_1_261' title='bbox 903 3668 1056 3752; x_wconf 85' lang='lat' dir='ltr'><strong>(Signatur</strong></span> <span class='ocrx_word' id='word_1_262' title='bbox 1070 3670 1119 3752; x_wconf 92' lang='lat' dir='ltr'><strong>R.)</strong></span> 
     </span>
    </p>

    <p class='ocr_par' dir='ltr' id='par_1_7' title="bbox 129 3771 1206 3959">
     <span class='ocr_line' id='line_1_34' title="bbox 215 3771 1205 3860; baseline -0.002 -27"><span class='ocrx_word' id='word_1_263' title='bbox 215 3775 255 3834; x_wconf 87' lang='lat' dir='ltr'><strong>H.</strong></span> <span class='ocrx_word' id='word_1_264' title='bbox 278 3775 378 3835; x_wconf 88' lang='lat' dir='ltr'><strong>Editio</strong></span> <span class='ocrx_word' id='word_1_265' title='bbox 395 3777 635 3837; x_wconf 86' lang='lat' dir='ltr'><strong>Tusculanarum</strong></span> <span class='ocrx_word' id='word_1_266' title='bbox 661 3776 895 3860; x_wconf 67' lang='lat' dir='ltr'><strong>„irppressasuus</strong></span> <span class='ocrx_word' id='word_1_267' title='bbox 913 3773 1047 3832; x_wconf 87' lang='lat' dir='ltr'><strong>Venetiis</strong></span> <span class='ocrx_word' id='word_1_268' title='bbox 1063 3795 1118 3852; x_wconf 90' lang='lat' dir='ltr'><strong>per</strong></span> <span class='ocrx_word' id='word_1_269' title='bbox 1132 3771 1205 3852; x_wconf 89' lang='lat' dir='ltr'><strong>phi-</strong></span> 
     </span>
     <span class='ocr_line' id='line_1_35' title="bbox 129 3876 1206 3959; baseline -0.004 -23"><span class='ocrx_word' id='word_1_270' title='bbox 129 3877 253 3957; x_wconf 89' lang='lat' dir='ltr'><strong>lippum</strong></span> <span class='ocrx_word' id='word_1_271' title='bbox 270 3879 419 3956; x_wconf 89' lang='lat' dir='ltr'><strong>quendam</strong></span> <span class='ocrx_word' id='word_1_272' title='bbox 435 3879 545 3957; x_wconf 84' lang='lat' dir='ltr'><strong>petri.“</strong></span> <span class='ocrx_word' id='word_1_273' title='bbox 580 3878 668 3936; x_wconf 84' lang='lat' dir='ltr'><strong>Anno</strong></span> <span class='ocrx_word' id='word_1_274' title='bbox 683 3878 724 3936; x_wconf 93' lang='lat' dir='ltr'><strong>M.</strong></span> <span class='ocrx_word' id='word_1_275' title='bbox 733 3880 838 3936; x_wconf 87' lang='lat' dir='ltr'><strong>CCCC.</strong></span> <span class='ocrx_word' id='word_1_276' title='bbox 855 3877 984 3959; x_wconf 64' lang='lat' dir='ltr'><strong>Lxsgx„</strong></span> <span class='ocrx_word' id='word_1_277' title='bbox 993 3876 1047 3934; x_wconf 88' lang='lat' dir='ltr'><strong>fol.</strong></span> <span class='ocrx_word' id='word_1_278' title='bbox 1079 3879 1206 3945; x_wconf 78' lang='lat' dir='ltr'><strong>„Prae-</strong></span> 
     </span>
    </p>
   </div>
   <div class='ocr_carea' id='block_1_5' title="bbox 130 3978 498 4061">
    <p class='ocr_par' dir='ltr' id='par_1_8' title="bbox 130 3978 498 4061">
     <span class='ocr_line' id='line_1_36' title="bbox 130 3978 498 4061; baseline 0 -22"><span class='ocrx_word' id='word_1_279' title='bbox 130 3984 329 4040; x_wconf 77' lang='lat' dir='ltr'><strong>stantissima</strong></span> <span class='ocrx_word' id='word_1_280' title='bbox 343 3988 421 4040; x_wconf 83' lang='lat' dir='ltr'><strong>est.“</strong></span> <span class='ocrx_word' id='word_1_281' title='bbox 442 3978 498 4061; x_wconf 85' lang='lat' dir='ltr'><strong>(P.)</strong></span> 
     </span>
    </p>
   </div>
   <div class='ocr_carea' id='block_1_6' title="bbox 220 4054 1205 4162">
    <p class='ocr_par' dir='ltr' id='par_1_9' title="bbox 220 4054 1205 4162">
     <span class='ocr_line' id='line_1_37' title="bbox 220 4054 1205 4162; baseline -0.004 -23"><span class='ocrx_word' id='word_1_282' title='bbox 220 4083 274 4140; x_wconf 86' lang='grc' dir='ltr'><strong>ΠΙ.</strong></span> <span class='ocrx_word' id='word_1_283' title='bbox 296 4081 426 4140; x_wconf 90' lang='lat' dir='ltr'><strong>Ibidem:</strong></span> <span class='ocrx_word' id='word_1_284' title='bbox 438 4054 804 4162; x_wconf 82' lang='lat' dir='ltr'><strong>impressurumVenetiis.</strong></span> <span class='ocrx_word' id='word_1_285' title='bbox 818 4080 906 4140; x_wconf 84' lang='lat' dir='ltr'><strong>Anno</strong></span> <span class='ocrx_word' id='word_1_286' title='bbox 917 4077 1205 4159; x_wconf 85' lang='lat' dir='ltr'><strong>M.CCCC.LXXXl.</strong></span> 
     </span>
    </p>
   </div>
   <div class='ocr_carea' id='block_1_7' title="bbox 201 4238 815 4321">
    <p class='ocr_par' dir='ltr' id='par_1_10' title="bbox 201 4238 815 4321">
     <span class='ocr_line' id='line_1_38' title="bbox 201 4238 815 4321; baseline 0.008 -24"><span class='ocrx_word' id='word_1_287' title='bbox 201 4249 227 4314; x_wconf 75' lang='grc'><strong>3)</strong></span> <span class='ocrx_word' id='word_1_288' title='bbox 246 4249 276 4297; x_wconf 88' lang='lat' dir='ltr'><strong>L.</strong></span> <span class='ocrx_word' id='word_1_289' title='bbox 295 4247 319 4298; x_wconf 91' lang='lat' dir='ltr'><strong>d.</strong></span> <span class='ocrx_word' id='word_1_290' title='bbox 338 4247 370 4298; x_wconf 86' lang='lat' dir='ltr'><strong>de</strong></span> <span class='ocrx_word' id='word_1_291' title='bbox 389 4248 515 4298; x_wconf 80' lang='lat' dir='ltr'><strong>Ciceronis</strong></span> <span class='ocrx_word' id='word_1_292' title='bbox 529 4238 624 4316; x_wconf 80' lang='lat' dir='ltr'><strong>plrilos.</strong></span> <span class='ocrx_word' id='word_1_293' title='bbox 644 4267 669 4319; x_wconf 88' lang='lat' dir='ltr'><strong>p.</strong></span> <span class='ocrx_word' id='word_1_294' title='bbox 687 4253 730 4311; x_wconf 79' lang='grc'><strong>83.</strong></span> <span class='ocrx_word' id='word_1_295' title='bbox 748 4264 815 4321; x_wconf 74' lang='lat' dir='ltr'><strong>sqq.</strong></span> 
     </span>
    </p>
   </div>
   <div class='ocr_carea' id='block_1_8' title="bbox 0 0 1343 4626">
    <p class='ocr_par' dir='ltr' id='par_1_11' title="bbox 0 0 1343 4626">
     <span class='ocr_line' id='line_1_39' title="bbox 0 0 1343 4626; baseline 0 0"><span class='ocrx_word' id='word_1_296' title='bbox 0 0 1343 4626; x_wconf 95' lang='lat' dir='ltr'><strong> </strong></span> 
     </span>
    </p>
   </div>
  </div>
 </body>
</html>
