2640 4626
542 193 669 243 uranu
691 194 733 243 tv.
753 195 792 250 13.
1137 185 1197 253 271

126 309 219 383 tione
235 334 415 411 possumus
429 311 583 384 morbum
599 310 641 383 ab
656 308 880 406 aegrotatione
896 309 1077 408 seiungere.
1104 316 1201 385 ritib-

125 415 219 485 sr'tas
243 429 352 487 autem
376 430 425 487 est
448 414 581 486 habitus
606 428 660 485 aut
684 411 833 499 affectio,
859 413 894 484 in
917 430 985 486 tota
1001 415 1065 486 vita
1084 414 1197 489 incon·

125 532 237 604 stans,
262 532 327 590 eta
348 543 384 589 se
403 515 475 615 ipso
496 515 703 589 dissentiens.
728 515 774 587 ita
791 515 844 602 sit,
871 532 907 588 ut
922 516 957 587 in
981 515 1098 605 altera,
1125 548 1198 591 cor-

126 618 284 719 ruptione
310 618 507 718 opinionum
536 618 674 694 morbus
700 617 863 719 efficiatur
883 634 914 691 et
937 621 1137 717 aegrotatio;
1164 623 1198 694 in

125 720 249 810 altera,
273 720 494 795 inconstantia
519 738 550 795 et
574 721 802 820 repugnantia.
827 749 895 793 non
921 722 1009 795 enim
1034 751 1132 797 omne
1151 726 1198 798 vi-

123 825 209 897 tium
244 825 350 925 partis
381 825 482 900 habet
514 823 788 898 dissentientis3:
820 840 856 895 ut
882 852 1013 913 eornm,
1050 827 1199 927 quinon

132 1066 136 1073 ,
193 1017 211 1070 5
227 1011 259 1062 V.
276 1010 343 1062 Ado.

142 1110 274 1180 numquis
290 1111 431 1163 membrum
446 1112 583 1163 distortum
597 1111 647 1162 ha·
682 1111 845 1180 corruptione
857 1112 1005 1181 opinionum
1015 1115 1130 1166 morbum
1141 1115 1199 1166 cffi-

124 1129 185 1243 det,
201 1179 267 1230 baec
283 1178 403 1231 distortio
420 1198 472 1231 uon
487 1180 599 1248 pertinet
613 1181 646 1231 ad
680 1180 718 1231 cit
744 1190 771 1229 et
793 1182 1007 1246 aegrotationem
1041 1183 1080 1233 sin
1108 1183 1197 1247 levior,

123 1247 237 1317 reliquas
250 1247 365 1315 corporis
377 1259 479 1317 partes,
497 1249 543 1299 aed
555 1249 589 1299 ad
600 1266 646 1300 so·
679 1247 876 1299 inconstantiam
896 1259 995 1301 tantum
1010 1261 1038 1300 et
1051 1269 1198 1318 repugnan-

123 1314 178 1365 lum
202 1316 316 1384 (ipsum)
342 1315 408 1366 illud
432 1316 585 1378 membrum,
619 1316 646 1366 in
679 1315 748 1365 tiam.
777 1316 837 1365 Nou
851 1316 1104 1368 euimomncritium
1115 1336 1198 1388 pares

124 1398 210 1451 eoque
230 1382 302 1445 solo,
328 1399 381 1433 uon
396 1384 423 1432 iu
440 1384 531 1434 ceteris
545 1401 646 1451 quoque
679 1382 756 1432 habet
770 1383 951 1435 dissensiones
963 1385 1013 1450 (Sic
1026 1385 1093 1434 euim
1106 1385 1197 1452 legeu-

123 1449 243 1518 corporis
263 1450 377 1518 partibus
399 1452 511 1503 cernitur
531 1451 646 1518 (annuet,
678 1451 739 1500 dum
761 1450 793 1498 de
807 1451 916 1501 Bentleii
932 1452 1101 1518 coniectura);
1128 1470 1195 1515 uam,

122 1524 233 1579 exstat).
699 1517 724 1567 ni
745 1534 797 1566 non
819 1517 896 1585 longe
917 1537 933 1569 a
954 1519 1079 1586 sapientia
1097 1521 1196 1584 absunt,

176 1585 323 1652 vitiositas)
348 1585 432 1636 Locus
447 1587 562 1654 seqnitur
577 1587 647 1637 diffi-
680 1585 688 1634 i
710 1584 836 1652 iquidem
846 1584 991 1653 discrepant
1001 1585 1048 1637 sibi
1059 1587 1107 1654 ipsi
1118 1588 1196 1654 (raon-

122 1652 236 1705 cillimus
261 1654 420 1721 maximeque
443 1655 592 1722 impeditus:
620 1655 647 1705 in
680 1653 741 1702 ‹lum
757 1652 823 1701 euim
837 1653 918 1720 ipsam
932 1672 960 1705 sa
978 1654 1082 1704 ientiam
1100 1656 1197 1722 attige-

122 1721 196 1772 ouins
226 1719 354 1770 sententia
384 1721 542 1772 enucleanda
571 1732 647 1789 atque
679 1720 762 1785 runt);
780 1719 825 1768 aed
838 1721 939 1772 nonita
953 1673 1062 1772 distorto
1077 1732 1104 1772 ct
1117 1740 1196 1790 provo

121 1787 263 1840 enodanda
286 1786 374 1837 licebit
391 1789 464 1838 nobis
486 1790 574 1857 paullo
592 1808 647 1841 esse
680 1788 764 1836 animo
781 1798 853 1848 sunt,
871 1798 900 1837 ut
914 1789 946 1853 ii,
971 1788 1015 1856 qui
1030 1789 1107 1856 louge
1123 1808 1137 1839 a
1154 1807 1197 1840 sa-

121 1855 320 1924 copiosioribus.
362 1857 547 1907 Sententiarum
572 1868 647 1908 tenor
679 1854 776 1922 pientia
800 1854 899 1905 absunt.
924 1882 958 1895 -
997 1857 1043 1906 His
1068 1858 1197 1924 expositis,

121 1922 320 1975 constituendus
334 1932 373 1971 est
386 1922 536 1992 hoopacto.
572 1928 647 1988 Quo·
678 1922 802 1988 reliquum
825 1931 877 1983 est,
902 1933 931 1972 ut
944 1941 1025 1990 pauca
1044 1924 1076 1973 de
1092 1925 1199 1991 singulis

120 1989 204 2057 modo
215 1989 242 2039 iu
254 2006 363 2057 corpore
373 1991 484 2052 morbus,
500 1993 645 2058 aegrotatio
678 1990 778 2040 addam.
812 1994 850 2039 Ac
865 1990 972 2056 primum
988 1991 1088 2057 quidem
1107 2003 1197 2042 coutm

120 2068 151 2109 et
184 2057 275 2107 vitium
310 2057 522 2125 deprehenditur:
557 2060 593 2108 sic
619 2060 646 2109 in
678 2057 812 2116 Neidium,
844 2057 886 2125 qui
910 2058 1058 2125 ceteroquin
1080 2058 1112 2108 de
1137 2059 1197 2108 uni-

120 2124 211 2177 animo
241 2124 292 2174 tria
324 2125 500 2193 reperiuntur:
534 2127 645 2189 morbus,
678 2141 752 2173 versa
773 2122 847 2172 huius
867 2123 919 2173 loci
942 2125 1066 2175 sententia
1082 2133 1114 2176 n'e
1135 2143 1197 2176 ver-

120 2191 271 2260 ‘aegrotatio
300 2200 327 2242 et
352 2192 477 2244 vitiositas
511 2193 646 2259 (Kranlc-
679 2191 738 2241 bum
765 2190 866 2258 quidem
889 2191 1012 2259 protulit,
1044 2193 1197 2244 monendum

120 2261 190 2322 treis,
209 2259 352 2321 Sieclrlseit,
369 2261 488 2311 sitiliehe
498 2263 525 2312 V
521 2260 646 2311 erkelrrt-
679 2268 757 2325 puto,
783 2259 885 2308 nomina
900 2258 1007 2310 habitus
1022 2271 1068 2310 aut
1084 2260 1197 2330 affictio

120 2329 182 2379 treis
213 2328 262 2378 der
287 2327 388 2394 Seele).
434 2331 593 2396 Quamquam
619 2329 646 2378 in
679 2343 732 2375 non
748 2325 858 2375 diversas
878 2325 971 2377 habere
992 2327 1196 2393 significationes,

120 2397 210 2447 animo
232 2395 280 2446 alia
302 2395 370 2445 ratio
391 2405 430 2446 est
445 2405 522 2464 atque
540 2395 567 2445 in
585 2413 646 2447 cor·
678 2403 707 2443 ut
719 2392 783 2441 illud
798 2403 911 2442 nostrum
925 2394 960 2443 sit
968 2397 1128 2463 Fertigkeit,
1146 2396 1196 2447 boc

119 2481 197 2533 pore.
239 2462 342 2512 Scilicet
363 2462 390 2512 iu
407 2478 514 2542 corpore
529 2463 581 2513 tria
599 2463 644 2512 illa
680 2461 840 2510 moralisolre
872 2459 1117 2522 Gabreclrlielrlreit,
1143 2464 1197 2513 sed

120 2530 308 2582 suntinterse
321 2529 434 2581 diversa:
452 2547 479 2579 m
494 2530 577 2580 animo
592 2548 645 2581 uon
679 2545 755 2577 unam
785 2527 939 2595 eandemque
971 2546 1024 2578 rem
1056 2530 1197 2596 designare.

119 2598 194 2649 item
230 2597 329 2647 Etenim
349 2597 376 2647 in
394 2597 479 2647 animo
498 2598 601 2648 morbus
619 2607 644 2648 et
677 2594 776 2645 Deinde
800 2595 833 2643 ad
857 2595 933 2645 verba
958 2597 988 2644 in
1011 2598 1099 2647 altera
1115 2600 1196 2647 —in

120 2664 268 2732 aegrotatio
304 2683 332 2714 re
362 2665 482 2732 copulata
509 2674 583 2727 sunt,
618 2675 644 2715 et
677 2662 767 2712 altera
780 2662 915 2729 utrobique
930 2664 1097 2731 supplendum
1118 2663 1196 2734 asfe-

120 2732 284 2800 cogitatione
324 2742 423 2782 tantum
470 2732 643 2799 seiunguntur,
661 2732 770 2788 Actione.
805 2730 870 2779 Mire
882 2730 949 2780 idem
961 2732 1067 2781 Neidius
1081 2733 1131 2782 sic:
1148 2734 1196 2793 „in

120 2817 201 2868 quum
217 2800 361 2864 aegrotatio
376 2798 439 2848 nihil
455 2799 523 2849 aliud
537 2800 577 2863 sit,
595 2799 644 2849 nisi
678 2800 766 2847 altera
781 2815 816 2847 so.
832 2797 988 2860 vitiositate,
1014 2812 1139 2866 quatenus
1156 2812 1195 2850 est

119 2886 234 2919 summus
247 2867 338 2931 gradus
351 2866 441 2916 morbi.
466 2869 545 2918 Porro
556 2868 644 2918 vitium
677 2866 792 2923 habitns3
823 2866 853 2914 in
875 2866 964 2915 altera
986 2885 1022 2916 sc.
1047 2866 1195 2930 vitiositate,

118 2936 200 3001 longe
223 2933 292 2984 aliud
315 2945 354 2984 est
377 2934 403 2982 in
419 2951 542 3002 corpore,
567 2945 645 3001 atque
677 2944 800 3000 quatenus
813 2943 852 2982 est
864 2934 994 2984 affectio.“
1015 2936 1108 2985 Nescio
1121 2935 1195 3003 equi-

117 3002 263 3053 inanimo.
306 3003 373 3051 Nam
390 3018 466 3068 quum
482 3003 537 3069 quis
554 3001 645 3051 vitium
677 3001 750 3062 dem,
768 2999 829 3067 quid
844 3000 891 3049 sibi
905 3001 1014 3050 voluerit
1028 3002 1067 3051 rir
1081 3003 1170 3053 bonus.

118 3071 147 3121 in
174 3086 283 3136 corpore
304 3068 414 3128 babeat,
438 3069 537 3135 integra
558 3079 644 3118 tamen
727 3070 757 3117 in
773 3080 830 3116 tota
847 3069 911 3133 evito)
930 3069 1037 3118 Tirones
1054 3071 1196 3130 observent,

119 3155 178 3188 esse
203 3146 292 3204 potest
315 3136 452 3187 valetudo:
484 3155 531 3187 nec
554 3136 644 3186 vitium
677 3136 698 3185 si
720 3152 769 3185 vox
792 3148 862 3185 totus
885 3137 1011 3186 referatur
1032 3138 1065 3187 ad
1087 3149 1195 3205 tempus,

118 3206 147 3256 iu
169 3221 280 3282 corpore
302 3205 457 3254 contrarium
479 3215 518 3254 est
539 3204 645 3255 sanitati
677 3221 732 3255 eam
748 3202 893 3252 adiunctam
910 3204 1005 3254 habere
1022 3207 1192 3272 praepositio·

119 3289 254 3340 corporis,
288 3288 371 3339 neque
407 3288 438 3322 ex
471 3289 501 3322 eo
529 3272 644 3322 oriuntur
676 3288 735 3321 nem
748 3272 785 3332 in,
803 3271 841 3320 uti
853 3270 877 3320 b.
886 3271 919 3330 l.;
937 3272 975 3321 sin
991 3282 1075 3322 autem
1089 3274 1121 3323 ad
1134 3291 1195 3339 spa-

117 3339 205 3390 morbi
225 3344 253 3387 et
270 3340 468 3406 aegrotationes.
505 3341 599 3389 Contra
616 3339 644 3388 iu
675 3339 753 3399 tium,
772 3356 832 3404 prae
852 3339 986 3389 ositionem
1003 3340 1094 3390 omitti.
1130 3340 1195 3389 Cor-

119 3408 208 3459 animo
226 3405 352 3457 vitiositas
370 3408 497 3457 contraria
513 3417 552 3457 est
572 3408 644 3455 sani·
677 3406 728 3455 nel.
748 3407 813 3472 Nep.
829 3357 923 3472 ijphicr.
940 3409 978 3468 11,
996 3413 1021 3463 3.
1048 3406 1116 3474 quod
1137 3424 1195 3455 ma-

118 3474 171 3526 tati
195 3473 287 3536 animi,
311 3475 328 3524 i.
345 3491 367 3523 e.
385 3473 489 3537 virtuti,
517 3492 547 3523 ex
565 3491 644 3539 eaque
677 3475 743 3522 xime
765 3485 822 3522 tota
839 3473 995 3522 celebratum
1016 3484 1054 3523 est
1070 3475 1194 3523 Graecia.

119 3541 286 3593 concitantur
337 3542 538 3602 erturbationes,
579 3558 643 3608 quae
678 3541 715 3590 cf.
724 3541 807 3589 Bromi
821 3540 853 3590 ad
866 3540 975 3606 praefat.
983 3541 1050 3606 Nep.
1064 3543 1084 3609 q
1095 3546 1119 3598 5.
1134 3558 1159 3608 p.
1169 3545 1194 3597 8.

117 3609 238 3660 efficiunt
264 3559 365 3659 morbos
392 3619 420 3658 et
446 3609 643 3675 aegrotationes.
677 3608 718 3657 Sic
736 3607 829 3656 dicitur
849 3608 905 3657 totd
926 3608 1000 3657 terrd
1020 3625 1067 3674 pro
1088 3626 1135 3675 per
1149 3619 1195 3659 to-

118 3680 212 3744 itnque
234 3676 325 3725 vitirrm
343 3676 421 3725 animi
442 3695 493 3728 non
510 3677 593 3744 ipsum
613 3693 643 3725 ex
676 3685 729 3724 tam
754 3684 864 3735 terram,
896 3676 960 3724 totis
985 3677 1097 3737 caetris,
1131 3678 1196 3726 totis

119 3761 148 3794 se
162 3743 285 3806 cernitur,
303 3743 341 3793 uti
354 3744 445 3794 vitium
461 3744 582 3812 corporis,
601 3743 644 3793 in·
677 3744 792 3810 campis,
810 3754 864 3792 toto
879 3758 1002 3811 corpore,
1023 3760 1075 3792 non
1090 3745 1120 3793 in
1138 3757 1196 3794 tota

118 3822 197 3878 tegra
228 3811 392 3870 valetudine;
433 3812 477 3861 sed
507 3811 644 3861 conturbat
676 3822 758 3860 tetra.

118 3878 198 3930 animi
213 3878 357 3929 sanitatem.
392 3880 437 3929 Uti
453 3880 532 3929 virtus
547 3888 586 3928 est
600 3880 644 3927 af·
723 3889 818 3947 partes
827 3876 906 3927 habet
915 3877 1113 3945 dissentientes)
1125 3881 1196 3929 Haec

119 3946 201 3996 sectio
228 3946 306 3996 animi
328 3957 448 3997 constans
474 3946 643 3997 couveniens·
677 3955 716 3994 est
740 3946 817 3995 lectio
841 3945 950 3995 omnium
972 3944 1053 3995 Codd.
1076 3949 1146 3996 MSS.
1169 3957 1196 3995 at

118 4031 185 4081 que:
203 4013 241 4063 ita
255 4014 383 4064 vitiositas
398 4015 502 4064 affectio
520 4015 580 4080 (aut
593 4013 643 4062 ha·
675 4013 741 4062 Edd.
758 4023 835 4070 vett.;
852 4030 927 4080 quam
942 4023 1027 4063 autem
1040 4014 1105 4064 haec
1118 4015 1194 4062 rerba

118 4081 206 4147 bitus)
229 4080 256 4131 in
273 4091 330 4132 tota
347 4081 401 4132 rita
418 4081 565 4131 inconstans
583 4090 642 4130 ota
675 4080 829 4130 sententiam
844 4081 1001 4147 significent,
1027 4098 1067 4130 me
1084 4098 1135 4130 non
1151 4080 1193 4128 in-

118 4167 147 4200 ae
172 4149 231 4217 ipsa
255 4149 413 4199 dissentiens.
457 4151 528 4200 Ilaec
558 4158 643 4198 autem
674 4148 791 4214 telligere
805 4147 884 4198 libere
899 4160 926 4198 et
940 4149 1049 4214 ingenue
1065 4165 1122 4197 cum
1138 4150 1192 4196 Da—

117 4216 270 4268 vitiositatis
295 4217 400 4268 affectio
426 4216 447 4266 si
476 4215 579 4283 gravior
594 4225 641 4276 est,
657 4277 661 4281 .
676 4215 739 4264 m'aio
748 4216 839 4265 fateor.
864 4215 932 4278 Quid
949 4215 1034 4266 enim?
1051 4217 1080 4264 Iu
1095 4213 1189 4263 verbis:
