2640 4626
115 206 159 277 40
526 213 782 264 snonueonsna

200 338 282 399 Hinc
297 336 443 415 sequitur,
466 335 582 413 aliquid
598 355 659 394 esse
676 334 783 393 melius
795 334 926 412 optimo:
951 353 1012 413 quo
1028 333 1109 393 nihil
1119 355 1197 414 per-

119 476 123 501 ι
202 439 317 502 versius
336 438 397 497 dici
411 446 519 517 potest.
562 437 641 511 Ergo
657 435 737 495 nihil
750 435 835 494 aliud
850 444 950 509 restat,
972 436 1031 495 nisi
1044 446 1081 494 ut
1093 434 1196 496 hone-

120 594 123 601 .
202 553 282 600 stum
306 539 387 599 idem
412 559 474 598 esse
490 537 584 597 vitam
598 539 732 614 beatam,
755 546 807 595 aut
821 537 917 596 vitam
929 536 1048 598 beatam
1064 535 1196 599 honesto

50 656 55 665 “
94 678 99 688 ‹
203 650 435 719 consequentem
454 661 515 698 esse
533 639 677 697 dicantus.
700 660 726 698 c.
744 640 793 706 17.
816 638 843 713 §
858 637 909 706 49·
923 640 975 705 50.

161 742 195 827 η)
218 743 272 803 Uti
287 743 320 801 in
342 742 426 803 vitiis
449 742 520 800 satis
544 737 682 833 magnam
703 741 767 800 vim
783 761 845 800 esse
872 740 983 799 dicitur
1000 739 1040 798 ad
1054 739 1196 800 miseram

202 845 312 905 vitam:
335 845 377 903 ita
400 843 562 903 dicendum
578 852 639 917 est,
660 841 785 901 eandem
803 841 866 900 vim
882 841 917 900 in
934 841 1050 901 virtute
1071 861 1135 901 esse
1158 842 1195 900 ad

204 948 322 1005 beatam
336 944 447 1019 vitam3
470 943 691 1004 contrariorum
712 943 792 1003 enim
817 943 969 1002 contraria
986 951 1059 1003 sunt
1085 963 1194 1002 canse-

205 1047 337 1125 quentia.
359 1044 397 1121 §.
409 1049 460 1113 50.
503 1045 620 1105 Vitium
645 1053 744 1104 autem
769 1055 799 1104 et
819 1045 918 1105 viatus
936 1043 1088 1104 contraria
1106 1056 1195 1105 sunt:

206 1148 334 1207 alterum
353 1149 476 1207 alteram
497 1147 593 1223 tollit,
615 1156 665 1225 ut,
687 1147 720 1207 in
741 1167 829 1223 quem
854 1145 964 1205 cadant
981 1145 1194 1223 aegritudines,

205 1249 327 1308 virtutis
353 1269 475 1329 compos
498 1269 644 1308 essenon
666 1248 770 1327 possit.
800 1249 827 1324 §.
855 1250 907 1315 50.
938 1268 963 1307 e.
988 1248 1037 1316 18.
1081 1249 1106 1306 Ε
1130 1248 1194 1307 vita

207 1349 461 1410 nobilissimorum
479 1349 637 1409 hominum
656 1349 792 1428 exempla
807 1348 993 1424 afferuntur,
1015 1348 1127 1426 quibus
1143 1370 1193 1409 os-

206 1451 355 1528 tendatur,
377 1452 487 1511 vitium
497 1451 645 1526 miseram,
666 1450 811 1509 virtutem
827 1450 946 1509 beatam
962 1450 1056 1509 vitam
1066 1449 1193 1510 efficere.

207 1574 232 1611 c.
257 1555 405 1621 tta—93.

165 1652 206 1732 S)
230 1653 292 1726 Qui
311 1653 409 1711 bonus
432 1662 493 1725 est,
516 1654 535 1711 i.
553 1673 577 1711 e.
600 1652 722 1713 virtutis
741 1672 880 1731 compos,
901 1653 982 1713 idem
998 1651 1116 1730 sapiens
1132 1651 1154 1710 i.
1170 1673 1194 1712 e.

207 1752 407 1832 philosophus
424 1764 486 1813 est·
520 1753 643 1833 Sapiens
659 1763 759 1814 autem
773 1762 804 1813 et
823 1752 1086 1833 praestantissimis
1101 1753 1196 1812 animi

104 1862 107 1867 '
206 1855 293 1913 bonis
313 1855 423 1932 gaudet
438 1865 467 1914 et
483 1864 550 1914 tum
565 1854 598 1912 in
613 1855 706 1914 otiosa
724 1864 789 1913 tum
804 1855 928 1933 publica
942 1855 1005 1914 vita
1022 1854 1195 1933 esapientia

207 1954 410 2035 pulcherrima
432 1956 541 2040 gaudia
563 1956 701 2035 percipit.
744 1957 893 2035 Sapientis
916 1957 1010 2034 igitur
1029 1956 1094 2015 vita
1114 1956 1196 2015 nihil

208 2056 367 2134 desiderat,
390 2078 450 2136 quo
468 2058 507 2117 sit
521 2057 645 2117 beatior.
675 2057 866 2136 Exprimitur
874 2058 934 2117 visi
945 2057 1102 2117 cuiusdam
1111 2059 1195 2136 opti·

208 2159 264 2217 mis
273 2160 388 2219 artibus
403 2159 582 2238 praestantis
589 2159 697 2237 imago,
712 2159 824 2238 partim
833 2159 971 2218 omnihus
981 2157 1196 2237 philosophiae

209 2259 376 2340 disciplinis
400 2260 531 2338 exculti,
551 2261 709 2340 partimin
725 2261 881 2340 republica
899 2260 1064 2337 versantis,
1087 2260 1196 2320 amici-

208 2361 490 2443 tiisquedoctorum
504 2371 535 2422 et
551 2361 731 2441 sapientium
748 2359 906 2422 hominum
920 2361 1066 2437 florentis,
1089 2371 1195 2421 osten·

210 2463 361 2544 diturque,
384 2466 437 2544 qui
451 2465 488 2523 iis
504 2463 620 2542 gaudiis
637 2465 774 2539 fruatur,
796 2483 863 2522 eum
878 2464 999 2523 beatum
1013 2483 1085 2539 esse,
1101 2462 1196 2542 idque

211 2586 330 2626 necesse
343 2587 404 2625 esse
425 2586 527 2626 omnes
544 2564 689 2624 confiteri.
713 2584 738 2623 c.
756 2561 807 2632 24.
824 2567 875 2632 25.

209 2686 236 2744 g.
265 2665 465 2726 Adversarius
487 2666 622 2743 quaerit,
651 2687 693 2724 an
716 2670 838 2744 sapiens
863 2683 976 2745 semper
999 2666 1107 2725 beatus
1133 2690 1197 2726 esse

122 2770 233 2845 possit,
255 2769 348 2824 etiam
362 2770 396 2825 in
417 2770 557 2826 cruciatu
574 2779 601 2825 et
619 2769 784 2827 tormentis.
827 2765 909 2827 Huic
938 2767 1041 2828 Cicera
1062 2788 1195 2847 respon-

127 2867 193 2941 det,
214 2865 247 2924 id
263 2886 324 2924 non
341 2887 425 2945 egere
452 2866 722 2945 argumentatione,
743 2868 907 2947 sapientem
923 2870 1041 2928 beatum
1063 2869 1128 2929 fore
1139 2914 1149 2945 ,
1172 2871 1198 2929 si

127 2967 158 3024 in
168 2966 231 3025 vita
241 2967 378 3027 omnibus
388 2968 628 3028 iucunditatibus
639 2969 749 3030 referta
763 2970 972 3029 constituatur.
1005 2971 1038 3029 Si
1052 2971 1112 3049 ipsi
1119 2972 1198 3051 Epi-

127 3088 217 3142 curo,
249 3068 301 3144 qui
328 3070 515 3149 voluptatem
542 3091 693 3131 summum
717 3072 848 3146 bouum,
884 3070 1020 3131 dolorem
1044 3092 1197 3132 summum

126 3168 239 3227 malum
257 3189 318 3228 esse
334 3170 432 3245 dicat,
454 3171 554 3231 dicere
569 3172 690 3248 licebit,
712 3172 832 3231 nullum
848 3173 975 3250 sapienti
990 3193 1051 3232 esse
1066 3182 1197 3252 tempus,

126 3271 183 3329 etsi
200 3270 345 3330 maximos
361 3272 512 3332 cruciatus
527 3272 670 3351 patiatur,
692 3272 768 3349 quin
789 3272 894 3331 beatus
911 3273 965 3332 sit:
987 3276 1084 3334 multo
1101 3276 1197 3354 magis

126 3370 287 3431 dicendum
306 3383 350 3431 est
366 3373 412 3448 iis,
435 3373 489 3450 qui
503 3371 582 3433 nihil
601 3372 812 3452 expetendum,
833 3373 912 3433 nihil
928 3375 1058 3435 inbonis
1077 3375 1198 3436 ducen-

126 3471 215 3549 dum,
244 3473 327 3551 quod
351 3473 515 3562 honestate
530 3483 646 3550 careat,
668 3474 849 3535 existimant.
866 3506 907 3522 -
922 3477 1099 3555 Optandum
1123 3500 1198 3538 sane

126 3573 217 3649 dicit,
238 3584 276 3633 ut
299 3575 387 3635 etiam
400 3575 591 3654 Peripatetici
616 3585 791 3654 veteresque
806 3577 977 3637 Academici
992 3578 1115 3638 tandem
1135 3580 1197 3641 ali-

127 3675 248 3752 quando
281 3686 382 3754 aperte
417 3686 448 3735 et
473 3677 552 3736 clara
583 3697 658 3737 voce
690 3698 760 3736 cum
786 3677 894 3737 Stoicis
920 3678 1051 3739 audeant
1075 3680 1197 3755 dicere,

127 3775 267 3855 sapientis
308 3777 400 3837 vitam
439 3787 468 3837 et
503 3779 536 3837 in
569 3778 706 3840 maximis
755 3779 938 3840 cruciatibus
971 3781 1089 3841 beatem
1123 3803 1197 3842 esse.

126 3898 152 3939 c.
170 3877 223 3947 26.
244 3880 295 3946 27.

209 3978 240 4038 h.
263 3977 324 4038 Iam
339 3979 443 4040 Cicero
453 3982 532 4041 redit
546 3982 585 4040 ad
599 4003 663 4043 eam
673 3984 859 4060 sententiam,
882 4004 940 4061 qua
958 3983 1197 4064 disputationem

60 4128 66 4143 .
126 4100 249 4141 exorsus
265 4090 309 4139 est
324 4091 354 4140 et
367 4103 458 4161 quam
472 4083 602 4164 probare
620 4093 745 4143 conatus
763 4095 825 4162 eat,
848 4087 941 4145 vitam
958 4087 1076 4147 beatam
1091 4087 1196 4146 virtu-

125 4192 169 4243 tcs
191 4182 279 4243 etiam
303 4183 341 4242 ad
359 4186 489 4245 maxima
511 4193 659 4245 tormenta
688 4187 915 4265 cruciatumque
936 4189 1087 4266 prosequi.
1133 4189 1198 4247 Nec
