2640 4626
552 169 676 218 urana
694 167 725 220 v.
743 169 804 226 te·
961 124 963 129 ‚
1136 159 1200 226 333

233 288 323 362 XVI.
382 291 440 366 46.
474 285 578 383 Quod
599 286 634 357 ni
657 285 704 358 ita
727 284 930 372 tenebimus,
967 285 1068 359 multa
1095 303 1201 375 erunt,

113 419 230 492 ,quae-
250 390 351 465 uobis
386 388 475 461 bona
512 389 652 461 dicenda
678 389 760 462 sint:
795 387 911 460 omitto
934 387 1082 475 divitias;
1116 417 1199 488 quas

131 521 233 593 quum
252 492 379 591 quivis,
404 491 553 590 quamvis
571 491 739 588 indignus,
765 489 888 561 habere
903 489 1020 588 possit,
1046 490 1198 565 inbonis

129 614 200 669 non
216 623 371 668 numero:
397 593 488 692 quod
504 592 592 664 enim
603 609 651 665 est
663 594 799 679 bonum,
818 591 853 664 id
869 619 936 662 non
953 591 1060 690 quiris
1077 592 1199 668 babere
1226 624 1229 628 ·

130 714 258 798 potest:
292 697 407 775 omitto
422 693 644 781 nobilitatem,
670 695 856 793 famamque
880 693 1104 792 popularem,¹
1118 696 1199 769 stul·

130 817 241 873 torum
263 798 557 898 improborumque
582 824 745 868 consensu
766 794 954 868 excitatam:
991 796 1088 884 haec,
1114 827 1198 896 quae

129 919 209 974 sunt
223 901 369 988 minima,
393 906 504 974 tamen
518 899 605 971 bona
621 899 773 970 dicantur
789 925 921 970 necesse
938 915 1003 987 est3
1029 899 1197 972 candiduli

130 1005 257 1091 dentes,
274 1002 400 1075 venusti
418 1001 515 1088 oculi,
530 1000 622 1077 color
636 1001 766 1090 suavis,
792 1016 823 1074 et
843 1028 891 1088 eu,
917 1000 1194 1104 quaeEuryclea⁵

129 1105 243 1180 laudat
256 1105 345 1178 Ulixi
360 1104 463 1204 pedes
485 1103 632 1190 abluens,
1001 1100 1004 1105 ’

213 1218 362 1286 Lenitudo
386 1226 545 1301 orationis,
567 1224 727 1284 mollitudo
749 1223 900 1303 corporis:

131 1354 169 1399 ea
185 1325 215 1397 si
229 1325 318 1397 bona
336 1324 535 1412 dicemus⁶,
560 1323 642 1423 quid
668 1322 729 1396 erit
750 1321 784 1393 in
808 1321 1001 1422 philosophi
1028 1323 1196 1420 gravitate,

129 1456 230 1526 quam
252 1427 288 1519 iq
312 1425 400 1524 volgi
425 1424 602 1526 opinione,
634 1425 872 1525 stultorumque
896 1425 1009 1513 turba,
1035 1426 1126 1524 quod
1146 1426 1198 1500 di-

130 1546 224 1602 catur
238 1545 294 1601 aut
308 1528 458 1626 gravius,
483 1543 538 1600 aut
553 1527 734 1625 grandius?
1089 1596 1093 1609 ,

231 1636 289 1712 47.
314 1631 360 1704 At
379 1630 466 1703 enim
489 1630 603 1703 eadem
624 1622 728 1702 Stoici
746 1631 943 1728 praecipuo
959 1627 1008 1700 vel
1018 1629 1196 1727 producta

130 1732 256 1820 dieunt,
282 1731 592 1832 quaebonaisti.-
618 1732 742 1811 Dicunt
758 1730 804 1803 illi
821 1730 971 1829 quidem:
998 1731 1059 1803 sed
1074 1731 1127 1803 his
1144 1732 1194 1803 vi-

130 1851 197 1907 tam
215 1835 344 1908 beatam
363 1834 521 1934 compleri
537 1850 674 1931 negant:
700 1834 735 1905 hi
753 1850 859 1905 autem
880 1832 951 1905 sine
973 1832 1015 1904 iis
1035 1860 1105 1906 esse
1121 1832 1195 1906 nul-

131 1935 196 2009 lam
216 1953 348 2037 putant;
375 1954 447 2027 aut,
472 1936 502 2008 si
522 1935 566 2008 sit
580 1937 693 2024 beata,
718 1935 941 2009 beatissimam
960 1950 1045 2007 certe
1065 1952 1193 2034 negant.

196 2122 272 2181 5Sic
286 2122 382 2172 multae
395 2121 459 2172 Edd.
475 2131 538 2172 vett.
555 2151 588 2161 -
605 2123 637 2172 Il.
662 2141 682 2172 c.
706 2121 785 2172 Codd.
805 2119 930 2236 plerisque
954 2121 1027 2170 Pet).
1061 2116 1193 2182 Anticlea,

128 2207 194 2307 qpae
211 2189 262 2240 fuit
277 2189 350 2240 Ulixi
370 2199 466 2239 mater:
485 2206 548 2256 quae
570 2188 649 2240 lectio
673 2207 724 2239 non
748 2187 911 2238 sollieitaua
937 2186 1011 2245 vdtr3
1029 2187 1103 2237 facile
1125 2188 1193 2238 enim

150 2258 181 2307 ὀ.
199 2256 226 2307 iu
240 2257 383 2307 nominibus
398 2255 532 2307 simillimis
548 2255 670 2306 memoria
682 2255 736 2307 lubi
750 2264 860 2323 poterut.
910 2260 927 2313 6
943 2257 1001 2304 Em.
1018 2255 1147 2315 ducemus,
1164 2266 1194 2306 ut

127 2334 168 2374 est
192 2324 219 2374 in
243 2325 274 2375 ll.
299 2325 343 2375 Gr.
366 2324 390 2374 b.
416 2334 443 2374 et
465 2322 527 2390 aliq.
543 2323 607 2374 Edd.
629 2334 691 2373 vett.
708 2325 794 2383 Recte.
828 2321 886 2373 Alia
901 2321 954 2374 loci
968 2321 1035 2373 ratio
1052 2323 1101 2373 suit
1115 2341 1192 2392 supra

127 2395 150 2460 t.
167 2393 211 2449 44.

135 2546 137 2552 ¹
178 2491 237 2540 Car.
253 2492 323 2541 XVI.
340 2491 381 2548 46.
400 2508 466 2559 quae
483 2503 545 2542 eune
562 2491 644 2541 mini·
678 2495 717 2550 13.
738 2486 806 2542 utto
820 2487 883 2558 γὰρ,
901 2487 965 2558 ἔφη,
977 2487 1017 2558 μὴ
1028 2487 1117 2552 οὕτως
1132 2491 1192 2560 εἰκῆ

126 2559 184 2623 ma)
215 2557 324 2627 Neidius
346 2558 480 2623 legendum
504 2576 544 2608 sus
563 2558 645 2609 icatur
675 2552 863 2628 ἠμᾶςαῦτοῢς
876 2556 1041 2625 αἰτιώμεθα.

127 2625 253 2685 minime,
270 2627 328 2691 quia
344 2624 431 2675 Cicero
449 2577 643 2676 omniabaece
723 2627 870 2705 praecipua
886 2626 931 2675 vel
941 2627 1085 2695 producta)
1110 2624 1192 2676 Stoici

125 2694 251 2744 bonorum
268 2710 370 2742 numero
395 2693 472 2761 plane
492 2694 645 2744 removenda
678 2694 758 2755 enim,
783 2704 821 2743 utr
843 2693 893 2743 iam
914 2711 989 2760 supra
1007 2694 1193 2744 demonstravi-

127 2778 184 2810 esse
206 2771 315 2810 censeat.
357 2761 465 2822 Fateor,
491 2761 588 2827 assequi
604 2779 644 2810 me
676 2780 745 2822 mus,
763 2761 831 2811 inter
849 2760 917 2810 bona
935 2769 962 2809 et
975 2761 1041 2810 mala
1055 2771 1192 2827 posuerunt

125 2845 179 2878 nou
195 2845 277 2894 posse,
295 2827 356 2895 quid
370 2828 418 2877 sibi
434 2826 499 2877 velit
514 2828 562 2878 bac
578 2845 644 2878 eon-
675 2827 743 2882 ddici
769 2847 837 2892 ooo,
854 2845 919 2895 quae
937 2827 1002 2876 nihil
1020 2829 1053 2877 ad
1072 2827 1192 2877 virtutem

125 2895 224 2945 iectura
233 2895 272 2944 vir
285 2895 374 2944 bonus.
397 2896 514 2945 Minima
528 2912 579 2944 nou
594 2896 643 2945 bo·
677 2906 703 2946 et
726 2914 740 2945 a
779 2894 844 2944 vitia
866 2893 1008 2954 intersunt,
1033 2905 1108 2961 atque
1127 2894 1190 2944 adeo

125 2980 167 3023 na,
185 2962 231 3012 sed
246 2979 285 3011 res
293 2960 389 3012 minimi
402 2960 480 3031 pretii
492 2961 644 3029 iutelligeu-
675 2963 759 3013 media
776 2962 908 3012 dicuntur:
921 2978 1001 3028 neque
1010 2961 1042 3011 ad
1054 2962 1128 3012 beate
1143 2979 1191 3010 ne-

125 3029 175 3080 dae
193 3039 260 3078 suut.
585 3076 587 3081 Α
677 3047 724 3100 que
743 3029 775 3080 ad
797 3028 889 3078 misere
904 3026 1039 3078 vivendum
1056 3029 1191 3096 quicquam

176 3096 325 3161 Lenitudo)
349 3097 394 3146 Est
412 3105 561 3147 tetrameter
584 3105 643 3146 tro·
657 3104 659 3109 '
675 3097 770 3148 valent.
803 3099 866 3146 Sunt
888 3103 974 3145 tamen
994 3096 1127 3147 commoda
1148 3107 1191 3146 ut-

125 3164 207 3216 olraio.
234 3164 308 3213 catal.
333 3163 477 3242 desumptus
503 3181 517 3214 e
541 3161 644 3213 Pacuvii
677 3182 725 3233 que
740 3161 900 3214 incommoda
910 3162 990 3212 vitae:
1008 3162 1190 3231 quoesapienti

124 3231 235 3299 Niptris,
248 3248 321 3298 quem
335 3231 442 3280 adduxit
454 3232 552 3281 Nonius
566 3232 593 3281 iu
603 3231 644 3281 le-
677 3241 796 3299 appetere
807 3229 920 3299 ,quidem
939 3230 1015 3293 licet,
1038 3231 1075 3281 ita
1096 3228 1196 3290 tamen,

124 3298 227 3350 nitudo.
247 3299 285 3349 cf.
304 3298 390 3366 Odyss.
409 3317 432 3361 τ,
453 3302 513 3356 392.
531 3316 586 3366 sqq.
676 3309 705 3348 ut
732 3297 810 3348 virtus
840 3298 939 3363 integra
970 3308 1078 3349 maneat.
1120 3300 1191 3352 Haeo

177 3365 243 3435 quid
258 3367 326 3432 erit)
351 3366 378 3415 Si
404 3365 487 3416 omnia
510 3384 555 3427 eu,
580 3383 644 3433 quae
675 3363 822 3432 ἀδιάφορα
836 3364 1015 3415 dividunturin
1031 3363 1191 3430 προηγμένα

124 3433 242 3493 diximus,
260 3433 400 3500 asapiente
417 3433 528 3483 inbonis
545 3433 643 3482 duceu-
675 3431 846 3500 (praecipua,
873 3431 1034 3499 praeposita,
1052 3430 1187 3498 producta)

121 3511 173 3562 tur,
189 3500 252 3550 nihil
268 3500 325 3562 erit,
340 3518 390 3568 quo
400 3500 499 3569 sapiens
513 3500 643 3568 insipienti
675 3500 691 3550 i.
716 3518 738 3549 e.
758 3516 801 3560 ea,
827 3515 891 3566 quae
915 3498 1052 3547 secundum
1075 3506 1190 3550 naturam

123 3579 202 3636 atque
217 3568 296 3617 stulto
311 3578 433 3636 praestet.
673 3578 739 3626 sunt,
756 3583 819 3633 quae
827 3565 946 3615 sumenda
955 3575 980 3614 et
990 3564 1096 3632 quadam
1110 3564 1190 3614 aesti-

174 3638 217 3692 47.
235 3637 358 3702 Atenim)
376 3639 421 3695 At,
435 3634 525 3702 aliquis
534 3633 640 3702 inquiet,
673 3634 785 3684 matioue
802 3632 931 3700 dignanda
945 3641 1017 3694 sunt,
1037 3641 1063 3681 et
1077 3631 1105 3680 iu
1120 3631 1188 3696 deco·

121 3720 175 3753 nou
191 3713 261 3752 recte
277 3703 356 3763 dicis,
382 3702 421 3751 bic
438 3702 546 3752 externis
562 3703 640 3752 vitam
672 3699 832 3769 nooqype'ttot
849 3702 973 3767 (remota,
994 3699 1102 3759 reiecta,
1120 3699 1211 3767 reie-y.
1248 3746 1251 3751 .

121 3770 223 3825 beatam
240 3767 292 3820 non
311 3769 445 3836 compleri3
469 3768 548 3819 Stoici
570 3772 639 3821 enim
672 3771 786 3835 etanta),
804 3786 868 3835 quae
885 3779 989 3817 naturae
1006 3776 1065 3816 sunt
1084 3777 1188 3816 contra·
1215 3794 1217 3801 κ

120 3837 218 3899 eadem,
239 3855 303 3904 quae
323 3838 392 3887 bona
412 3836 576 3904 Peripatetici
595 3837 638 3886 di·
670 3837 724 3899 ria,
753 3847 828 3903 atque
853 3835 923 3886 nulla
945 3833 1121 3884 aestimatione
1145 3834 1188 3883 di-

120 3914 191 3965 cunt,
208 3904 343 3971 praecipua
361 3903 458 3954 dicunt.
483 3903 520 3954 cf.
540 3903 571 3953 de
588 3904 638 3954 hoc
670 3903 778 3969 guarda.
797 3906 826 3954 V.
843 3921 889 3955 nos
903 3903 930 3953 in
946 3901 1001 3951 libr.
1010 3901 1080 3951 dicto
1096 3920 1120 3969 p.
1128 3905 1188 3960 233.

118 3971 236 4038 elliptieo
253 3990 298 4022 usu
319 3970 500 4038 particularum
525 3973 638 4021 atenim
671 3989 707 4038 sq.
734 3972 772 4021 cf.
801 3971 971 4030 Tiedemann,
1005 3971 1109 4036 Syrtem
1139 3970 1187 4019 der

117 4038 201 4089 Beier.
217 4038 249 4088 ad
265 4039 337 4089 Offic.
355 4041 374 4088 l.
393 4040 442 4101 40,
461 4039 518 4096 144.
536 4057 561 4117 p.
578 4044 635 4097 289.
669 4039 801 4106 croiselren
815 4037 995 4108 Philosophia
1009 4038 1094 4089 T.lll.
1109 4054 1134 4103 p.
1143 4041 1185 4094 95.

119 4107 267 4172 Comparari
275 4115 382 4174 possunt
389 4123 444 4156 cum
458 4122 554 4171 graecis
570 4116 635 4174 part.
669 4123 723 4175 sqq.

118 4171 190 4227 ἀλλὰ
211 4175 273 4244 γάρ.
294 4173 415 4242 Xenoph.
443 4174 534 4241 Cyrop.
559 4177 591 4228 V.
609 4181 633 4236 5,
718 4172 801 4223 vr'tam
822 4171 925 4224 beatam
947 4172 1091 4242 compleri)
1115 4173 1187 4223 Bona
