2640 4626
161 215 224 288 188
252 254 254 261 >
407 228 688 281 rusmnmsuuu
702 227 984 282 nrsrurarrouuu

160 344 301 436 dissein,
329 345 479 421 dolorem
504 348 614 420 tan'ien
640 347 726 420 serre
752 374 823 420 non
866 352 1022 422 ossem⁶=
1048 348 1132 422 satis
1149 354 1238 424 es'set

159 449 361 551 argumenti,
386 448 508 521 malum
535 452 606 522 esse
633 448 789 523 dolorem.
814 375 978 548 piissimos
995 448 1237 527 autemanno's¹

84 635 85 640 .
156 555 193 627 in
220 550 437 655 philosophia
470 551 681 652 consumpsi,
713 579 775 625 nec
806 551 893 625 ferre
924 579 1081 652 possum:
1106 552 1236 629 malum

158 652 208 732 est
235 656 336 756 igitur
364 653 467 726 dolor.
518 654 604 726 Tum
634 653 841 742 Cleanthem,
867 659 975 753 quum.
999 655 1086 754 pede
1106 656 1233 733 terrani

156 756 393 861 percussisset,
418 784 550 830 versum
565 784 604 829 ex
617 757 781 856 Epigonis
795 755 906 829 serunt
921 757 1055 846 dixisse,

240 881 375 943 Audiens
395 878 488 956 haec,
510 876 709 958 Amphiarae,
731 879 787 938 sub
809 872 1065 941 terram-abdite?

156 983 326 1057 Zenonem
340 975 564 1076 significabat:
591 1004 692 1076 aquo
707 976 799 1050 illum
817 977 1017 1073 degenerare
1035 974 1180 1050 dolebat.
1238 1056 1242 1068 ¹

258 1080 385 1162 som
408 1108 478 1151 non
494 1095 608 1152 noster
622 1079 843 1166 Posidonius;
870 1104 967 1177 quem
987 1095 1018 1152 et
1035 1077 1111 1179 ipse
1127 1080 1227 1180 saepe

151 1184 242 1273 vidi,
269 1199 300 1257 et
321 1182 359 1255 id
381 1181 512 1270 dicam,
538 1180 630 1280 quod
652 1180 780 1255 solebat
802 1208 937 1255 narrare
955 1181 1154 1281 Pompeius:
1181 1209 1226 1271 se,

154 1314 257 1386 quum
274 1282 433 1359 Rhodum
458 1284 599 1358 venisset
621 1283 784 1358 decedens
804 1312 844 1358 ex
861 1283 975 1388 Syria,
1000 1283 1118 1357 andire
1132 1283 1226 1357 volu-

154 1391 220 1464 isse
234 1386 460 1462 Posidonium.
486 1387 545 1461 sed
563 1413 666 1487 quum
679 1387 876 1477 audivisset,
902 1414 976 1460 eum
993 1385 1139 1485 graviter
1153 1413 1225 1461 esse

218 1614 235 1671 6
251 1611 284 1664 V.
303 1609 370 1660 Ado.

150 1764 206 1797 cum
239 1745 277 1795 sic
307 1741 484 1808 corrigendum
515 1740 666 1794 arbitratur:
701 1760 759 1794 eum
768 1755 868 1794 ceteros
876 1743 1026 1814 participes
1041 1741 1155 1793 sceleris
1175 1741 1226 1793 in·⁴

150 1832 195 1864 res
214 1813 305 1873 ondit,
323 1811 474 1879 Quicunque
491 1839 524 1849 -
540 1811 667 1872 dedisset,
701 1812 817 1872 dicaret,
835 1811 972 1862 Philotam
987 1828 1039 1861 non
1054 1812 1223 1861 noncinavit!

150 1831 267 1932 deditem
292 1892 381 1929 tamen
394 1893 439 1916 ·—
459 1891 567 1948 posset,
598 1880 668 1931 satis
701 1890 750 1930 etc.
785 1879 901 1944 Genaina
932 1889 1017 1930 autem
1043 1879 1121 1929 lectio
1150 1877 1221 1929 haud

150 1950 220 1998 esset
243 1957 293 1998 etc.
327 1946 354 1996 si
378 1946 506 2012 vulgatam
530 1945 667 1997 lectionem
700 1945 776 1997 dubie
802 1964 818 1997 a
837 1947 947 1997 librariis
971 1964 1002 1997 eo
1027 1955 1150 2014 corrupta
1173 1955 1221 2008 est,

149 2014 392 2072 retinerevolnmus,
411 2015 666 2080 certepostverbum
718 2014 769 2064 uod
801 2031 861 2065 mox
891 2013 1004 2081 sequitur
1028 2014 1112 2065 oratio
1137 2024 1219 2064 recta.

146 2102 252 2154 possem
277 2081 406 2132 distinctio
431 2081 513 2131 maior
535 2081 609 2145 tolli,
640 2092 667 2132 et
699 2032 829 2150 llenique,
853 2081 874 2131 si
886 2083 1011 2132 rationem
1025 2081 1128 2131 anobis
1145 2081 1220 2148 posi·

96 2177 98 2181 >
148 2151 201 2202 eius
218 2151 277 2201 loeo
297 2148 578 2215 minor'distiucti01,)
603 2150 666 2216 poni
699 2159 752 2200 tam
777 2149 974 2212 constituamus,
1001 2147 1052 2198 duo
1077 2147 1219 2227 syllogismi

63 2237 65 2240 ·
148 2219 238 2277 debet;
256 2234 314 2267 nam
328 2218 405 2267 verba
414 2218 482 2267 scitis
497 2228 566 2266 esset
580 2235 666 2287 argu·
699 2217 805 2267 eandem
817 2216 856 2266 illi
868 2217 969 2283 quidem
982 2225 1137 2267 sententiam
1152 2234 1219 2267 eon·

149 2287 230 2336 menti
254 2284 388 2335 referenda
416 2294 476 2333 sunt
498 2285 533 2334 ad
559 2284 665 2352 primam
697 2285 823 2347 sinentes,
853 2284 898 2334 sed
924 2283 1028 2335 diversis
1051 2300 1108 2333 earn
1134 2283 1218 2335 modis

147 2352 274 2404 enunciati
298 2369 387 2402 vocem
405 2353 481 2415 Quia.
515 2355 550 2402 At
568 2363 664 2420 quanto
698 2351 839 2414 efferentes,
856 2351 921 2401 nulli
936 2350 1069 2402 oflensioni
1083 2368 1138 2401 esse
1172 2369 1217 2402 os-

146 2420 241 2472 diutius
255 2419 322 2470 hunc
335 2420 418 2470 locum
431 2419 574 2480 considero,
590 2429 663 2470 tanto
697 2428 764 2481 etant.
789 2418 894 2469 Scilicet
904 2419 976 2486 prior
989 2419 1134 2469 enunciatio
1149 2371 1217 2470 llio-

146 2489 227 2539 minus
241 2487 302 2538 mihi
317 2487 468 2566 persuadere
481 2505 591 2554 possum,
606 2504 663 2537 eum
696 2486 762 2553 nysii
777 2487 901 2537 rationem
918 2504 971 2537 uon
990 2486 1042 2536 eins
1057 2485 1155 2555 ipsius,
1172 2485 1217 2537 sed

145 2557 183 2606 ita
203 2555 241 2605 uti
266 2554 399 2605 exlnbetur
421 2555 601 2605 cMSStorum
621 2555 663 2604 le·
697 2554 824 2605 Ciceronis
855 2553 938 2606 verbis
964 2553 1217 2634 uliertffiposterior

38 2658 43 2668 .
128 2624 230 2674 -ctione
247 2641 262 2673 a
280 2621 408 2673 Ciceronis
428 2638 504 2670 manu
520 2622 663 2689 profectum
695 2639 755 2672 vero
771 2621 876 2672 eandem
891 2621 1016 2672 rationem
1029 2620 1108 2689 ipsius
1123 2622 1215 2690 philo-

143 2709 207 2741 esse.
248 2689 349 2740 Etenim
375 2689 397 2738 si
422 2688 521 2738 Tullius
546 2688 663 2757 Dionysii
695 2689 770 2757 sophi
785 2690 868 2740 verbis
885 2689 996 2740 exhibet.

145 2757 337 2826 responsionem
351 2755 403 2806 eius
418 2755 480 2871 ipsis
497 2755 579 2806 verbis
599 2757 662 2806 red·
745 2775 778 2806 cx
791 2757 930 2828 Epigonis)
948 2758 1010 2806 Erat
1023 2726 1146 2824 Aeschyli
1157 2766 1216 2808 tra·

145 2826 206 2876 dere
222 2824 362 2886 voluisset,
380 2822 421 2890 qui
441 2821 467 2870 ni
484 2822 562 2873 dixit:
589 2825 661 2893 quia,
694 2825 800 2892 gordia,
836 2842 893 2876 uam
908 2824 997 2874 laudat
1009 2823 1168 2876 Scholiastes
1182 2825 1215 2876 nd

162 2911 222 2944 uum
238 2921 271 2930 —
288 2891 423 2951 dederim,
442 2890 558 2942 dolorem
573 2903 662 2943 tamen
694 2892 797 2942 Pindar.
818 2843 907 2942 isthm.
922 2893 973 2954 vi,
992 2896 1031 2949 10.
1050 2909 1161 2959 eamque
1173 2893 1215 2944 vi·

137 2913 218 3030 iletre
237 2977 289 3009 non
301 2960 418 3028 possim,
437 2958 506 3008 satis
521 2971 561 3009 est
575 2978 660 3039 argu·
694 2960 768 3010 detur
792 2960 883 3010 Accius
906 2960 934 3010 in
964 2959 1076 3026 lingnam
1105 2959 1214 3011 latinam

144 3027 235 3079 menti.
264 3028 347 3088 Quare
363 3025 477 3104 equidem
494 3043 545 3077 non
561 3027 660 3092 dubito,
693 3028 807 3078 vertisse.
831 3029 863 3077 V.
876 3027 989 3078 Nonium
1003 3043 1060 3077 cum
1073 3026 1145 3090 alibi,
1159 3038 1214 3080 tum

157 3094 206 3147 'uin
219 3093 361 3160 legendum,
369 3103 414 3143 sit:
435 3094 503 3157 Quia
509 3105 612 3163 ,quum
625 3126 659 3136 -
692 3094 719 3144 in
737 3107 862 3147 mactare.
896 3094 1030 3145 Pelluntur
1043 3093 1078 3155 ii,
1097 3097 1143 3162 qui
1160 3099 1214 3148 Eu-

141 3112 278 3222 dedisses,
295 3189 328 3199 -
345 3178 397 3229 non
408 3173 513 3229 posset,
531 3163 601 3217 satis
614 3182 659 3214 es·
692 3162 780 3229 ripidis
813 3164 899 3213 drame
936 3162 1013 3213 fnisse
1048 3168 1220 3215 censuerunt

142 3242 230 3281 setar
250 3230 350 3279 umenti
356 3267 364 3289 ,
381 3228 419 3277 ita
432 3228 547 3296 quidem,
571 3231 660 3282 utei-
691 3230 821 3280 Davisius
838 3230 870 3280 ad
887 3229 912 3280 h.
928 3230 946 3281 l.
1140 3286 1145 3292 .

106 3301 107 3309 ’
141 3315 200 3350 cero
214 3248 374 3348 adoratione
385 3295 552 3348 indirectaad
561 3309 658 3349 rectam
742 3299 875 3365 Audisne)
899 3300 945 3348 Est
958 3298 1074 3349 trimeter
1086 3297 1211 3351 iambicus

139 3365 296 3417 transiverit:
316 3363 455 3414 cuiusmodi
468 3366 582 3433 exempla
595 3385 658 3435 pas·
691 3364 731 3415 vel
747 3365 867 3417 senarius.

139 3434 186 3484 sim
198 3433 359 3502 reperiuntur
371 3432 438 3499 apud
454 3432 565 3500 optimos
578 3450 658 3500 quos·
740 3437 782 3490 61.
807 3432 937 3484 decedens
958 3451 991 3484 ex
1010 3429 1109 3502 Syria)
1134 3453 1210 3505 quam

139 3519 189 3568 que
202 3502 332 3568 utriusque
346 3499 447 3565 linguae
460 3499 605 3568 scriptores.
625 3503 657 3555 V.
690 3501 823 3568 Pompeius
840 3500 966 3551 devictum
984 3518 1000 3552 a
1021 3518 1048 3551 se
1065 3504 1210 3573 rempubli-

140 3569 291 3620 llamshorn.
312 3570 372 3616 Lat.
389 3569 504 3618 Graium.
517 3572 542 3685 p.
559 3572 615 3626 196.
630 3573 655 3627 5.
690 3586 745 3618 cam
761 3586 889 3618 romanam
904 3569 1008 3619 fecerat.
1032 3570 1148 3622 Verbum
1163 3590 1211 3623 an-

139 3655 166 3704 p.
191 3638 251 3694 624.
287 3636 443 3702 Quamquam
466 3635 516 3685 han
555 3635 655 3703 ignoro,
688 3644 741 3685 tem
759 3637 886 3686 decedere
902 3637 1031 3705 proprium
1048 3647 1088 3688 est
1110 3637 1140 3690 in
1161 3640 1211 3691 hoo

140 3703 282 3757 orationem
304 3713 399 3759 rectam
418 3704 513 3764 inserto
531 3704 655 3755 vocabulo
688 3721 724 3753 re.
760 3704 860 3754 Comel.
884 3704 950 3772 Nep.
978 3705 1033 3755 (lat.
1059 3709 1085 3768 Ι,
1112 3709 1139 3766 1.
1177 3727 1210 3759 eae

137 3769 360 3839 inquitindicari3
377 3771 421 3823 scd
436 3770 463 3819 id
479 3771 579 3835 quidem
591 3771 655 3833 h.l.,
688 3768 786 3839 Africa
807 3771 932 3822 decedens
957 3775 988 3835 Q.
1004 3775 1124 3824 Ennium
1139 3793 1208 3847 pae-

139 3837 210 3888 hrevi
223 3855 369 3914 praegressa
384 3836 569 3898 enunciatione,
586 3837 655 3889 harad
688 3851 744 3889 tam
767 3838 921 3889 deduxerat.
956 3839 1073 3891 Ceterum
1094 3844 1219 3911 pertici·

138 3907 306 3956 necessarium
328 3916 390 3960 erat.
432 3903 474 3954 Sic
492 3906 592 3958 Curtius
608 3907 652 3956 Vl.
686 3907 755 3973 pium
778 3907 918 3974 praesentis
939 3907 1052 3975 positum
1076 3919 1117 3960 est
1161 3930 1207 3964 ro:

138 3977 170 4035 9,
198 3978 239 4038 12,
282 3971 433 4037 Adiecitque
456 3987 513 4033 rex,
540 3972 577 4023 sic
599 3988 653 4024 esse
704 3992 763 4022 ream
794 3974 959 4025 decessisset.
1008 3978 1040 4028 V.
1065 3931 1204 4032 lluhnhen.

137 4040 256 4117 scriptam
280 4040 330 4106 (sc.
355 4038 518 4107 epistolam),
548 4049 578 4090 ut
600 4041 653 4090 sive
685 3991 782 4091 llictut.
796 4041 822 4090 iu
837 4042 951 4093 Terentii
967 4044 1082 4095 Eunuch.
1096 4047 1130 4096 11.
1141 4051 1204 4109 23.

136 4108 169 4158 ad
183 4108 248 4160 hlios
280 4104 423 4166 ervenisset,
442 4107 577 4158 aconsciis
588 4125 652 4173 pos·
686 4109 832 4165 adveniens
882 4127 911 4161 ro
943 4128 1000 4160 cum
1025 4113 1202 4166 advenissem

125 4185 169 4224 set
189 4125 318 4244 intelligi,
346 4170 560 4245 sivc‘intercepta
577 4183 652 4236 esset,
684 4174 827 4227 llamshom
857 4129 918 4229 bat.
944 4180 1061 4232 Gramm.
1093 4184 1118 4252 §.
1146 4186 1202 4243 171.

113 4240 227 4295 falleret
236 4241 353 4309 ignarae.
384 4245 424 4296 Ae
436 4245 510 4297 enim
521 4248 656 4313 Dymnm
686 4244 753 4296 Not·
767 4249 796 4304 ¹2·
811 4262 840 4313 1³·
853 4244 915 4304 h'ah·
