2640 4626
197 194 256 233 xlv
557 184 720 237 xersToLn
735 184 893 238 EDITORIS

197 303 434 379 sententiarum
466 331 570 376 nexus
608 302 811 392 enucleetur,
843 301 983 402 singulis
1006 302 1269 377 Tusculanarum

196 441 292 514 libris
319 440 414 540 quasi
438 440 603 540 quendam
622 456 854 540 conspectum,
880 467 946 539 quo
962 439 1077 539 paucis
1094 438 1269 539 complecti

199 575 330 665 studui,
362 604 447 675 quae
472 574 676 674 longissimis
699 574 1091 676 saepehdnotationibus
1117 575 1272 674 exposuit

197 711 354 800 Neidius,
379 711 554 812 praemisi,
579 728 736 812 tanquam
761 712 878 786 ducem
901 738 1042 811 sequens
1071 739 1141 783 non
1164 711 1270 784 Erne-

198 848 314 937 stium,
340 848 434 922 cicius
450 865 660 948 argumenta,
685 847 786 959 Tullii
801 846 896 921 libris
913 846 1157 948 philosophicis
1172 874 1269 946 prae-

196 982 279 1072 fixa,
304 1011 422 1084 parum
441 1009 521 1057 sane
543 983 670 1058 faciunt
692 984 735 1057 ad
757 984 975 1057 adiuvandam
995 983 1195 1083 scriptorum
1218 983 1268 1054 in-

196 1118 425 1216 telligentiam,
452 1119 511 1192 sed
537 1120 591 1192 Fr.
612 1121 651 1192 H.
676 1118 837 1192 Kernium
859 1120 914 1214 *),
940 1119 998 1219 qui
1031 1119 1067 1191 in
1089 1118 1267 1193 conficien-

196 1253 250 1327 dis
269 1254 547 1346 Tusculanarum,
572 1255 813 1355 elegantissime
839 1284 858 1329 a
880 1283 916 1329 se
931 1255 965 1328 in
981 1254 1125 1355 patrium
1140 1283 1267 1328 sermo-

196 1418 273 1463 nem
307 1418 555 1480 conversarum,
589 1392 789 1490 argumentis
821 1391 867 1464 ita
894 1390 1091 1480 elaboravit,
1123 1407 1159 1463 nt
1197 1407 1267 1463 tota

196 1525 396 1626 disputatio,
422 1527 465 1600 ad
491 1555 618 1600 summa
639 1527 738 1602 veluti
759 1526 867 1627 capita
890 1542 1058 1614 revocata,
1082 1526 1142 1598 uni
1169 1527 1265 1626 quasi

197 1662 389 1762 conspectui
407 1663 632 1736 subiiceretur.
651 1665 723 1736 Hac
739 1662 841 1763 igitur
853 1663 1002 1735 instituta
1018 1661 1147 1735 ratione
1163 1690 1263 1760 quum

196 1796 321 1887 exiis,
347 1825 430 1897 quae
459 1798 500 1871 dc
526 1798 696 1872 Ciceronis
720 1796 981 1898 philosophandi
1001 1798 1130 1870 ratione
1158 1798 1265 1896 deque

194 1932 401 2033 singulorum
415 1933 676 2008 Tusculanarum
702 1933 865 2007 librorum
890 1932 1090 2033 argumentis
1115 1933 1265 2032 exposita

77 2093 82 2099 '
195 2086 289 2157 sunt,
315 2067 426 2142 multis
448 2069 617 2170 impeditis
642 2069 836 2168 magnisque
860 2067 1109 2143 difficultatibus
1134 2068 1265 2143 obstru-

73 4242 154 4304 ἱ

197 2179 258 2277 ctis
273 2204 355 2278 locis
378 2203 559 2278 clarissima
576 2205 632 2278 lux
650 2204 778 2278 affundi
794 2205 978 2291 videretur;
1002 2220 1110 2277 tamen
1130 2205 1165 2276 in
1182 2205 1265 2304 ipsis

199 2339 297 2415 etiam
323 2324 610 2430 adnotationibus,
642 2356 769 2414 utnon
795 2339 901 2414 solum
927 2339 1151 2417 difficiliorum
1176 2338 1267 2413 loco-

196 2503 271 2550 rum
297 2477 491 2553 sententiam
514 2478 694 2578 aperirem,
719 2477 779 2551 sed
807 2476 904 2550 etiam
926 2475 1114 2548 interiorem
1136 2492 1267 2550 senten-

194 2613 316 2687 tiarum
330 2641 451 2687 nexum
470 2613 677 2713 expedirem,
699 2629 854 2713 quantam
870 2640 1003 2712 possem
1019 2611 1195 2685 maximam
1215 2612 1266 2684 di-

194 2748 364 2848 ligentiam
380 2748 603 2834 adhibendam
620 2748 740 2849 putavi.
792 2748 895 2847 Quod
913 2765 1020 2823 autem
1036 2747 1156 2836 multa,
1181 2775 1265 2847 quae

194 2885 239 2959 ad
275 2884 511 2961 accuratiorem
539 2913 667 2974 rerum,
700 2885 743 2959 ad
766 2884 1014 2986 philosophiam
1048 2882 1266 2984 spectantium

195 3020 417 3120 cognitionem
431 3019 650 3121 pertinerent,
677 3038 733 3095 ant
749 3012 791 3095 ne
806 3022 907 3095 verbo
927 3020 1061 3120 quidem
1079 3019 1183 3117 tetigi,
1211 3036 1265 3091 aut

192 3156 406 3259 paucissimis
432 3158 629 3258 perstrinxi,
654 3186 752 3239 nemo
787 3185 884 3245 sane,
910 3157 959 3244 si,
985 3155 1077 3256 quod
1105 3156 1140 3228 in
1168 3155 1267 3231 ador-

192 3294 305 3367 nanda
319 3293 383 3368 hac
399 3294 545 3369 editione
561 3311 719 3396 sequutus
732 3294 850 3369 luerim
867 3292 1060 3380 consilium,
1085 3319 1195 3365 secum
1214 3320 1266 3365 rc-

194 3430 375 3532 putaverit,
400 3430 437 3504 in
458 3431 750 3533 reprehensionem
772 3429 911 3505 vocabit.

294 3652 453 3754 Reliquae
484 3652 714 3727 adnotationes
744 3652 954 3727 continentur
984 3648 1053 3724 fere
1087 3648 1265 3750 aperienda

259 3910 282 3979 ¹¹)
309 3909 445 3964 Rdmische
468 3907 602 3960 Prosaiker
625 3908 652 3959 in
676 3926 757 3959 neuen
783 3908 1014 3972 Uebenetzungen.
1040 3906 1081 3956 tlt.
1102 3906 1145 3956 tv.
1166 3906 1196 3956 V.
1216 3904 1262 3954 Bd.

192 4014 321 4079 stuttgart
337 4016 412 4072 1827.
