2640 4626
472 204 661 259 urorum.
677 206 720 263 37·
1065 199 1130 265 305

50 329 167 402 utilem
186 325 327 400 dicunt?
343 366 390 381 -
407 324 522 397 Potest
546 321 636 395 utilis
661 349 733 395 esse
759 322 914 397 insania?
930 370 976 381 —
999 342 1054 399 aut
1071 356 1130 402 ua-

51 429 215 504 turalem?
249 456 290 500 an
318 426 500 528 quidquam
527 432 606 499 est³
638 425 821 499 secundum
843 443 1013 516 naturam,
1038 429 1130 528 quod

53 535 126 607 sit⁶
145 547 351 632 repugnante
365 528 517 602 ratione?
542 555 609 627 quo
635 526 737 599 modo
763 544 890 617 autem,
916 530 944 602 si
969 532 1128 605 naturalis

55 652 146 710 esset
163 635 231 721 ira,
257 650 313 705 aut
327 631 411 707 alius
428 630 494 705 alio
512 628 618 727 magis
631 629 811 702 iracundus
828 634 938 705 esset?
963 650 1019 705 aut
1031 632 1130 709 linem

55 738 195 811 haberet
221 735 333 837 prius,
367 762 465 833 quam
493 749 578 805 esset
602 729 687 817 ulta,
713 731 892 807 ulciscendi
918 734 1049 809 libido?
1075 754 1131 809 aut

57 866 260 941 quemquam
280 836 481 937 poeniteret,
507 834 598 934 quod
615 833 748 906 fecisset
771 864 831 933 per
849 837 955 909 iram?
980 854 1015 909 ut
1033 838 1131 911 Alex-

57 942 201 1017 andrum
220 968 331 1039 regem
347 939 516 1024 videmus,
542 939 599 1036 qui
625 965 727 1036 quum
756 939 974 1011 interemisset
1000 940 1132 1030 Clitum,

56 1042 255 1119 lumiliarem
270 1070 376 1125 sunm,
401 1041 453 1112 vix
473 1068 542 1111 ase
559 1067 676 1111 manus
693 1039 868 1112 abstinuit:
896 1058 983 1113 tanta
1001 1045 1049 1114 ris
1068 1044 1132 1115 suit

84 1144 262 1221 oeuitendi.
314 1142 448 1239 Quibus
465 1141 625 1239 cognitis,
651 1141 726 1239 quis
743 1159 790 1213 est
807 1144 862 1241 qui
881 1145 1024 1232 dubitet,
1050 1147 1130 1245 quin

57 1176 266 1347 linquaque
287 1263 396 1318 motus
421 1244 521 1316 animi
546 1243 588 1316 sit
610 1259 698 1315 totus
724 1245 903 1343 opinabilis
925 1276 962 1319 ae
984 1246 1133 1322 volunta-

59 1352 155 1425 rius?
181 1350 256 1448 quis
273 1349 360 1421 enim
377 1346 546 1433 dubitarit,
565 1347 651 1445 quin,
663 1349 903 1441 aegrotationes
921 1350 1033 1435 animi,
1052 1378 1133 1448 quia-

60 1456 101 1528 lis
125 1469 175 1526 est
197 1450 348 1536 avaritia,
381 1448 505 1547 gloriae
532 1449 715 1548 cupiditas,
748 1477 785 1521 ex
811 1477 869 1537 eo,
905 1452 996 1548 quod
1020 1454 1131 1549 magni

60 1556 253 1629 aestimetur
269 1581 306 1627 ea
323 1580 387 1639 reS,
414 1581 453 1624 ex
466 1579 532 1651 qua
548 1551 676 1623 animus
695 1568 850 1647 aegrotat,
876 1554 1047 1627 oriantur?
1072 1583 1134 1627 un-

59 1659 104 1733 de
123 1655 262 1754 intelligi
280 1655 395 1740 debet,
421 1652 703 1753 perturbationem
719 1681 850 1753 quoque
867 1684 999 1729 onmem
1014 1684 1086 1730 esse
1099 1658 1133 1729 in

61 1759 231 1863 opinione.
281 1758 324 1829 Et
359 1756 387 1829 si
420 1756 573 1843 sidentia,
608 1756 643 1828 id
669 1771 718 1827 est
741 1755 836 1829 firma
859 1758 960 1830 animi
985 1759 1133 1846 confisio,

59 1861 202 1935 scientia
215 1861 376 1960 quaedam
395 1876 443 1931 est
463 1876 494 1930 et
517 1859 632 1959 opinio
648 1857 774 1955 gravis,
800 1877 1005 1945 uonxtemere
1023 1890 1136 1936 assen-

61 1963 176 2039 tientis
189 1972 205 2015 ⁷
219 1995 226 2036 :
241 1978 347 2034 metus
364 1990 494 2061 quoque
520 1979 568 2034 est
585 1960 797 2033 diffidentia⁸
816 1964 993 2061 exspectati
1021 1981 1053 2036 et
1074 1965 1136 2038 im-

60 2066 240 2169 pendentis
256 2063 349 2137 mali:
368 2080 399 2136 et
414 2064 441 2135 si
453 2091 529 2164 spes
539 2080 588 2136 est
605 2063 803 2163 exspectatio
818 2063 910 2150 boni,
927 2064 1004 2137 mali
1020 2095 1135 2167 exspe-

61 2168 332 2243 ctationemesso
350 2193 484 2238 neeesse
503 2177 581 2237 est⁹
600 2182 730 2238 metum.
766 2182 802 2237 ut
819 2166 920 2263 igitur
936 2185 1060 2256 metue,
1086 2171 1136 2242 sir

64 2270 214 2371 reliquae
230 2268 496 2370 perturbationes
514 2268 641 2340 suntin
656 2267 751 2340 malo.
786 2297 864 2365 ergo
888 2286 924 2341 ut
953 2272 1136 2347 constantia

63 2372 244 2462 seientiae3
270 2373 318 2445 sic
335 2371 540 2471 perturbatio
559 2370 679 2444 erroris
696 2386 752 2442 est.
804 2370 874 2466 Qui
890 2389 996 2445 autem
1018 2392 1136 2448 natura

133 2558 209 2619 5Sic
222 2559 255 2609 D.
279 2557 403 2626 eplurib.
420 2557 500 2608 Codd.
517 2586 549 2596 -
564 2560 623 2606 Ero.
640 2576 661 2606 c.
679 2554 747 2621 vulg.
766 2575 824 2607 esee
837 2571 931 2627 pote-rt.
968 2560 1045 2612 Male.
1061 2562 1136 2613 Certe

62 2626 205 2681 dicendum
218 2637 287 2676 erat:
303 2638 391 2696 potere
411 2644 475 2677 eece.
516 2628 593 2683 60r.
609 2644 631 2675 c.
646 2624 702 2674 Col.
719 2624 783 2681 04¹·
804 2628 895 2677 suto.
904 2627 959 2694 stt:
976 2645 1028 2678 nou
1063 2631 1136 2681 robo.

62 2702 97 2817 ζ.
107 2694 170 2813 Sppln
171 2695 199 2745 Ρ
223 2703 250 2744 et
275 2696 307 2745 D.
331 2693 439 2744 eCodd.
456 2723 488 2732 -
510 2694 569 2744 Em.
594 2710 616 2742 c.
635 2692 705 2758 vulg.
727 2695 885 2744 assentiens.
935 2696 1001 2752 8V.
1020 2648 1085 2747 Ad.
1119 2702 1138 2756 9

118 2864 179 2913 Gar.
204 2861 343 2911 XXXVII.
369 2864 410 2919 79.
437 2872 515 2911 tanta
545 2861 589 2911 air
620 2860 711 2911 dentis
726 2861 798 2911 mali.
815 2864 970 2931 Quamquam
984 2864 1054 2915 haud
1062 2883 1137 2933 nego,

56 2928 123 3003 fuit
133 2928 299 3001 poenitenda)
323 2931 352 2978 In
372 2945 436 2979 voce
452 2941 530 2978 tanta
545 2928 587 2978 la·
621 2928 749 2978 obscurius
776 2929 827 2979 hoc
847 2930 906 2981 loco
928 2932 1060 3000 loquutum
1083 2951 1138 2985 esse

63 3008 107 3049 tet
122 2996 249 3067 particula
265 3012 342 3045 nam:
364 2995 396 3045 de
412 3013 462 3062 quo
477 3012 523 3045 usu
536 2994 587 3046 iam
608 2995 776 3054 ,Ciceronem
794 2998 901 3047 Omnino
915 3016 991 3065 saepe
1005 3001 1030 3049 in
1047 3000 1138 3053 horum

63 3082 144 3134 supra
157 3063 307 3115 monuimus.
324 3062 398 3113 Adde
413 3062 524 3131 Euripid.
539 3062 587 3115 Al·
618 3062 740 3112 librorum
763 3063 865 3114 dicendi
881 3083 974 3132 genere
988 3084 1018 3117 ea
1035 3068 1139 3119 deside-

65 3142 131 3184 απ,
148 3134 207 3190 455,
618 3139 690 3179 ratur
704 3130 869 3198 perspicuitas
884 3134 1057 3203 scribendique
1075 3136 1139 3187 dili-

135 3200 217 3253 τοίαν
233 3196 320 3260 ἔλιπες
334 3198 464 3252 θανοῦσα
620 3197 721 3263 gemla,
740 3216 789 3265 qua
804 3206 888 3251 cete'ra
903 3202 955 3251 fere
971 3204 1055 3254 omnia
1071 3204 1138 3255 illius

137 3264 248 3334 μολπὰν
261 3267 364 3332 μελέων
379 3263 495 3326 ἀοιδοῖς.
622 3265 716 3331 scripta
745 3267 845 3333 egregie
867 3286 921 3317 sese.
951 3272 1136 3322 commendant.

119 3340 162 3393 80.
177 3336 265 3403 opinio
278 3335 386 3402 gravia)
403 3335 437 3383 H.
454 3352 475 3383 e.
492 3332 589 3400 opinio,
624 3332 699 3393 Quod
720 3343 804 3382 autem
819 3335 969 3385 vocabulum
984 3350 1066 3387 anetus
1081 3339 1138 3406 pri-

66 3420 135 3471 quae
150 3402 226 3453 certia
240 3401 394 3467 argumentis
409 3400 508 3451 nititur.
622 3417 688 3448 mam
722 3400 848 3450 errrrnciati
879 3402 963 3451 sedem
995 3407 1138 3472 occupavit,

120 3484 204 3521 ruerus
233 3487 332 3548 quoque
354 3481 394 3518 est
417 3466 589 3536 diffidentia)
622 3478 757 3534 propterea
773 3468 868 3517 laetum
878 3480 924 3529 est,
939 3471 996 3537 quia
1009 3473 1073 3522 ineo
1082 3492 1139 3522 ma-

65 3538 113 3590 sic
127 3538 222 3605 legitur
233 3554 261 3587 an
277 3536 391 3587 omnibus
400 3537 470 3585 MSS.
488 3534 587 3585 etEdd.
622 3535 715 3584 ximum
742 3536 882 3586 sententiae
925 3538 1005 3587 ondus
1029 3541 1139 3606 positum

67 3616 135 3659 vett.
143 3603 270 3666 Davisius,
282 3604 373 3655 ordine
383 3604 515 3653 verborum
530 3620 589 3652 mu·
623 3612 670 3651 est.
704 3603 801 3664 Porro,
819 3603 841 3652 si
857 3603 890 3653 de
903 3556 999 3655 Barisii
1013 3607 1140 3659 sententia

66 3684 136 3738 tato,
152 3672 190 3723 sic
205 3671 300 3722 edidit:
317 3669 476 3739 diffidentia
492 3688 589 3739 quoque
624 3669 757 3720 verborum
775 3670 888 3721 ordinem
902 3683 1034 3736 mutamus,
1049 3676 1140 3726 rocula

67 3754 110 3794 eet
118 3753 217 3792 metus:
232 3757 307 3819 guam
316 3739 484 3789 mutationem
492 3737 592 3805 sequuti
624 3754 721 3806 quicque
736 3738 821 3788 locum
834 3738 909 3806 plene
931 3740 1041 3791 alienum
1054 3743 1140 3795 habet.

67 3818 131 3861 aunt
143 3810 274 3859 Ernestius
288 3817 314 3857 et
323 3806 477 3857 Schuetzius.
494 3806 591 3872 Perpc-
674 3823 732 3854 eree
758 3823 864 3857 necesse
895 3808 943 3872 eat)
968 3810 1091 3861 Goerenz.
1106 3812 1141 3861 nd

67 3894 132 3937 ratu,
149 3876 248 3944 opinor.
265 3875 331 3925 Nam
347 3875 435 3924 Cicero
451 3873 590 3942 exprimere
624 3872 679 3922 Fin.
693 3875 736 3922 tv.
754 3879 795 3934 28,
818 3878 858 3931 77.
883 3884 1004 3937 testatur,
1026 3879 1053 3927 iu
1075 3879 1141 3929 binis

68 3943 183 3998 voluisse
203 3942 308 3992 videtur
334 3941 400 3992 hanc
421 3940 589 3991 sententiam:
624 3940 674 3988 suis
689 3940 768 3990 Codd.
783 3941 883 3991 haberi:
898 3960 1004 3993 necesse
1014 3958 1055 3995 eet
1069 3964 1140 3996 esee:

68 4011 118 4064 Uti
131 4010 236 4061 fidentia
250 4009 357 4061 scientia
369 4009 476 4078 quadam
485 4008 590 4059 nititur:
624 4007 666 4074 qui
683 4008 815 4057 verborum
836 4010 899 4059 ordo
915 4010 976 4061 alias
992 4031 1010 4061 a·
1021 4013 1142 4063 Cicerone

69 4082 107 4131 ita
133 4076 291 4139 diffidentia,
318 4087 494 4145 praeterquam
523 4075 591 4143 quod
624 4075 754 4124 observari
766 4076 841 4126 solet.
859 4076 900 4127 Sic
917 4096 991 4145 supra
1003 4082 1046 4128 nt.
1059 4085 1084 4139 8,
1100 4085 1141 4139 18.

70 4166 102 4199 ex
120 4146 248 4214 opinionis
261 4144 366 4195 levitate
383 4144 519 4201 enascitur,
536 4162 591 4192 τηε-
624 4160 680 4191 enm
703 4161 809 4193 irecense
832 4156 872 4193 eor
894 4164 952 4197 oeae
975 4158 1141 4199 constantem.

69 4230 114 4267 rua
128 4231 228 4285 quoque
241 4226 282 4265 eet
295 4214 442 4282 exspectati
452 4214 592 4281 erimpen-
625 4210 665 4260 Ct'.
683 4212 716 4260 N.
733 4212 765 4260 D.
781 4214 813 4261 11.
829 4217 868 4275 13,
883 4218 925 4271 35.
941 4220 983 4275 30,
1000 4219 1041 4273 76.

890 4288 933 4353 20
