2640 4626
117 228 177 294 102
362 235 940 289 ruseunansnounrsruranonun

116 375 221 431 torem
238 357 322 431 coeli
342 356 545 442 acdeorum,
570 354 787 454 ipsorumque
808 352 987 440 cultorem;
1013 368 1113 452 atque
1133 352 1193 425 ho-

117 461 216 533 minis
231 460 364 533 utilitati
381 485 478 556 agros
493 457 602 530 omnis
617 472 650 530 et
668 456 772 528 maria
786 455 938 555 parentia
954 499 1001 511 -
1030 463 1088 536 70.
1111 452 1193 530 haee

117 563 219 660 igitur
237 579 268 635 et
291 561 354 634 alia
372 559 627 634 innumerabilia
642 586 742 658 quum
759 557 942 644 cernimus,
966 584 1193 656 possumusne

118 664 288 751 dubitare,
314 664 395 764 quin
422 662 504 734 his1
541 661 667 762 praesit
689 661 808 758 aliquis
822 658 873 732 vel
891 658 1037 746 effector,
1064 659 1094 732 si
1112 660 1194 734 haec

118 783 195 840 nata
218 783 314 853 sunt,
339 783 375 839 ut
395 764 525 837 Platoni
541 763 688 850 videtur,
712 763 782 849 vel,
809 763 838 835 si
863 788 994 861 semper
1011 762 1194 849 fuerunt²‚

117 886 154 940 ut
169 868 341 942 Aristoteli
365 867 490 968 placet,
504 867 707 940 moderator
732 865 813 937 tanti
832 865 944 964 operis
966 881 997 936 et
1016 864 1195 938 muneris?

119 972 168 1045 sie
183 969 508 1056 mentem-hominis,
532 968 683 1068 'quamvis
702 996 774 1042 eam
793 995 862 1040 non
881 966 1012 1053 videas,
1038 981 1076 1038 ut
1093 967 1194 1041 deum

119 1103 188 1146 non
215 1074 327 1163 vides3
351 1091 479 1159 tamen,
509 1088 547 1142 ut
572 1071 670 1143 deum
698 1069 851 1168 agnoscis
874 1068 1091 1168 exoperibus
1113 1069 1209 1156 eius,'

119 1176 167 1249 sic
184 1205 223 1248 ex
242 1176 401 1249 memoria
417 1201 538 1260 rerum,
564 1190 596 1269 et
613 1173 812 1259 inventione,
840 1189 870 1244 et
889 1170 1053 1245 eeleritate
1072 1188 1195 1258 motus,

120 1278 276 1378 omnique
291 1277 538 1377 pulchritudine
552 1275 692 1362 virtutis,
710 1274 939 1346 vimdivinam
949 1273 1071 1347 mentis
1092 1302 1193 1373 agno-

119 1380 212 1452 scito.
263 1381 389 1452 XXIX.
418 1380 458 1449 ln
473 1407 539 1476 quo
555 1377 658 1476 igitur
676 1376 750 1450 loco
771 1377 841 1449 est?
868 1375 967 1455 credo
988 1375 1146 1475 equidem
1161 1376 1194 1448 in

120 1482 243 1582 capite;
269 1498 310 1568 et,
338 1510 397 1554 cur
412 1481 553 1567 credam,
580 1480 698 1554 allerre
715 1507 862 1578 possum.
888 1478 948 1553 sed
967 1477 1066 1552 alias:
1095 1507 1195 1565 nunc,

58 1610 66 1623 ¹
120 1583 238 1658 ubiubi
260 1585 303 1656 sit
321 1583 451 1656 animus
464 1588 494 1669 ³,
521 1599 607 1655 certe
624 1581 756 1682 quidem
779 1582 814 1653 in
833 1598 865 1653 te
884 1597 940 1654 est.

222 1686 317 1782 Quae
338 1702 386 1758 est
410 1686 439 1758 ei
456 1686 595 1758 natura?
619 1683 768 1785 propria,
795 1700 887 1784 puto,
914 1700 946 1756 et
967 1710 1035 1758 sua.
1061 1683 1124 1757 sed
1142 1682 1195 1773 sac

120 1788 269 1884 igneam,
302 1787 354 1860 lac
380 1786 588 1887 spirabilem:
631 1785 716 1859 nihil
743 1786 786 1858 ad
811 1785 864 1871 id,
902 1785 1032 1885 dequo
1055 1785 1195 1884 agimus.

119 1888 206 1962 Illud
223 1888 473 1978 modolvideto‚
499 1905 536 1961 ut
551 1888 651 1961 deum
667 1888 778 1976 noris,
806 1887 866 1962 etsi
885 1887 985 1960 eius4
1011 1888 1150 1985 ignores
1167 1903 1196 1960 et

120 1991 241 2078 locum,
268 2008 299 2064 et
316 1991 444 2079 faciem,
470 1992 519 2064 sic
538 1991 682 2063 animum
694 1989 757 2062 tibi
775 2006 867 2063 tuum
879 2006 994 2062 notum
1005 2017 1079 2064 csse
1096 2018 1196 2091 opor-

120 2109 199 2181 tere,
227 2093 384 2167 etianrsi⁵
407 2095 542 2192 ignores
561 2109 592 2166 et
607 2092 726 2179 locum,
753 2109 785 2165 et
800 2093 949 2164 formam.
984 2099 1041 2172 71.
1067 2093 1108 2164 In
1126 2092 1196 2164 ani-

119 2194 166 2266 mi
185 2213 291 2270 autem
310 2190 499 2294 cognitione
527 2194 679 2268 dubitare
702 2223 771 2267 non
788 2223 986 2293 possumus,
1011 2193 1078 2266 nisi
1098 2195 1196 2294 plane

121 2298 156 2369 in
173 2298 323 2401 physicis
340 2297 488 2400 plumbei
514 2326 647 2385 sumus,
673 2296 754 2396 quin
769 2297 853 2369 nihil
869 2298 912 2369 sit
928 2296 1048 2369 animis
1067 2297 1195 2371 admix-

120 2416 200 2488 tum,
226 2401 307 2473 nihil
328 2416 529 2487 concretum,
553 2400 638 2474 nihil
657 2399 856 2500 copulatum,
882 2399 966 2472 nihil
986 2418 1198 2497 coagmenta·

189 2591 202 2644 1
220 2586 374 2655 Legendum·
385 2604 406 2637 c.
424 2589 469 2637 stt.
487 2587 532 2636 iia.
566 2591 584 2644 2
600 2587 642 2636 Sic
658 2605 680 2636 c.
700 2586 780 2637 Codd.
794 2588 826 2636 D.
844 2615 876 2625 -
894 2587 953 2636 Ern.
972 2603 994 2635 c.
1011 2585 1078 2636 Edd.
1096 2596 1160 2638 ante
1168 2588 1197 2638 1..

114 2649 230 2720 fiserint.
250 2656 287 2704 Cf.
306 2653 372 2704 Adn.
408 2658 426 2711 3
443 2654 484 2704 stc
498 2654 600 2703 CVML.
618 2653 682 2704 Lall.
699 2683 732 2692 —
747 2657 807 2705 Era.
826 2670 848 2703 c.
865 2652 920 2703 aliis
936 2671 1013 2715 nunc,
1031 2651 1124 2705 ubisit
1136 2656 1197 2706 ani·

121 2738 185 2771 nuta.
218 2724 311 2780 4Ern.
330 2739 352 2772 c.
371 2720 452 2771 Gebh.
472 2720 543 2770 omis.
569 2722 633 2771 eius.
667 2729 683 2780 5
707 2721 749 2773 Sic
773 2721 804 2771 D.
827 2720 939 2772 eCodd.
959 2731 986 2772 et
1001 2720 1066 2772 de.
1083 2731 1151 2774 vett.
1167 2751 1198 2761 -

121 2788 181 2839 Ern.
197 2807 219 2839 c.
234 2789 302 2855 vulg.
321 2789 428 2841 etiami
445 2789 509 2838 eius.

169 2911 212 2963 70.
228 2904 347 2972 fferam)
373 2906 406 2956 V.
422 2921 469 2955 nos
485 2905 512 2956 in
529 2905 547 2956 l.
566 2905 592 2956 d
608 2906 640 2957 de
673 2906 847 2974 gladiatoriis,
868 2924 933 2974 quas
957 2906 1123 2974 magistratus
1140 2908 1199 2960 alii-

122 2969 174 3023 eie.
188 2973 231 3052 ph.
248 2991 273 3039 p.
290 2976 347 3030 181.
365 2988 421 3040 sqq.
673 2992 722 3043 que
735 2975 830 3042 populo
846 2975 979 3042 praebent.
1014 2977 1046 3024 H.
1057 2975 1077 3025 l.
1088 2977 1198 3044 elegan-

172 3057 196 3089 sr
214 3039 282 3089 haee
300 3051 365 3089 nata
385 3043 523 3092 runt-si
536 3059 639 3112 semper
673 3053 713 3092 ter
733 3042 841 3091 mundus
865 3042 959 3092 dicitur
980 3059 1076 3094 munus
1093 3043 1157 3108 dei,
1173 3043 1198 3095 h.

119 3104 240 3185 fuerunt)
273 3109 392 3157 Ficorum
417 3108 527 3188 W.⁰ffi¹¹⁸
558 3126 638 3178 repo·
674 3126 695 3159 e.
714 3111 784 3188 quasi
806 3109 948 3160 aedificium
963 3109 1199 3192 magnificumspe·

121 3172 639 3312 annecterent-„tat
674 3177 1198 3298 eiaterensem

122 3323 171 3374 que
194 3317 221 3357 et
239 3309 353 3360 Platonis
374 3322 400 3361 et
413 3311 559 3362 Aristotelia
580 3326 641 3360 sen-
674 3313 712 3372 11,
730 3316 771 3369 35.
790 3311 827 3361 sic
844 3312 992 3392 philosophi
1007 3312 1154 3365 debuerunt
1167 3343 1198 3353 -

121 3373 220 3425 tentiae
236 3375 325 3427 Cicero
347 3376 414 3429 idem
447 3379 539 3430 retium
556 3386 641 3427 statu-
675 3379 832 3445 intelligere,
849 3397 932 3430 inesse
954 3381 988 3430 ali
1006 3398 1064 3430 nem
1080 3398 1137 3432 non
1154 3400 1197 3433 so-

121 3441 171 3491 issa
187 3443 326 3495 censendus
348 3456 404 3507 est;
422 3465 443 3496 ar
465 3447 526 3495 vero
548 3443 643 3512 legitur
674 3446 727 3496 lum
749 3447 919 3498 habitatorem
943 3448 970 3499 in
1020 3465 1051 3498 ao
1087 3450 1198 3500 caelesti

115 3506 234 3578 fuerint,
252 3511 396 3565 Aristotelia
412 3512 540 3563 demundi
555 3522 642 3562 aeter·
675 3515 811 3564 aedivina
824 3515 907 3576 domo,
925 3515 1056 3566 sedetiam
1072 3527 1198 3568 rectorem

121 3575 203 3627 nitate
218 3579 363 3645 opinionem
378 3591 409 3632 ut
423 3580 524 3630 dubiam
544 3581 643 3648 sibique
674 3599 704 3632 ac
719 3582 914 3646 moderatorem,
932 3593 959 3633 et
972 3593 1095 3663 tanquam
1111 3584 1198 3636 arohi-

121 3661 174 3694 non
198 3647 332 3712 probatam
356 3664 502 3717 proponere
529 3648 640 3698 voluisse
670 3658 770 3720 'tectum
785 3651 852 3700 tanti
874 3651 958 3717 operis
971 3661 1090 3719 tantique
1104 3668 1198 3703 mune·

122 3710 238 3762 videtur:
256 3732 321 3783 quaa
334 3717 402 3766 ratio
417 3715 571 3777 sanehabet,
588 3733 639 3784 quo
668 3718 722 3767 ris.

122 3782 331 3834 recommendet.
366 3784 405 3833 De
414 3781 503 3861 reipsa
512 3783 545 3832 cf.
562 3782 638 3833 Acad.
723 3785 778 3834 vim
791 3785 913 3836 divinam
928 3787 1023 3837 mentis
1042 3788 1198 3858 agnoscito)

123 3848 162 3925 Π)
179 3850 315 3930 37χ1ζ1ατο
331 3867 363 3913 ex
378 3858 485 3899 matema
501 3849 568 3900 inae
582 3866 640 3900 om·
674 3851 713 3901 ef.
741 3853 773 3902 de
798 3852 824 3903 h.
851 3854 869 3904 l.
892 3871 956 3921 quae
977 3855 1154 3920 congessimus
1171 3855 1197 3906 in

122 3915 640 4050 gambbmdndbldeseiirbitburbbrbiiodaficdae
673 3919 690 3969 L
707 3919 784 4037 (Leia.
791 3921 906 4038 1X2X18X
925 3992 967 4047 71.
981 3988 1196 4060 plumbealobtu·

121 4049 185 4100 teles
193 4069 276 4119 neque
290 4059 373 4102 ortum
387 4068 440 4101 esse
448 4069 641 4118 unquammrm-
674 4053 710 4114 si,
727 4055 810 4116 tardi,
828 4056 990 4106 caecutimus.
1025 4059 1058 4108 V.
1077 4058 1197 4110 Schuetz.

121 4116 179 4167 dnm
195 4129 256 4170 cett.
674 4123 735 4172 Lex.
754 4122 806 4174 Cic.
820 4141 841 4172 s.
857 4142 881 4173 v.
898 4125 1002 4175 Terent.
1018 4126 1195 4178 Heautontim.

172 4185 299 4251 muneris)
316 4185 429 4236 Verbum
444 4187 561 4237 muneris
575 4204 640 4255 pro·
673 4191 706 4240 V.
723 4194 747 4251 1,
764 4191 788 4248 4.
807 4191 880 4252 Quae
888 4203 947 4243 sunt
961 4192 1030 4243 diota
1044 4192 1073 4243 in
1081 4195 1196 4255 stultum,

121 4251 176 4317 pn'e
191 4251 285 4303 dicitur
300 4251 332 4302 de
353 4250 419 4303 ludis
441 4264 468 4304 et
488 4255 640 4323 spectaculis
674 4257 786 4319 caudex,
805 4257 897 4326 stipes,
916 4260 1016 4321 asinus,
1031 4260 1181 4330 phaebeus.
