2640 4626
534 208 782 269 streames.
1126 206 1192 275 293

119 326 163 400 sit
181 323 372 424 aegritud03
398 353 441 397 an
459 325 607 399 omnium
622 353 732 400 rernm
755 327 900 403 tollenda
924 331 1060 405 omniuo
1083 338 1189 431 aegri-

118 428 219 501 tudo:
244 444 297 515 ut,
323 425 352 499 si
381 427 456 527 quis
482 456 578 526 aegre
605 429 706 518 ferat,
732 458 767 504 se
793 459 972 532 pauperem
996 461 1084 522 esse,
1110 436 1188 510 idne

119 530 287 631 disputes,
317 546 543 629 paupertatem
579 530 701 604 malum
731 561 799 605 nou
828 561 919 624 esse3
954 565 996 608 an
1020 536 1186 612 hominem

120 660 217 731 aegre
238 631 325 705 ferre
345 630 430 711 nihil
452 649 612 732 oportere.
637 633 795 706 nimirum
821 636 886 710 hoe
910 637 1045 712 melius:
1071 667 1131 728 ne,
1157 641 1186 712 si

118 735 206 809 forte
225 735 266 809 de
284 751 477 834 paupertate
493 763 561 808 non
579 736 801 835 persuaseris,
827 737 870 810 sit
890 740 1087 837 aegritudini
1109 770 1188 815 eon-

120 837 322 923 cedendum,
348 836 560 934 aegritudine*
571 854 677 911 autem
689 838 817 912 sublata
830 841 978 940 propriis
991 841 1188 933 rationibus,

119 940 243 1042 quibem
261 939 334 1012 heri
347 939 400 1012 usi
416 967 549 1029 sumus,
575 940 719 1041 quodam
740 942 841 1015 modo
868 942 964 1017 etiam
984 946 1187 1046 paupertatis

119 1042 241 1118 malum
257 1041 391 1114 tollitur.

220 1136 377 1218 XXVIII.
423 1153 479 1223 60.
498 1143 567 1217 Sed
585 1143 692 1217 omnis
711 1144 875 1219 eiusmodi
895 1146 1101 1246 perturbatio
1118 1149 1188 1221 ani-

118 1247 166 1322 mi
181 1245 369 1348 placatione
386 1244 565 1318 abluatur⁹
584 1246 640 1319 illa
658 1245 810 1346 quidem,
836 1276 937 1347 quum
964 1249 1101 1337 doceas,
1126 1280 1187 1324 nee

117 1351 246 1425 bouunr
261 1348 344 1422 illud
359 1376 450 1434 esse,
474 1377 514 1421 ex
530 1376 596 1448 quo
618 1347 740 1422 laetitia
760 1366 816 1422 aut
838 1349 943 1424 libido
960 1351 1102 1439 oriatur;
1127 1381 1188 1426 nee

119 1451 262 1538 malum,
276 1479 327 1531 ¹er
347 1478 413 1550 quo
429 1467 486 1522 aut
507 1467 633 1539 metus,
658 1468 716 1524 aut
737 1452 916 1550 aegritudo.
966 1471 1188 1527 verumtamen

118 1554 203 1629 baec
219 1570 265 1627 est
282 1569 371 1626 certa
387 1568 419 1625 et
435 1552 573 1653 propria
590 1553 727 1641 sanatio,
753 1555 782 1627 si
799 1555 930 1643 doceas,
955 1556 1045 1656 ipsas
1060 1573 1188 1656 pertur-

118 1656 272 1731 bationes
286 1680 348 1756 per
360 1683 395 1728 se
411 1682 481 1728 esse
496 1655 644 1743 vitiosas,
657 1684 718 1739 nee
732 1656 855 1730 babere
872 1656 1053 1757 quidquam
1063 1675 1118 1732 aut
1130 1687 1189 1731 na-

117 1757 242 1847 turale,
268 1774 324 1830 aut
338 1756 575 1830 necessarium:
600 1774 637 1829 ut
652 1757 759 1857 ipsam
777 1759 1016 1856 aegritudinem
1029 1759 1125 1834 leniri
1141 1760 1189 1833 vi-

120 1861 259 1947 demus,
285 1888 386 1959 quum
407 1858 582 1933 obiicimus
596 1860 820 1935 maerentibus
843 1861 1190 1936 imbecillitatemani.

118 1963 169 2040 mi
188 1962 387 2051 effeminati,
413 1989 579 2062 quumque
605 1976 718 2036 eorum
740 1963 933 2061 gravitatem
955 1963 1190 2038 constantiam-

188 2148 280 2210 πω.
298 2148 364 2200 conr.
381 2149 514 2220 araverat.
527 2149 568 2200 ver
586 2134 728 2201 aaran.
746 2154 779 2200 n
795 2167 821 2228 y.
839 2149 904 2202 aon.

119 2266 238 2321 Davisius
262 2266 294 2317 ad
315 2267 349 2316 N.
363 2268 394 2317 D.
409 2269 440 2329 ΙΙ,
456 2267 497 2324 34.
515 2267 641 2318 Goerenz.
674 2278 765 2328 terum,
780 2267 848 2335 qnod
862 2267 888 2321 in
905 2285 936 2318 eo
955 2268 1080 2331 cernitur,
1097 2278 1126 2319 nt
1141 2269 1191 2319 do-

119 2336 155 2389 ad
179 2334 297 2385 Academ.
322 2335 352 2383 ΙΙ.
374 2339 419 2396 22,
441 2339 483 2392 71.
500 2352 525 2401 p.
543 2339 599 2392 133.
612 2344 643 2385 at
676 2352 742 2396 cens,
758 2334 824 2402 ipsas
838 2336 1040 2402 perturbationes
1067 2353 1191 2386 erseesse

120 2402 266 2456 Ramsboru
282 2404 342 2452 Lae.
358 2403 406 2450 Gr.
423 2404 446 2471 ᾗ.
464 2404 522 2460 174.
537 2403 601 2452 Not.
618 2406 641 2461 1.
675 2401 794 2464 vitiosas,
817 2420 865 2452 nee
886 2402 980 2453 habere
992 2356 1130 2470 quidquam
1147 2412 1192 2454 ant

120 2489 148 2541 p.
163 2475 224 2529 503.
310 2529 312 2534 Ι
675 2468 792 2519 naturale
808 2479 852 2519 aut
867 2469 1054 2531 necessarium,
1079 2479 1119 2519 est
1133 2487 1191 2519 cer-

174 2555 215 2600 ne,
226 2534 333 2605 aisorte
361 2536 475 2585 Mosarna
493 2535 642 2603 suspicata·
675 2546 744 2597 tum,
763 2535 886 2603 simulque
901 2546 927 2587 et
943 2536 1089 2604 opinionem
1104 2537 1192 2588 falsam

120 2615 179 2657 tor:
200 2622 241 2665 ne,
258 2605 309 2654 etsi
335 2615 390 2653 orte
399 2603 433 2652 de
440 2621 521 2672 paup.
527 2621 643 2673 persaa-
676 2603 754 2664 tollit,
769 2613 796 2652 et
810 2603 992 2670 aegritudinem
1005 2603 1126 2655 detrahit.

121 2674 208 2733 seris,
233 2673 270 2722 sit
291 2673 343 2720 alii
357 2671 524 2742 aegritudini
538 2671 644 2722 conred.
727 2671 811 2720 animi
829 2672 989 2740 placatione)
1011 2674 1043 2721 Η.
1057 2688 1080 2723 e.
1100 2671 1193 2734 animo,
1226 2710 1229 2722 .,

121 2745 159 2792 Ae
184 2749 253 2790 recte
276 2739 384 2788 Orellius
407 2739 524 2804 vulgatae
538 2749 644 2788 senten·-
694 2736 719 2786 ni
733 2738 923 2805 perturbatione
941 2739 1051 2804 agitatus
1071 2748 1151 2788 estet
1167 2736 1194 2787 in

122 2807 187 2858 tium
205 2806 241 2856 sic
259 2805 379 2874 exponit:
397 2805 488 2855 Melius
513 2804 644 2856 adhibebis
676 2754 786 2855 diversas
795 2816 880 2873 partes
896 2805 1039 2869 distractus,
1054 2805 1193 2872 mitigando

120 2873 235 2942 γενικὴν
251 2874 322 2924 illam
338 2872 644 2932 consolationem'homi-
676 2871 774 2939 sibique
788 2873 958 2931 conciliando.
991 2880 994 2888 '

122 2960 183 2992 nem
190 2958 266 3007 aegre
275 2942 342 2991 ferre
355 2939 419 2989 nihil
434 2951 567 3006 oportere;
585 2956 644 2990 nam
727 2939 862 2990 ablactari
878 2939 1061 3002 Subiuuetirns,
1096 2937 1194 2990 nimcle

123 3011 207 3061 altera
229 3009 362 3059 dumtaxat
384 3007 510 3070 adhibita,
532 3025 644 3076 pauper·
676 3006 764 3056 habuit
791 3007 946 3068 Bentleium,
976 3008 1013 3058 sic
1032 3025 1063 3057 ex
1078 2958 1195 3067 beandus

123 3088 207 3129 tatem
224 3095 260 3126 sc.
278 3093 331 3126 nou
343 3075 436 3125 malum
450 3092 518 3138 esse,
537 3075 580 3125 nbi
593 3074 644 3125 hoc
676 3073 790 3123 ridetur:
807 3074 935 3135 concedo,
953 3075 1030 3124 animi
1051 3027 1196 3144 piscatione

122 3145 156 3206 ei,
173 3142 216 3211 qui
230 3142 389 3209 aegritudine
403 3141 509 3192 affectus
525 3152 577 3204 est,
592 3159 645 3192 non
677 3140 892 3209 perturbationem
906 3141 974 3192 ablui
989 3160 1078 3211 posse,
1094 3160 1195 3192 verum-

122 3211 287 3281 persuaseris,
301 3227 354 3259 uon
369 3210 445 3260 tolles
459 3211 511 3264 eius
530 3209 644 3276 aegritu·
677 3219 763 3259 tamen
785 3220 855 3259 certa
878 3220 906 3260 et
925 3211 1029 3278 propria
1042 3208 1140 3261 sanatio
1157 3219 1197 3258 est

123 3280 219 3340 dinem,
236 3279 312 3328 immo
327 3276 349 3326 is
366 3277 390 3327 ei
404 3277 555 3343 indulgebit.
678 3285 727 3325 etc.
751 3275 871 3327 Similiter
890 3295 950 3328 mox
965 3279 987 3346 ς.
1004 3282 1046 3336 61.
1069 3289 1196 3346 angatur.

176 3346 289 3416 quodam
304 3343 391 3406 modo)
400 3344 496 3394 Addita
511 3353 571 3394 snut
582 3342 645 3393 haec
678 3342 759 3395 Ablur'
774 3361 788 3393 a
805 3344 938 3394 Schuetzio
958 3344 984 3393 in
1000 3346 1061 3419 Igex.
1076 3344 1157 3394 Cicer.
1175 3360 1195 3392 s.

124 3413 260 3471 vocabula,
270 3411 549 3478 utsigniticarenthoc:
559 3410 645 3477 aegri·
677 3428 702 3461 r.
712 3429 742 3460 ex
763 3410 847 3460 onitnr
859 3428 905 3489 per
920 3412 988 3460 tolli.
1005 3411 1082 3471 Male,
1097 3410 1196 3476 opinor.

123 3481 214 3532 tudine
223 3480 330 3541 sublata,
339 3479 415 3529 etiam
425 3479 580 3546 paupertatis
589 3496 645 3527 ma·
677 3429 800 3544 Equidem
813 3478 898 3527 malnn
906 3477 1068 3544 interpretari
1077 3481 1125 3544 Per
1133 3475 1197 3525 aba·

124 3550 187 3609 lum,
210 3548 273 3598 licet
290 3547 324 3596 de
339 3557 498 3615 paupertate
513 3563 565 3595 non
578 3562 645 3615 pro-
679 3545 767 3614 tergi,
781 3553 810 3594 nt
824 3545 904 3594 minus
921 3545 967 3605 sit,
985 3562 1058 3611 quam
1072 3544 1139 3593 rolli.
1155 3542 1198 3592 sie

121 3618 186 3687 prie
200 3626 226 3664 et
242 3631 359 3664 seorsum
375 3625 482 3683 agatur,
501 3613 628 3662 militnm·
680 3629 754 3678 saepe
771 3612 839 3678 apud
855 3612 1002 3662 Ciceronem
1020 3611 1115 3677 legitur
1134 3609 1197 3661 abs-

161 3685 221 3733 Cte.
234 3683 357 3737 XXVIII.
365 3685 408 3739 60.
419 3681 472 3730 Sed
482 3682 579 3743 omnis)
590 3681 647 3729 Du·
680 3692 786 3748 tergere
803 3680 925 3739 dolorem,
944 3680 1086 3741 molestias,
1095 3690 1198 3728 rneteem.

126 3751 187 3819 plex
195 3766 274 3817 genus
281 3748 448 3798 remediorum
458 3748 582 3797 landatur.
599 3748 648 3813 etl-
680 3749 712 3798 V.
726 3746 862 3796 Forcellini
875 3747 952 3796 Thes.
968 3748 1025 3796 Lat.
1041 3766 1060 3796 s.
1077 3765 1101 3796 r.
1113 3747 1199 3796 Meta-

127 3816 298 3885 ternm‚qn0d
310 3815 337 3864 in
346 3833 376 3865 eo
388 3825 496 3876 constat,
510 3825 538 3864 ot
547 3815 648 3874 doceas,
681 3813 763 3893 phora
780 3813 911 3880 desumpta
928 3825 966 3863 est
986 3833 1000 3864 a
1014 3814 1063 3864 ritu
1081 3812 1199 3865 abluendi

125 3904 175 3936 uec
189 3886 284 3935 bonnm
296 3883 360 3932 illud
374 3900 436 3944 esse,
447 3901 478 3932 ex
491 3900 540 3949 quo
550 3880 649 3932 laetitia
683 3899 709 3930 rn
726 3881 912 3946 placationibus
930 3883 1051 3942 deorum,
1070 3902 1090 3932 a.
1105 3883 1200 3934 lustra-

127 3951 434 4009 antlibidooriatur;nec
449 3951 590 4010 malumex
616 3965 664 3997 uo·
684 3947 804 4008 tionibns;
817 3948 967 3999 observante
983 3948 1087 3999 Orellio.
1143 3968 1146 3975 ’
1206 4008 1209 4013 ¹

128 4031 174 4072 ant
188 4030 278 4080 metus,
293 4029 338 4069 ant
354 4017 494 4084 aegritudo,
510 4017 572 4069 mite
586 3968 648 4082 iliud
717 4015 767 4064 illa
775 4016 892 4083 quidem)
907 4015 966 4067 scit.
974 4015 1147 4084 perturbatio:
1161 4015 1201 4065 his

130 4088 232 4157 quidem
240 4097 279 4138 est
287 4096 314 4136 et
322 4086 389 4150 lene,
403 4086 448 4135 sed
461 4085 542 4135 minus
552 4084 650 4146 efficax,
684 4083 781 4132 voculis
801 4084 940 4151 respondet
965 4097 1150 4134 verumtamen.
1169 4085 1201 4131 V.

127 4154 209 4222 magis
234 4153 439 4222 perturbationes
467 4153 548 4207 abluit
575 4151 651 4218 (abs-
684 4149 814 4201 Adnotatu
828 4150 855 4200 iu
875 4155 895 4201 I.
917 4156 943 4212 3,
966 4155 998 4217 6.,
1017 4151 1058 4200 Sic
1074 4168 1146 4200 mox:
1164 4159 1203 4200 est

128 4222 234 4289 tergit),
248 4238 322 4289 quarn
337 4239 379 4272 eas
394 4220 494 4288 penitus
506 4218 593 4269 tollit:
610 4218 650 4268 al-
685 4235 718 4266 ea
733 4217 838 4286 quidem
852 4218 955 4279 utilior,
973 4216 1202 4287 aedraroprotieit.
