2640 4626
200 212 261 281 138
445 223 723 277 marmaricum
740 224 1020 281 uroruranomm

196 360 323 445 potest,
349 371 448 442 quam
476 342 614 417 molesta
641 343 799 418 decessio.
851 351 932 425 111.
955 344 1051 419 Hanc
1072 344 1270 419 sententiam

197 446 384 544 significare
406 444 537 518 videtur
551 446 694 519 Laconis
713 446 768 520 illa
783 475 865 531 ror3
887 444 967 545 qui,
991 474 1096 547 quum
1113 446 1271 522 Rhodius

197 550 382 647 Diagoras,
408 546 676 651 Olympionices'
696 548 837 636 nobilis,
862 577 930 622 uuo
964 548 1037 623 die·
1055 549 1125 623 duo
1156 556 1267 623 suos2

195 650 286 724 filios
305 651 446 724 victores
464 649 641 754 Olympiae
664 650 818 738 vidisset,
844 650 984 726 accessit
1011 651 1055 725 ad
1078 678 1217 741 senem,
1242 669 1271 727 et

195 752 386 851 gratulatus,
409 757 557 840 Morere,
583 758 767 849 Diagora,
793 753 918 852 iuquit,
943 781 1015 827 non
1030 757 1125 827 enim
1138 756 1179 827 in
1198 783 1269 830 coe-

196 857 271 928 lum
295 856 531 929 adscensurus
552 883 596 928 es.
645 858 770 955 Magna
792 855 893 945 hacc,
919 873 951 930 et
966 856 1109 930 nimium
1127 855 1269 933 fortasse

197 958 317 1033 Graeci
338 973 476 1058 putant,
500 957 550 1031 vel
570 974 639 1030 tum
656 959 768 1057 potius
786 959 963 1059 putabant;
990 960 1104 1060 isque,
1129 961 1192 1060 qui
1208 961 1269 1035 hoc

195 1060 361 1160 Diagorae
389 1059 487 1147 dixit,
511 1088 727 1160 permagnum
743 1060 950 1150 existimans,
974 1061 1036 1135 tris
1054 1060 1270 1166 Olympioni·

196 1191 251 1237 cas
275 1191 341 1236 una
364 1191 382 1237 e
406 1163 506 1236 domo
528 1162 684 1262 prodire,
710 1164 857 1237 cunctari
879 1163 971 1237 illum
994 1163 1121 1239 diutius
1140 1166 1180 1239 in
1196 1166 1269 1254 rita,

194 1265 345 1339 fortunae
365 1264 550 1352 obiectum,
575 1264 691 1338 inutile
706 1266 844 1365 putabat
861 1266 935 1364 ipsi.

59 1414 64 1423 ·
141 1366 164 1419 ⁰
294 1369 367 1468 Ego
394 1383 502 1441 autem
533 1367 595 1440 tibi
622 1367 776 1466 quidem,
802 1367 894 1468 quod
919 1368 999 1442 satis
1021 1383 1126 1456 esset,
1150 1369 1268 1468 paucis

195 1470 324 1558 verbis,
339 1487 376 1543 ut
388 1470 471 1543 mihi
484 1469 641 1556 videbar,
667 1471 913 1570 responderam.
939 1497 1152 1546 concesseras
1173 1472 1269 1560 enim,

195 1572 286 1647 nullo
308 1574 344 1646 iu
368 1571 455 1646 malo
480 1587 630 1644 mortuos
654 1600 744 1660 esse3
770 1572 830 1646 sed
855 1572 899 1645 ob
927 1602 999 1646 eam
1020 1599 1176 1647 caussam
1194 1602 1268 1647 cou-

194 1676 303 1763 teudi,
329 1691 367 1747 ut
389 1673 484 1774 plura
501 1673 666 1762 dicerem,
692 1675 784 1775 quod
797 1675 833 1748 iu
849 1674 1015 1750 desiderio
1032 1692 1063 1750 et
1076 1674 1171 1750 luctu
1190 1675 1269 1750 haec

195 1794 244 1850 est
273 1775 455 1850 consolatio
483 1776 632 1847 maxima.
667 1793 817 1849 nostrum
843 1777 930 1850 enim
956 1793 987 1851 et
1011 1794 1126 1851 nostra
1153 1806 1267 1851 caussa

194 1895 385 1978 susceptum
411 1876 561 1951 dolorem
590 1878 721 1952 modice
751 1880 837 1953 serre
866 1880 1043 1967 debemus,
1068 1908 1111 1954 ne
1137 1896 1269 1954 nosmet

86 1974 91 1997 .
195 1979 317 2080 ipsos³
344 2008 453 2053 amare
473 1979 650 2053 videamur.
676 1980 731 2053 illa
753 1980 901 2081 suspicio
928 1981 1128 2056 intolerabili
1154 1982 1268 2058 dolore

195 2081 330 2169 cruciat,
356 2083 384 2155 si
404 2080 581 2183 opinamur
595 2110 663 2171 eos,
688 2084 810 2183 quibus
827 2083 936 2156 orbati
949 2111 1081 2172 sumus,
1107 2111 1186 2159 esee
1198 2112 1269 2160 cum

195 2184 306 2284 aliquo
332 2212 431 2258 seusu
459 2183 494 2255 in
513 2183 554 2256 iis
570 2184 683 2272 malis,
709 2186 831 2285 quibus
850 2184 948 2284 volgo
967 2186 1157 2285 opinantur.
1185 2187 1269 2261 hauc

194 2302 345 2361 excutere
370 2286 562 2388 opinionem
590 2287 740 2362 mihimet
765 2287 854 2362 volui
884 2287 1061 2375 radicitus;
1088 2316 1199 2389 eoque
1222 2288 1269 2363 sni

193 2389 334 2464 sonasse
350 2389 489 2488 long10r·
523 2391 658 2463 XLVII·
685 2397 766 2471 112.
790 2394 830 2466 A.
846 2392 899 2463 Tu
916 2389 1071 2490 longior?
1096 2420 1169 2465 non
1187 2392 1269 2467 mihi

259 2617 278 2670 2
294 2613 354 2663 Em.
371 2609 466 2661 delevit
485 2625 554 2660 euos.
579 2610 657 2660 Male.
699 2613 717 2668 3
733 2609 775 2660 Sic
791 2610 823 2662 R.
842 2612 874 2662 D.
893 2609 976 2678 Vulgo
991 2629 1026 2662 ne
1040 2624 1067 2663 et
1081 2626 1195 2665 noem
1211 2613 1268 2666 mo

195 2697 228 2730 ne
244 2691 346 2730 montet
362 2679 425 2748 ipsi.
442 2678 473 2728 V.
490 2677 557 2728 Adn.

193 2813 263 2864 tinae
279 2809 446 2863 declinationi
461 2808 636 2878 responderet,
653 2810 715 2861 haec
749 2811 848 2879 Olymp.
873 2814 905 2863 V.
931 2813 975 2863 fin.
1000 2813 1044 2865 ubi
1067 2831 1092 2864 r.
1112 2810 1229 2867 Boecklr.
1244 2816 1269 2867 in

194 2884 351 2932 Graecorum
365 2877 442 2928 duali.
460 2879 491 2928 V.
509 2877 622 2944 exempla
637 2876 716 2929 allata
747 2879 883 2946 Explicatt.
896 2900 922 2948 p.
938 2884 996 2939 151.

194 2948 225 2998 ab
233 2945 394 2997 Ocheneroin
402 2945 464 2996 Eolo
484 2944 647 3013 ‚Ciceromp
655 2950 713 3004 271.
797 2948 904 3016 Magna
929 2948 1007 3014 hoec)
1041 2948 1102 3000 Scil.
1135 2950 1269 3020 Olympiae

246 3013 377 3078 decessio)
390 3013 423 3063 H.
431 3029 453 3062 e.
465 2963 590 3062 locorum
604 3012 714 3063 amissio.
747 3012 879 3064 victoriam
894 3025 1046 3082 reportasse.

244 3085 303 3139 111.
327 3079 452 3130 Rhodius
483 3080 630 3149 Diagoras)
674 3080 712 3130 Cf.
797 3082 866 3149 quod
887 3084 956 3132 satia
977 3096 1063 3146 casea,
1086 3087 1188 3154 paucis
1207 3106 1268 3138 ver-

194 3147 422 3218 praeclariasimum
463 3146 567 3198 Pindari
613 3165 714 3197 carmen
747 3147 789 3198 lu's
803 3150 862 3216 etc.)
882 3151 952 3200 Haec
960 3151 1038 3202 rerba
1049 3151 1087 3203 ita
1101 3153 1268 3221 explicanda:

195 3216 294 3282 olymp.
319 3216 374 3266 Vtt.
399 3223 427 3264 et
449 3232 513 3293 quae
547 3213 580 3265 de
603 3215 714 3281 Diagora
746 3218 800 3282 Ego
815 3215 859 3279 id,
876 3217 946 3285 quod
961 3218 1146 3286 pauciorerbia
1160 3239 1269 3290 reapon-

194 3282 328 3334 odnotarit
356 3281 498 3333 Boeckhrus
522 3281 550 3333 iu
574 3282 712 3350 Explicatt.
748 3284 808 3333 dere
834 3285 876 3347 (ut
897 3285 959 3336 mihi
977 3285 1092 3355 videbar)
1115 3289 1182 3340 ntia
1205 3297 1268 3349 erat,

193 3369 220 3420 p.
241 3351 298 3409 164.
313 3367 351 3417 aq.
747 3351 945 3418 responderam,
971 3354 1029 3416 rel,
1053 3362 1085 3405 ut
1106 3355 1168 3407 aliia
1186 3355 1269 3407 verbio

246 3435 299 3468 non
313 3418 382 3468 enim
395 3418 425 3468 in
440 3417 550 3484 caelum)
568 3420 601 3468 H.
611 3434 707 3468 osum·
747 3428 805 3471 utar
838 3437 903 3486 ego,
920 3437 985 3487 quae
1003 3421 1066 3473 milri
1083 3423 1270 3489 pauoiuoelr'u

195 3503 262 3536 mam
279 3485 388 3536 hominia
407 3485 560 3536 felicitatem
575 3495 663 3536 nactus
678 3501 715 3547 ea,
748 3487 808 3537 abso
821 3487 902 3538 reuda
943 3488 1110 3552 videbantur,
1154 3500 1269 3543 mutuo·

195 3571 244 3604 nee
255 3553 343 3604 maiori
358 3553 454 3620 poteria
469 3553 556 3620 potiri.
592 3551 714 3604 Geminus
746 3553 846 3604 scilicet
864 3554 935 3606 nullo
951 3555 978 3605 iu
997 3557 1065 3608 malo
1080 3574 1153 3618 esee3
1171 3556 1269 3609 mitt

195 3621 267 3671 locus
292 3621 415 3687 legitera
433 3620 468 3670 ud
482 3621 656 3671 Pindarum?
705 3654 713 3670 .
746 3620 783 3672 ita
805 3639 859 3671 ease
881 3639 941 3674 mox
964 3640 1144 3685 concesseram
1170 3625 1269 3678 uberim

195 3689 231 3737 X.
244 3694 279 3745 22
293 3692 364 3746 -27.
389 3705 403 3737 e
423 3688 557 3739 .Boeckh.
570 3716 603 3727 -
621 3685 652 3741 ed
672 3686 710 3740 ui·
748 3689 854 3739 obeam
877 3707 991 3741 caueam
1010 3692 1132 3760 exposui,
1159 3692 1268 3763 quodie

195 3773 256 3822 μων
279 3753 310 3808 dl
331 3752 380 3807 aul
398 3752 522 3842 deceptor
544 3748 626 3816 ottae
643 3753 714 3843 ἀνὴρ
747 3755 873 3807 desiderio
889 3768 916 3808 et
926 3758 997 3809 luctu
1011 3758 1077 3810 haee
1092 3769 1135 3810 est
1149 3760 1268 3813 concon-

194 3821 316 3889 γίγνεται
331 3825 447 3887 σοφοῖς.
484 3822 523 3883 Ος
541 3819 577 3873 ἄν
606 3821 713 3890 epuler,
745 3823 786 3874 tio
809 3824 932 3889 maxima,
960 3835 989 3877 ut
1005 3827 1129 3890 edorum,
1154 3827 1267 3881 uulloia

86 3948 90 3955 ¹
195 3886 325 3945 notura
344 3889 392 3957 ετᾷ
404 3887 556 3956 κρατήσαις
566 3840 607 3942 Ti
615 3887 715 3958 μέγιστ’
747 3891 815 3942 malo
831 3902 944 3944 mortuos
960 3910 1023 3946 esee.
1178 3952 1185 3959 ,

197 3954 308 4009 eterno
326 3907 375 4025 11η
395 3954 486 4027 τόλμᾳ
505 3973 535 4009 τε
550 3955 599 4010 acl
611 3957 716 4025 σθένει,
799 3972 900 4011 nosnoet
911 3961 994 4032 ipsos)
1010 3961 1217 4016 Emeatiuamale
1228 3962 1265 4015 le-

197 4023 255 4077 Kal
273 4021 352 4088 ζώων
373 4020 414 4076 ἔτι
429 4020 531 4090 νεαρόν
551 4021 619 4078 Κατ’
633 4023 716 4079 αἶσαν
748 4027 788 4094 git
802 4041 903 4079 nocam
925 4030 990 4100 apsi.
1032 4031 1064 4084 V.
1089 4028 1264 4085 Adnotataia

195 4089 260 4146 oliv
281 4090 329 4180 ἴδῃ
346 4088 467 4159 τυχόντα
497 4090 645 4162 στεφάνων
659 4094 716 4146 Ho-
749 4112 771 4145 r.
787 4099 836 4158 30,
853 4100 896 4155 73,

195 4160 279 4214 dion.
326 4156 530 4228 Ozoitaeoo
553 4156 715 4224 edoardo
798 4163 828 4213 in
842 4165 879 4215 iis
893 4164 988 4230 maiia,
1005 4165 1100 4236 quibus
1112 4165 1262 4240 vutgoopt-

188 4223 641 4299 oinot'dpssuedeadrqi.
675 4227 716 4280 Gt.
749 4231 857 4298 matur]
881 4233 914 4284 rt.
939 4249 963 4285 e.
989 4233 1134 4304 inquom
1156 4243 1262 4288 mortae·
