2640 4626
426 202 430 215 ·
495 188 725 249 urrunnu.
1085 188 1145 259 161

158 308 363 389 vinctumque
384 309 480 386 saxis5
501 329 610 371 narem
630 308 847 373 ut··lronisano
867 314 945 379 irato

156 398 283 457 Noctem
302 404 447 476 paventes
468 394 567 456 timidi
588 395 753 456 adnectunt
772 399 901 462 navitae.

159 480 319 563 Saturpius
341 500 390 540 me
410 480 454 538 sic
473 472 575 541 infixit
595 481 749 561 luppiter,

155 566 296 644 Iovisque
316 584 429 625 numen
449 565 593 624 Mulcibn‘
614 564 744 626 adscivit
763 587 878 629 manus.

155 650 229 711 Hos·
240 649 296 711 ille
316 669 427 710 cameos
447 650 562 709 fabrica
584 650 702 711 crudeli
720 651 871 731 inserens,

152 735 297 815 Penupit
315 743 417 794 artus:
440 754 500 812 qua
520 734 611 795 miser
629 736 762 795 sollertia

153 819 442 894 Transverberatus,
465 828 597 878 castrum
616 818 677 879 hoc
696 821 844 881 furiarum
864 822 975 887 incolo.

93 904 119 976 4.
151 905 214 964 Iam
234 904 326 963 tertio
347 925 394 963 me
416 924 535 983 quoque
555 905 674 964 funesto
695 904 760 982 die,

152 989 247 1049 Tristi
273 989 432 1064 advolatu,
455 988 580 1047 aduncis
600 989 736 1067 lacerans¹
755 990 925 1072 unguibus,

151 1075 234 1134 Iovis
257 1073 375 1133 satelles
396 1082 485 1153 pastu
506 1073 633 1133 dilaniat
651 1074 724 1141 fero.

153 1161 232 1220 Tum
250 1159 349 1219 iecore
371 1159 472 1238 opimo
492 1159 570 1216 farta
592 1167 623 1218 et
643 1159 749 1218 satiata
764 1161 894 1240 affatim,
1044 1234 1048 1239 ,

152 1245 329 1322 Clangorem
350 1243 452 1302 fimdit
472 1240 611 1319 vastum,
630 1251 660 1302 et
681 1244 809 1327 sublime
830 1247 999 1328 avolans4,
1112 1242 1118 1257 ⁹

150 1330 277 1388 Pinnata
300 1327 396 1386 cauda
416 1337 554 1386 nostrum
575 1327 681 1387 adulat
699 1330 882 1407 sanguinem.
962 1385 966 1394 ,

152 1413 255 1487 Quum
274 1433 347 1472 vero
369 1412 491 1472 adesum
511 1412 620 1471 inflatu
640 1425 818 1472 renovatum
840 1424 882 1474 est
903 1406 1003 1497 iecur,
1026 1460 1028 1466 ι

150 1499 228 1556 Tum
248 1498 395 1556 rursum⁵
415 1506 510 1557 tetros
532 1496 621 1558 avida
641 1518 673 1558 se
693 1498 732 1557 ad
751 1509 855 1577 pastus
870 1502 970 1564 refert.

151 1583 201 1642 Sic
221 1581 327 1642 hunc⁶
350 1581 506 1641 custodem
525 1581 631 1642 maesti
651 1583 803 1643 cruciatus
817 1585 883 1645 alo:

151 1667 214 1740 Qui
233 1687 282 1726 me
301 1666 429 1746 perenni
448 1666 553 1726 vivom
572 1665 674 1727 foedat
693 1667 821 1737 miseria.

148 1753 303 1830 Namque,
326 1761 362 1810 ut
382 1751 509 1827 videtis,
530 1752 640 1811 vinclis
662 1750 843 1813 constrictus
862 1754 961 1834 Iovis,

148 1837 259 1896 Arcera
280 1855 396 1914 nequeo
418 1836 514 1894 diram
533 1836 690 1896 volucrem
711 1859 728 1894 a
748 1847 879 1917 pectore.

93 1923 113 1981 '.
152 1922 202 1980 Sic
222 1941 269 1980 me
289 1921 354 2000 ipse
374 1920 487 1979 m'duus
508 1921 601 1999 pestis
622 1921 740 2000 excipio
760 1923 865 1982 anxias
876 1968 885 2000 ,

150 2006 261 2065 Amore
281 2005 387 2064 mortis
407 2005 570 2064 terminum
591 2006 751 2084 anquirens
771 2007 853 2067 mali.

150 2091 210 2150 Sed
230 2091 318 2168 longe
339 2112 355 2147 a
376 2089 437 2148 leto
459 2090 581 2148 numine
603 2090 733 2169 aspellor
752 2090 843 2151 Iovis.

148 2176 247 2253 Atque
266 2173 342 2233 haec
361 2184 479 2232 vetusta
501 2174 605 2234 saeclis
626 2175 788 2252 glomerata
808 2174 959 2254 horridis,

146 2258 292 2318 Luctifica
312 2257 412 2317 clades
433 2267 537 2317 nostro
557 2258 651 2317 infixa
674 2267 718 2318 est
739 2261 876 2339 corpori:

146 2344 221 2417 Ex⁷
243 2363 302 2422 quo
324 2343 456 2422 liquatae
476 2344 548 2403 solis
570 2345 678 2404 ardore
699 2343 845 2403 excidunt
1012 2412 1015 2421 ¹

148 2429 275 2505 Guttae,
297 2448 372 2506 quae
393 2449 466 2488 saxa
487 2427 604 2487 assidue
621 2427 770 2489 instillant
791 2430 926 2490 Caucasi.

93 2543 124 2617 l:
141 2543 211 2621 ,Vix
235 2541 338 2640 igitur
364 2569 464 2641 posse
487 2542 638 2615 videmur
654 2542 701 2616 ita
718 2541 873 2618 affectum
885 2571 955 2616 non
972 2544 1129 2623 miserum

93 2648 191 2721 icere:
218 2661 265 2733 et,
291 2645 321 2717 si
337 2644 425 2716 hunc
441 2644 615 2732 miserum,
642 2661 727 2717 certe
743 2644 892 2719 dolorem
910 2645 1039 2721 malum.

163 2750 287 2827 26:14.
312 2748 364 2818 Tu
387 2747 521 2847 quidem
547 2746 655 2820 adhuc
673 2775 781 2820 meam
797 2776 948 2822 caussam
965 2750 1045 2847 agis.
1068 2754 1129 2827 sed

93 2877 228 2924 semor
252 2848 376 2922 videro.
426 2851 572 2939 Interea,
597 2849 686 2923 uude
708 2849 764 2922 isti
782 2853 918 2925 versus?
943 2879 1012 2924 non
1040 2853 1128 2928 euim

127 3016 148 3077 4
170 3018 212 3068 Sic
229 3020 288 3068 Era.
314 3035 337 3069 c.
359 3019 389 3069 L.
407 3018 453 3069 Da.
486 3019 570 3084 Vulgo
596 3017 736 3069 advolans.
760 3013 868 3077 '5Erm
893 3038 916 3071 c.
933 3019 1002 3087 vulg.
1026 3040 1127 3075 rursus.

93 3087 152 3138 ma.
170 3085 204 3136 de
217 3085 283 3137 coni.
299 3085 381 3136 Bentl.
399 3086 469 3137 hanc
484 3095 511 3136 et
526 3103 585 3138 mox
601 3089 682 3153 Quae.
724 3093 742 3145 7
759 3089 800 3137 Or.
815 3104 839 3138 c.
856 3089 887 3139 R.
904 3087 987 3141 Gaba
1003 3088 1052 3140 De.
1069 3093 1127 3143 Ern.

99 3170 159 3224 quo.

93 3250 578 3388 ,summutantur
611 3321 648 3372 ..0
661 3255 1127 3390 torrentulum:

93 3406 117 3441 ro
132 3388 248 3439 similis.“
280 3389 377 3441 Naide.
612 3389 678 3456 cipio
701 3407 741 3438 me
771 3400 892 3456 tanquam
916 3400 1002 3455 pestes
1032 3391 1126 3442 anxias.

109 3456 155 3515 24.
174 3457 268 3507 adulat
282 3456 449 3528 sanguinem)
466 3455 579 3506 Verium
610 3459 669 3522 lpse
675 3456 737 3506 mihi
749 3472 813 3523 paro
828 3466 934 3523 pestem,
950 3473 1034 3506 mcum
1048 3457 1127 3524 ipsius

93 3523 176 3575 'alm
192 3524 217 3574 h.
231 3525 249 3574 l.
266 3524 373 3590 primam
389 3533 416 3574 et
431 3522 578 3589 antiquissi-
610 3525 680 3573 iecur
709 3533 829 3589 tanquam
859 3522 980 3589 pabulum
1019 3523 1127 3574 offerens

93 3598 127 3643 uis
140 3591 298 3642 notationem
311 3591 402 3653 habet,
426 3600 456 3640 ut
470 3590 503 3640 sit
520 3601 577 3639 ter·
610 3589 717 3657 aquilae.

93 3678 140 3721 re,
174 3661 310 3729 stringere
343 3668 470 3723 (nostrum
495 3658 578 3708 strei—
661 3657 720 3706 Csr.
737 3657 785 3705 XI.
803 3660 847 3714 26.
867 3655 969 3722 videro)
1000 3656 1127 3710 sicinus

93 3726 157 3796 eles).
170 3726 283 3777 Avolens
300 3727 383 3795 aquila
406 3725 502 3776 caudae
517 3725 579 3792 piu-
610 3726 643 3776 V.
657 3727 689 3786 7,
707 3730 750 3781 20.
768 3724 819 3773 Sed
834 3723 931 3789 videro,
947 3723 1009 3792 quid
1024 3725 1126 3776 efficiat.

93 3804 136 3847 tae
172 3804 245 3845 motu
272 3794 419 3861 sanguinem
455 3793 579 3860 deterget.
612 3792 644 3841 de
653 3794 724 3841 Orat.
737 3792 780 3840 III.
796 3795 840 3853 10,
851 3794 894 3851 3¹1.
907 3790 1012 3843 nauide
1025 3792 1127 3844 actione

93 3878 130 3915 nc
142 3878 238 3924 nomeu
254 3862 388 3912 adulandi
409 3861 513 3929 proprie
535 3859 579 3909 di·
611 3868 671 3926 post
688 3858 789 3909 videro.
823 3856 942 3913 Mulon·
963 3860 998 3911 Π·
1019 3861 1070 3922 24,
1083 3865 1125 3919 76·

93 3934 129 3983 dr
149 3928 183 3980 de
197 3930 300 3992 bestiis,
335 3929 447 3998 apprime
467 3927 578 3990 canibus,
612 3925 682 3988 Quid
711 3924 842 3978 inventum
873 3924 922 3991 sit,
948 3926 1037 3997 paullo
1066 3937 1128 3996 post

93 3994 214 4049 [nudae
236 4006 309 4046 motu
321 3996 414 4063 gaudia
435 4006 461 4047 et
474 3995 578 4046 blaudi·
610 3993 712 4044 videro.
752 3993 817 4043 lbid.
834 3993 881 4058 44,
909 3996 967 4052 135.
991 4005 1062 4045 recte
1083 4013 1126 4044 se-

93 4074 148 4117 nta
162 4063 301 4132 exprimere
316 4063 427 4114 student.
612 4077 702 4122 cusae,
735 4059 798 4125 alius
821 4062 977 4112 viderim-e.
1025 4062 1081 4112 Fin.
1104 4062 1125 4109 1.

111 4132 227 4201 inflatu)
244 4132 278 4182 H.
285 4147 308 4182 e.
323 4130 517 4199 quum'inilatur,
534 4129 577 4182 in-
612 4132 660 4191 10,
677 4132 720 4187 35.
742 4145 808 4195 quac
832 4128 911 4180 fuerit
931 4146 1034 4189 caussa,
1067 4143 1126 4177 mox

93 4199 188 4252 nescit.
611 4196 712 4248 videro.
746 4195 784 4245 ef.
807 4197 909 4264 Zumpt.
928 4199 990 4247 Lot.
1012 4197 1131 4245 Graiam.

886 4268 930 4333 ll
