2640 4626
482 140 490 155 ·
556 123 686 177 baiuli
702 124 724 175 Ι.
741 123 787 185 46.
946 136 952 149 ·
1142 116 1205 185 135

215 247 319 326 Neque
339 245 530 326 sepulcrum,
552 266 621 325 qno·
633 244 760 326 recipiat
785 243 820 323 ²,
840 244 966 344 Ιιιίιοιίξ
987 253 1110 327 pettam
1131 268 1204 309 cor·

921 351 998 390 01’18:

208 405 284 491 Uti,
304 414 427 476 remissa
446 413 579 476 bumana
599 414 673 491 vita,
696 434 807 496 corpus
827 351 995 494 requiescat
1014 414 1138 476 metica

126 511 243 600 Vides,
270 529 393 612 quanto
409 513 490 589 haec
506 512 543 585 in
561 540 671 587 errore
689 529 867 588 versentur.
892 530 1026 613 portum
1041 541 1113 587 esse
1130 541 1204 587 cor-

125 613 234 714 poris,
261 631 292 688 ct
306 615 512 716 requiescere
535 615 571 687 in
588 614 741 715 sepulcro
758 631 851 716 putat
869 631 1056 690 mortuum:
1082 628 1202 717 magna

127 717 228 818 culpa
259 716 413 819 Pelopis,
439 717 498 818 qui
525 745 594 790 non
623 717 781 791 erudierit
799 717 923 807 lilium,
948 746 1010 792 nec
1042 716 1202 811 docuerit,

126 837 291 920 quatenus
318 837 404 896 esset
431 819 578 921 quidque
603 819 795 894 curandum.
1195 824 1198 829 ’

230 924 331 997 XLV.
359 928 439 1005 108.
485 922 553 996 Sed
583 921 665 1022 quid
694 920 901 1022 singulorum
929 921 1106 1024 opiniones
1130 921 1202 995 ani·

126 1025 342 1113 madvertam,
367 1026 539 1100 nationum
555 1025 673 1099 varios·
684 1054 812 1099 errores
826 1025 1016 1127 perspicere
1038 1052 1139 1125 quum
1161 1022 1202 1099 li-

127 1127 221 1199 ceat?
248 1126 582 1244 CondiuntAegyptii
598 1144 758 1216 mortuos,
785 1143 816 1201 et
835 1156 891 1202 eos
909 1127 1002 1202 domi
1018 1137 1201 1202 servant⁹:

124 1228 249 1301 Persae
266 1226 364 1302 etiam
385 1257 459 1302 cera
479 1228 680 1302 urcumlitos
700 1229 865 1316 condunt,
889 1245 1043 1329 utquam
1059 1228 1201 1303 maxime

129 1326 340 1404 ⁴ermaneant
362 1330 519 1404 diuturna
542 1359 691 1432 corpora.
741 1333 918 1430 Magorum
943 1358 1016 1402 mos
1041 1346 1108 1417 est,
1131 1357 1201 1403 non

124 1358 263 1506 bumare
291 1461 432 1534 corpora
459 1461 612 1521 suorum,
636 1433 704 1506 nisi
728 1463 747 1507 a
772 1433 852 1507 feris
876 1433 944 1505 sint
972 1448 1047 1505 ante
1071 1430 1201 1505 laniata.

124 1535 163 1606 lu
181 1535 348 1638 Hyrcania
370 1534 465 1636 plebs
490 1534 645 1636 publico's
661 1534 717 1608 alit
733 1564 847 1610 canes:
875 1532 1062 1636 optimates,
1080 1534 1202 1607 ‘dome-

124 1636 237 1709 sticos.
262 1637 374 1711 nobile
397 1655 505 1719 autem
523 1666 627 1736 genus
649 1666 768 1731 canum
783 1636 866 1710 illud
884 1637 1008 1711 scimus
1024 1664 1115 1710 esse:
1141 1634 1201 1708 sed

123 1766 188 1837 pro
210 1767 269 1811 sua
288 1738 428 1839 quisque
445 1739 598 1813 facultate
613 1755 725 1840 parat,
750 1738 910 1840 aquibus
926 1738 1088 1829 lanietur;
1113 1766 1201 1812 eam-

124 1869 190 1939 que
207 1841 366 1941 optimam
384 1840 432 1913 illi
448 1869 520 1915 esse
541 1858 676 1915 censent
689 1840 900 1941 sepulturam.
925 1840 1088 1942 permulta
1103 1839 1195 1913 alia¹

124 1941 252 2040 colligit
270 1943 490 2047 Chrysippus,
517 1959 554 2016 ut
568 1960 617 2017 est
638 1943 781 2015 inomni
799 1942 940 2017 historia
954 1942 1123 2016 curiosus:
1140 1941 1201 2014 sed

123 2044 172 2117 ita
194 2060 278 2118 tetra
303 2061 381 2118 sunt
395 2045 577 2144 quaedam,
600 2061 638 2117 ut
653 2074 691 2119 ca
708 2045 814 2143 fugiat
831 2061 863 2119 et
874 2044 1069 2119 reformidet
1084 2042 1199 2116 oratio

122 2146 231 2220 Totus
251 2146 353 2245 igitur
372 2147 429 2219 hic
453 2146 545 2220 locus
572 2163 621 2220 est
645 2146 906 2246 contemnendus
931 2147 967 2219 in
984 2144 1103 2232 nobis,
1128 2172 1199 2217 non
1227 2217 1232 2225 ,

121 2248 342 2348 negligendus
355 2250 390 2322 in
405 2249 547 2325 nostris:
573 2248 618 2322 ita
631 2265 759 2337 tamen,
783 2266 821 2322 ut
835 2265 1043 2323 mortuorum
1057 2274 1199 2347 corpora

190 2454 283 2511 anm.
301 2471 324 2504 ο.
341 2453 372 2504 n.
389 2451 456 2503 nau.
481 2453 635 2523 recipiatur.
678 2454 696 2511 3
713 2451 754 2502 stc
766 2453 798 2502 n.
816 2451 841 2502 o.
858 2451 894 2502 Μ.
912 2451 946 2502 n.
963 2434 1072 2501 -'um.
1091 2467 1112 2501 ο.
1129 2448 1198 2517 vulg.

121 2538 142 2569 a
156 2520 246 2571 malie.
265 2523 295 2585 ,9
312 2523 354 2572 Or.
372 2538 394 2571 c.
411 2522 443 2571 11.
461 2521 568 2589 aliisque
576 2520 656 2571 Codd.
673 2522 705 2570 D.
721 2532 831 2570 servant
845 2518 924 2570 donni.
967 2522 982 2577 1
999 2517 1077 2570 Gocr.
1094 2514 1128 2568 ad
1142 2517 1197 2568 Fin.

120 2589 153 2638 ΙΙ.
172 2589 221 2651 14,
235 2589 277 2646 45.
294 2588 361 2639 coni.
374 2588 458 2650 tatia,
474 2599 504 2639 ut
520 2591 567 2640 Da.
581 2588 613 2638 de
627 2587 710 2638 Bentl.
728 2587 794 2638 coni.
1256 2616 1258 2623 ·

176 2722 270 2791 Neque
293 2722 450 2792 sepulcrum)
466 2720 540 2774 'Sunt
565 2733 592 2776 et
617 2722 649 2774 bi.
675 2717 1199 2789 laiualegendumauspicabaturpublice5

119 2789 247 2841 trochaici
266 2790 392 2843 octonarii
407 2790 559 2841 catalectici.
678 2791 786 2842 Orellius
802 2799 887 2840 autem
905 2787 1026 2859 publicos
1050 2804 1130 2837 canas
1155 2785 1197 2835 di-

168 2875 220 2927 quo
235 2858 358 2928 recipiat)
374 2858 435 2908 Soil.
451 2876 485 2908 se.
501 2857 646 2908 Sicdicitur
676 2866 746 2908 ctum
758 2867 841 2925 putat,
858 2866 888 2907 ut
902 2857 975 2907 servi
985 2854 1096 2926 publici,
1106 2851 1198 2923 fami—

121 2937 228 2976 aemre
243 2942 291 2993 pro
305 2927 384 2988 verti,
404 2937 507 2985 mactare
523 2942 571 2992 pro
586 2942 645 2975 mu-
677 2925 719 2976 lia
731 2924 849 2995 publica.

120 2993 187 3055 tari,
197 2992 325 3070 στρέφειν
333 3011 381 3060 pro
391 2993 576 3060 στρέφεσθαιτ
587 3009 645 3043 om·
729 2991 817 3042 nobile
829 3003 917 3042 autem
931 3007 1018 3060 genus
1035 2989 1105 3054 etc.)
1125 2988 1159 3038 H.
1175 3005 1198 3037 e.

120 3060 184 3110 nino
208 3060 286 3111 verba
305 3061 402 3124 activa,
435 3077 499 3126 quae
525 3058 645 3110 movendi
678 3059 791 3127 quamvis
806 3059 857 3109 hoc
871 3076 960 3109 canum
968 3055 1141 3124 genuonobila
1156 3053 1198 3116 ait,

120 3127 255 3178 notionem
268 3127 378 3189 habent,
394 3144 470 3195 saepe
484 3126 644 3179 intransitiva
677 3144 726 3178 nec
739 3127 902 3192 aine‘magno
915 3125 999 3194 pretio
1010 3123 1095 3192 parari
1108 3121 1197 3189 possit,
1225 3145 1227 3149 ·

120 3193 315 3260 significatione,
334 3212 398 3262 qnae
406 3194 557 3245 hauddubie
574 3192 644 3245 anti·
675 3204 779 3255 tamen,
802 3211 851 3261 pro
878 3210 924 3244 sna
944 3192 1049 3259 quisque
1073 3189 1199 3240 facultate

119 3261 311 3328 quisaimaerat‚
319 3253 463 3330 ponuntur:
478 3261 644 3329 quodonmu-
676 3261 704 3312 h.
722 3279 744 3312 e.
766 3270 889 3328 quantum
911 3259 1031 3326 cuiusque
1054 3256 1198 3332 facultatep,

118 3329 182 3379 latia
204 3329 325 3397 exemplis
351 3331 522 3398 probaverunt
543 3328 644 3379 Curtius
676 3347 722 3380 seu
745 3345 807 3395 opes
831 3327 979 3395 patiantur,
997 3332 1085 3391 parat,
1103 3339 1119 3372 a
1137 3339 1197 3389 qur·

113 3396 265 3448 'adsallnst
280 3399 341 3448 Exn.
356 3399 398 3448 VI.
415 3397 442 3447 in
456 3394 644 3463 IugsVechner.
676 3396 723 3448 bus
738 3395 857 3448 lanietur.

120 3463 252 3514 Hellenol.
270 3466 289 3515 1.
305 3468 329 3526 1,
345 3469 371 3523 6.
389 3464 475 3531 ibique
492 3461 643 3528 Heusinger.
710 3463 741 3513 in
758 3463 830 3512 omni
843 3459 966 3527 historia)
992 3456 1119 3508 Historia
1135 3455 1161 3505 h.
1177 3455 1196 3506 1.
1298 3472 1300 3475 ·

120 3541 148 3582 et
167 3531 276 3597 Vigerua
290 3532 368 3583 Idiot.
393 3534 438 3583 Gr.
452 3532 485 3584 V·
502 3534 532 3591 1,
555 3533 602 3588 1·
617 3532 642 3586 9·
678 3547 730 3581 non
746 3528 871 3595 significat
886 3525 1057 3578 narrationem
1072 3533 1100 3575 et
1114 3539 1197 3602 expo:

171 3599 255 3651 XLV.
270 3603 329 3662 108.
353 3599 487 3650 condiunt
501 3596 644 3667 Aegyptia)
677 3597 796 3648 sirionem
815 3603 1057 3661 rerumgestarum:
1095 3608 1146 3659 qna
1170 3607 1197 3641 vr

120 3667 221 3718 Graece
234 3664 437 3735 eapazsdovm.
469 3667 502 3718 V.
517 3663 643 3715 Herodot·
677 3665 742 3716 haec
752 3678 808 3715 'vox
820 3662 897 3728 vulgo
911 3661 975 3731 poni
989 3661 1056 3712 solet
1068 3677 1083 3711 a
1097 3657 1196 3710 vetem-

119 3736 158 3798 ΙΙ,
176 3737 220 3792 86
510 3776 513 3784 .
677 3730 913 3799 bussoriptoribus3
929 3729 1071 3780 sedrerum
1086 3726 1148 3778 inda
1180 3753 1196 3763 -

172 3803 283 3869 Persae)
302 3801 342 3853 Cf.
359 3800 525 3863 Herodoti,
544 3800 602 3858 14o
676 3800 791 3861 tionem,
808 3797 1026 3865 disquisitionem,
1042 3796 1080 3846 ita
1092 3804 1122 3846 ut
1136 3811 1153 3860 p
1165 3810 1197 3844 a·

176 3870 228 3918 Ma
248 3871 335 3932 orum)
352 3869 391 3920 cf.
408 3867 505 3920 Herod.
514 3867 533 3917 l.
542 3885 564 3918 c.
578 3866 643 3918 Plu·
677 3884 710 3918 nc
723 3863 1110 3935 respondeatgraecoaocabulo
1125 3861 1197 3914 ἱστο-

118 3936 215 3997 radat
258 3937 349 3988 aviaica
365 3936 438 3988 adh.
455 3936 473 3986 i.
677 3934 748 4054 qtae.
781 3935 877 3985 Eadem
885 3933 940 3983 fere
951 3930 1137 3998 significatione
1146 3944 1196 3988 uox

73 4044 75 4049 -
170 4006 206 4056 In
221 4005 379 4074 Hyrcania)
410 4005 449 4055 Gi.
465 4002 553 4059 silium
568 4000 644 4053 Itali-
696 4002 810 4053 istoriae
829 4000 920 4052 induta
931 3998 1059 4068 reperitur
1071 3996 1104 4048 ad
1115 3993 1195 4073 attic.
1272 4053 1274 4056 y

120 4088 179 4123 curn
191 4073 273 4133 XIII,
299 4073 358 4130 437.
379 4081 407 4122 et
421 4088 487 4140 quae
501 4070 552 4122 alia
563 4069 645 4122 Davi·
676 4073 750 4129 tres.
790 4068 818 4120 Si
838 4068 900 4138 quid
920 4068 948 4118 in
968 4085 999 4118 ea
1018 4061 1127 4139 epistola
1142 4061 1197 4138 ‚faut

121 4139 173 4191 siue
188 4140 287 4192 attulit.
302 4140 365 4190 Mox
373 4153 421 4207 pro
435 4138 555 4209 publicos
563 4143 644 4189 Bent-
679 4137 795 4190 historia
815 4137 922 4204 dignum
937 4133 980 4201 (lu
1000 4150 1026 4184 e.
1050 4142 1204 4200 cognitione
