2640 4626
540 197 669 249 nrorn
684 190 729 249 tv.
748 203 788 257 17.
1133 188 1197 256 279

122 315 240 388 vitium
265 313 392 386 nullum
415 331 480 402 est,
506 343 574 387 nou
598 343 716 415 parere
735 316 880 390 rationi?
904 345 946 389 an
970 318 1055 390 ratio
1076 344 1196 417 parum

120 416 305 519 praecipit,
329 445 390 489 nec
409 417 534 489 bonum
552 416 634 490 illud
652 445 742 506 esse,
768 419 859 518 quod
878 436 933 492 aut
947 419 1061 519 cupias
1077 420 1195 493 arden-

120 538 188 608 ter,
215 536 271 592 aut
298 519 438 619 adeptus
454 520 571 592 elleras
587 536 618 592 te
638 517 843 594 insolenter?
868 550 929 596 nee
944 549 1046 621 porro
1061 521 1195 609 malum,

121 651 190 723 quo
228 638 284 697 ant
304 648 484 721 oppressus
510 623 636 709 iaceas,
668 639 744 711 aut,
778 652 821 697 ne
843 624 1053 724 opprimere,
1085 641 1195 697 mente

118 726 177 799 vir
201 726 354 798 constes?
388 752 490 823 eaque
518 725 628 796 omnia
651 741 707 798 aot
737 724 838 799 nimis
863 727 988 813 tristia,
1015 742 1071 799 aut
1094 726 1194 798 nimis

119 828 218 914 laeta,
244 853 355 900 errore
369 825 463 899 lieri?
488 827 545 925 qui
565 826 593 899 si
610 855 703 901 error
721 827 828 901 stultis
845 844 1036 902 extenuetur
1052 828 1124 914 die,
1141 844 1196 921 ut,

121 959 227 1030 quum
250 957 303 1001 res
327 928 441 1002 eadem
466 946 612 1015 maneat,
639 928 732 1003 aliter
752 929 858 1004 ferant
880 931 1075 1018 inveterata,
1102 929 1197 1003 aliter

119 1031 287 1107 recentia:
316 1031 475 1130 sapientis
494 1060 537 1105 ne
555 1031 693 1130 attingat
707 1030 842 1132 quidem
858 1034 1004 1106 omnino.
1054 1038 1112 1112 40.
1137 1033 1195 1105 Et-

121 1135 213 1210 enim
239 1133 313 1233 quis
329 1133 463 1206 tandem
483 1133 545 1208 erit
562 1133 681 1206 modos
697 1134 783 1209 iste?
808 1163 1003 1235 quaeramus
1018 1134 1106 1208 enim
1122 1163 1195 1207 mo-

120 1238 205 1311 dum
239 1235 476 1334 aegritudinis,
509 1236 542 1307 in
578 1247 671 1335 qua*1
708 1264 828 1335 operae
848 1236 1028 1336 plurimum
1051 1235 1195 1337 ponitur.

120 1340 239 1437 Aegre·
257 1337 371 1411 tulisse
393 1339 429 1410 P.
454 1337 628 1437 Rupilium
645 1345 662 1387 2
681 1337 792 1411 fratris
806 1338 972 1439 repulsam
995 1336 1195 1427 consulatus,

193 1529 207 1584 1
226 1525 258 1574 V.
276 1523 342 1573 Ado.
375 1530 393 1581 2
408 1525 488 1575 Recte
503 1523 541 1574 sic
550 1525 595 1575 W.
614 1525 647 1576 de
661 1496 732 1575 Man.
749 1525 885 1576 sententia.
905 1527 965 1579 Ern-
985 1541 1006 1575 c.
1024 1524 1093 1592 vulg.
1111 1524 1195 1574 Ruti-

121 1591 207 1655 lium‚
225 1602 252 1642 et
271 1591 308 1642 sic
323 1590 403 1643 Codd.
418 1592 484 1651 noti.
502 1593 533 1643 V.
550 1592 606 1643 lod.
624 1591 687 1643 hist.
704 1613 725 1644 s.
742 1610 768 1642 v.
784 1593 877 1663 Rupit.

175 1715 219 1768 39.
246 1726 283 1759 on
299 1710 370 1759 ratio
387 1727 484 1778 porum
517 1710 643 1779 reaccipit)
677 1711 733 1778 ple:
755 1723 786 1761 at
804 1727 856 1759 non
872 1707 963 1778 focile
979 1725 1135 1779 possumus5
1155 1718 1196 1758 est

122 1780 160 1831 H.
176 1797 198 1828 e.
216 1772 308 1827 Nonne
321 1776 388 1826 ratio
404 1778 466 1828 satis
483 1728 551 1827 cline
566 1795 645 1844 prae-
676 1778 755 1829 enim.
774 1779 840 1828 Hine
855 1777 1012 1844 intelligitur,
1021 1794 1095 1844 quarn
1102 1776 1196 1828 incoo-

123 1844 209 1915 cipit?
228 1847 329 1894 Porum
342 1861 439 1911 semper
453 1844 579 1911 siguificat
593 1863 644 1897 no·
676 1845 787 1896 siderate
809 1862 851 1896 sae
870 1863 885 1895 e
907 1846 962 1896 VV.
978 1846 1034 1895 lto.
1054 1842 1195 1912 particulae

122 1924 208 1966 strum
225 1930 258 1961 zu
273 1913 371 1982 wenig,
388 1912 414 1962 h.
424 1930 445 1962 e.
462 1912 553 1974 minus,
570 1931 645 1981 quam
677 1915 747 1964 enim
760 1913 811 1963 vim
827 1864 1010 1963 adiersativam
1026 1906 1195 1972 attribuerint,

124 1980 190 2032 satis
215 1989 268 2041 est,
295 1997 370 2046 quam
391 1979 471 2042 velis,
495 1996 550 2031 non
573 1981 644 2039 satis,
676 1998 782 2048 eamque
801 1978 961 2047 interpretati
985 1978 1037 2028 sint
1058 1995 1105 2046 per
1124 1995 1195 2037 vero,

122 2064 256 2115 nunquam
269 2046 419 2114 simpliciter
432 2048 535 2118 wenig,
553 2065 604 2114 qua
620 2047 645 2097 vi
678 2061 772 2108 aurem,
785 2048 832 2108 uti,
847 2057 876 2096 ut
891 2046 955 2097 alios
968 2047 1093 2104 omittam,
1103 2044 1196 2095 Ruhn-

124 2114 283 2167 recentiores
297 2131 374 2182 saepe
388 2112 438 2165 hae
454 2132 518 2165 voco
530 2124 644 2176 utuntur,
677 2118 736 2167 ken.
754 2115 780 2165 in
794 2115 889 2164 Dictat.
905 2114 938 2164 ad
952 2114 1058 2163 Terent.
1073 2112 1152 2164 Andr.
1161 2113 1194 2164 V.

125 2182 320 2252 opponiturque
329 2181 387 2232 voci
397 2183 515 2245 nimium,
528 2182 566 2232 uti
575 2191 645 2232 reete
680 2188 703 2245 1,
724 2185 747 2240 4.
773 2182 811 2232 Cl'.
832 2181 975 2233 llamshorn
996 2183 1055 2231 Lot.
1080 2183 1197 2230 Gramm.

124 2259 217 2303 monet
231 2249 345 2311 Dchsner
359 2249 377 2300 l.
394 2251 419 2300 d.
453 2251 495 2301 sic
520 2268 595 2318 supra
613 2250 645 2299 11.
679 2255 700 2320 ᾗ.
720 2254 777 2308 187.
791 2267 816 2317 p.
834 2252 937 2307 565.-
955 2247 1030 2312 Quod
1046 2258 1130 2299 nutem
1145 2264 1197 2297 uc-

125 2326 160 2381 7,
180 2322 220 2375 17.
244 2335 276 2367 an
292 2335 381 2383 parum
398 2327 451 2380 est,
468 2317 490 2367 si
506 2335 558 2369 non
574 2335 646 2366 ama-f
679 2328 731 2368 stro
748 2317 806 2366 loco
823 2314 873 2366 non
888 2317 966 2377 enim,
980 2316 1026 2366 sed
1041 2317 1138 2368 etenim
1145 2332 1197 2383 po-

125 2402 194 2438 rum·
218 2386 250 2435 V.
273 2388 321 2447 37,
341 2389 397 2443 107.
421 2402 542 2452 parumne
566 2384 647 2434 multa
679 2386 756 2436 situm
778 2393 824 2445 est,
845 2383 873 2432 id
887 2394 1024 2452 propterea
1041 2384 1197 2443 factumest,

126 2455 163 2507 de
187 2452 322 2503 toleranda
346 2462 496 2521 paupertate
521 2452 646 2502 dicuntur.
698 2452 749 2503 uod
762 2452 859 2501 etenim
873 2447 1197 2503 uonsoluminservitred-

127 2521 205 2572 Offic.
228 2520 256 2582 l,
278 2525 322 2578 25.
355 2519 557 2570 mediocritatem
578 2519 648 2569 illam
681 2471 779 2570 deodate
791 2518 886 2568 rationi
902 2519 1078 2586 praecedentis
1092 2527 1197 2569 senten-

126 2587 245 2648 tenebit,
271 2605 335 2654 quae
358 2598 397 2638 est
414 2589 481 2638 inter
497 2589 605 2638 nimium
622 2596 649 2636 et
681 2587 742 2649 tiae,
758 2586 804 2637 sed
813 2586 957 2639 adiunctam
969 2585 1046 2636 etiam
1060 2584 1197 2636 habetvim

123 2673 251 2727 porum.
277 2657 309 2706 V.
334 2656 484 2707 Grotefend.
509 2659 648 2706 Commeat.
682 2654 859 2722 copulativam.
872 2655 930 2717 ¹Est
943 2671 1060 2720 graecum
1074 2652 1121 2705 nol
1135 2650 1197 2717 γάρ.

128 2724 157 2774 d·
175 2742 203 2790 p·
219 2725 277 2780 276·
295 2740 334 2789 sq·
731 2722 761 2772 in
775 2722 937 2790 qudoperae)
951 2721 992 2770 Sic
1005 2725 1067 2778 le.
1079 2724 1109 2769 A.
1118 2720 1150 2768 V.
1160 2718 1197 2767 M.

183 2808 217 2839 ne
231 2791 393 2858 opprimere)
410 2791 443 2839 H.
453 2806 475 2840 e.
492 2799 544 2853 ant,
562 2791 583 2841 si
596 2807 649 2840 non
682 2792 712 2841 L.
728 2789 810 2840 Geblr.
833 2788 957 2853 Davisius.
976 2788 1082 2841 Orellins
1098 2787 1134 2837 sie
1150 2803 1198 2834 ex-

129 2857 284 2927 opprimare,
302 2867 371 2908 certe
383 2867 469 2906 mente
483 2859 526 2908 vix
540 2868 649 2908 constes.
700 2858 774 2907 licat:
790 2857 817 2906 in
832 2875 880 2924 qua
895 2854 1050 2923 aegritudine
1056 2853 1200 2922 pellendae

129 2925 331 2977 Coniunctiones
353 2938 381 2975 ut
401 2935 428 2974 et
448 2943 482 2975 ne
501 2944 577 2993 saepe
599 2925 650 2975 vim
681 2877 855 2991 lampatetieis
877 2933 925 2974 cet.
950 2922 1078 2973 Ernestius
1096 2938 1152 2972 cnm
1169 2921 1198 2968 P.

129 2991 306 3045 concessivam
329 2992 433 3044 habent.
478 2994 520 3043 stc
536 3011 611 3060 supra
628 2994 647 3040 Ι.
682 2995 710 3043 Β.
728 2996 752 3041 S.
766 2994 794 3042 F..
810 2992 837 3040 C.
860 2991 926 3040 Lali.
944 3001 971 3040 et
986 2990 1099 3057 pluribus
1119 2987 1198 3039 Codd.

128 3065 181 3120 21.
200 3061 242 3117 49·
272 3063 308 3110 Ut
324 3060 448 3110 rationem
464 3061 538 3110 Plato
555 3060 651 3110 nullam
683 3059 778 3110 edidit:
795 3059 826 3108 in
845 3076 901 3127 quo.
919 3060 1007 3117 Recte,
1025 3057 1124 3124 opinor.
1142 3058 1200 3106 Vo-

130 3128 254 3188 afferret,
286 3128 372 3193 (vide,
396 3127 457 3195 quid
480 3127 578 3178 homini
600 3127 651 3178 tri-
683 3127 732 3178 luit
747 3125 813 3175 enim
828 3126 968 3192 significare
982 3124 1079 3186 Cicero,
1094 3123 1200 3191 Peripa-

130 3195 650 3262 buam),ipsaauctoritatemefrangeret.
682 3194 775 3246 teticos
789 3194 815 3245 in
830 3190 960 3245 illooiodo
974 3192 1201 3259 aegritudinissta—

132 3266 168 3317 11.
179 3268 206 3323 5,
217 3263 256 3321 14.
273 3279 305 3312 ne
314 3262 348 3314 sit
361 3280 551 3314 sanesummum
558 3263 652 3312 mulum
683 3260 779 3315 tuendo
793 3278 885 3329 operae
899 3260 1034 3328 plurimum
1047 3262 1157 3328 ponere.

131 3330 225 3391 dolor3
242 3330 336 3381 malum
358 3339 429 3380 certe
443 3341 490 3381 est.
511 3333 542 3380 V.
558 3333 652 3380 Rame-
733 3333 823 3398 Aegre
837 3324 1202 3394 tulisse)ArgumentaterrCi-

130 3398 210 3449 horn.
235 3401 296 3453 Lot.
315 3400 431 3449 Gromm.
449 3401 535 3468 §.191.
550 3415 576 3464 p.
591 3400 650 3454 596·
684 3414 743 3449 earo
759 3396 809 3446 hoc
825 3397 878 3447 fere
893 3396 982 3446 modo:
998 3397 1057 3456 Fac,
1065 3393 1203 3460 Rupilium,

137 3514 141 3521 .
187 3464 240 3529 die)
265 3467 299 3515 H.
316 3483 338 3515 e.
360 3466 481 3533 temporis
503 3460 653 3531 longinqui·
685 3481 762 3533 quum
782 3464 834 3513 eius
854 3464 932 3513 frater
953 3463 1079 3529 repulsam
1095 3459 1204 3519 tulisset,

133 3544 201 3585 tote.
235 3535 267 3584 V.
282 3533 412 3584 Adnotatu
427 3532 454 3583 in
469 3535 512 3582 111.
528 3537 576 3594 30,
594 3532 634 3588 74.
685 3530 839 3582 moderatius
859 3549 886 3579 se
902 3529 1015 3594 gessisse,
1033 3528 1123 3578 eodem
1136 3537 1205 3576 tem-

187 3603 228 3658 4ο.
239 3602 351 3667 Etenim)
362 3600 418 3650 Nos
427 3600 578 3651 diceremus:
595 3599 654 3666 quis
685 3616 747 3668 pore
762 3608 844 3649 autem
851 3597 912 3647 alias
921 3596 1085 3656 calamitates,
1094 3604 1125 3644 ut
1135 3610 1206 3643 mor-

135 3670 359 3721 outemeritcett.
379 3667 429 3718 Sed
437 3667 572 3735 scriptores
581 3665 654 3717 latini
685 3677 738 3717 tem
752 3666 888 3715 liberorum
904 3663 943 3713 illi
958 3663 1106 3720 accessisse3
1120 3678 1207 3712 nonne
1288 3718 1296 3730 κ

134 3753 213 3802 saepe
224 3737 293 3785 enim
299 3735 336 3785 ita
343 3746 450 3802 ponunt,
464 3744 493 3784 ut
501 3743 584 3784 mente
592 3751 655 3800 sup-
687 3733 850 3800 aegritudinis
859 3733 1026 3798 magnafacta
1040 3740 1106 3781 esset
1119 3747 1207 3780 acces-

135 3805 239 3872 pleatur
256 3802 408 3864 enunciatio,
428 3819 492 3869 quae
514 3801 656 3851 sententiae
687 3801 746 3853 rio?
764 3801 873 3851 Ubinam
886 3817 947 3866 ergo
961 3799 1049 3850 fnisset
1064 3799 1153 3849 modus
1165 3815 1209 3847 sen

136 3870 301 3923 antecedenti
324 3870 442 3937 opposita
462 3878 508 3919 est.
537 3868 575 3918 Cf.
589 3869 657 3919 infra
688 3868 828 3920 terminus?
851 3869 944 3919 Nonne
959 3868 986 3917 in
998 3867 1088 3917 maiori
1101 3864 1209 3917 catami-

136 3941 170 3991 V.
192 3943 232 4000 16,
247 3939 290 3997 48.
306 3938 338 3988 de
353 3937 425 3987 offic.
438 3941 459 3987 1.
473 3941 498 3999 9,
512 3941 555 3994 30.
573 3936 657 3999 facile,
690 3947 746 3988 tate
766 3937 843 3989 ctiam
865 3935 975 4002 graviori
995 3953 1051 3985 enm
1066 3933 1146 4000 premi
1157 3950 1208 3987 ‚ne-

138 4007 210 4075 quod
224 4006 344 4073 cuiusque
359 4004 481 4072 temporis
498 4003 609 4058 officium
618 4004 659 4064 sit,
693 4020 761 4055 cesse
776 4014 831 4053 erat
844 4002 1018 4068 aegritudine?
1034 4004 1101 4068 Ergo
1119 4001 1209 4051 obsur-

137 4074 295 4143 poterimus,
316 4073 365 4123 nisi
382 4072 565 4139 nosmetipsos
586 4072 661 4125 valde
693 4072 753 4122 dmn
768 4082 806 4123 est
817 4108 837 4132 ,.
848 4071 951 4122 modom
966 4070 993 4120 in
1007 4065 1211 4137 perturbationi-

137 4142 287 4203 amabimos,
301 4141 421 4191 iudicare.
444 4142 490 4191 Est
505 4141 575 4189 enim
591 4139 662 4189 diffi-
693 4142 741 4191 bos
758 4139 912 4189 constituere
923 4138 998 4188 velle.
1015 4135 1211 4188 Naida-Ge-

141 4211 197 4262 cilis
207 4228 268 4260 cura
282 4226 365 4259 rerum
380 4208 533 4263 alienorum:
548 4200 664 4277 ubisupl
695 4218 778 4259 terum
794 4206 826 4257 dc
838 4204 937 4275 duplici
951 4205 1084 4272 genitiuo,
1101 4202 1152 4252 nni.
1160 4219 1217 4251 no-
