2640 4626
464 216 725 267 ruonuoouaru.
1043 266 1046 273 .
1088 204 1132 274 23

54 348 117 413 est3
140 340 238 397 omnis
257 339 335 397 eninr
355 338 448 401 animi
465 337 655 417 perturbatio
672 337 788 396 insania
806 346 865 413 est,
897 337 1058 416 aegritudo-
1071 356 1129 399 an·
1177 400 1180 406 ,
1212 363 1215 368 ·

52 451 116 501 tem
132 441 224 500 animi
240 441 429 519 perturbatio
445 449 503 500 eat:
525 440 643 518 sapiens
655 439 764 518 igitur,
787 440 839 517 qui
854 440 1042 516 aegritudine
1055 460 1129 520 pre-

53 543 166 618 mitur,
188 543 310 601 insanit.¹
324 572 366 587 ·
409 541 643 620 Subiunguntur
657 542 803 622 quaedam
821 541 858 602 de
874 541 908 601 vi
923 542 1016 601 latini
1028 543 1129 602 nomi·

54 645 104 703 nis
123 647 273 703 insaniae.
317 643 418 703 Latini
437 645 515 703 euim
535 664 654 702 omnem
670 643 764 703 animi
782 643 985 720 affectionem,
1016 644 1130 704 lumine

54 745 165 805 mentis
187 755 353 821 carentem,
381 746 545 822 insaniam,
567 745 743 822 amentiam,
766 745 948 805 dementiam-
966 745 1129 825 appellant,

55 858 85 908 et
101 847 230 926 proinde
247 868 310 906 eam
324 858 481 908 removent
496 870 512 906 a
530 847 671 926 sapiente.
715 848 937 926 Comparantur
951 868 1055 926 graeca
1069 866 1129 908 no·

55 949 138 1008 mina
159 955 262 1022 parier
279 959 309 1008 et
325 954 513 1025 aelamitae.
538 970 562 1007 c.
580 947 610 1016 4.
628 950 658 1016 5.

143 1050 294 1122 Quoniam
318 1057 427 1106 natura
449 1049 511 1121 fere
530 1049 563 1107 in
584 1051 691 1109 animis
712 1059 850 1110 tenerum
875 1050 1019 1129 quiddam
1041 1061 1146 1128 atque«

56 1152 150 1210 molle
171 1159 231 1227 est,
262 1151 344 1229 quod
367 1150 555 1228 aegritudine
581 1152 749 1229 quatiatur:
776 1152 864 1212 facile
880 1152 1072 1227 inducimur,
1093 1161 1130 1210 ut

56 1241 277 1327 existimemus,
306 1252 523 1330 aegritudinem
542 1253 575 1311 in
595 1253 760 1331 sapientem
779 1253 891 1313 cadere.
937 1254 976 1312 Aa
991 1253 1129 1332 philoso-

54 1354 147 1434 phiae
160 1355 350 1433 propositum
364 1375 426 1413 esse
441 1353 538 1431 debet,
560 1364 596 1413 ut
611 1375 730 1414 omnem
743 1355 981 1416 imbecillitatem
996 1365 1130 1414 nostram

55 1466 147 1533 atque
180 1456 402 1522 mollitudinem
431 1457 592 1535 exstirpet,
630 1456 804 1534 animosque
836 1456 975 1516 omnibus
1002 1457 1129 1515 miseriis

55 1559 173 1616 liberet.
196 1578 221 1616 c.
241 1560 271 1626 6.
314 1558 420 1634 ltaque
437 1558 542 1616 Cicero
557 1559 656 1636 primo
672 1559 841 1617 Stoicorum
858 1558 1040 1636 argumentis
1056 1559 1128 1616 bre-

54 1660 137 1718 viter
156 1658 311 1719 adstrictis·
325 1659 529 1718 demonstrare
547 1671 691 1736 conatur,
711 1661 744 1719 in
764 1661 928 1740 sapientem
945 1659 1051 1719 cadere
1066 1679 1128 1717 non

55 1783 143 1841 posse
165 1761 391 1838 aegritudinem.
445 1759 448 1766 ’

142 1861 171 1945 a)
193 1867 305 1922 Prima
322 1868 561 1944 argumentatia
606 1864 699 1922 Nemo
720 1872 765 1922 est
782 1864 917 1942 sapiens,
945 1864 1005 1922 nisi
1025 1863 1126 1921 sortis:

56 1966 213 2044 aegritudo
235 1973 336 2023 autem
357 1974 510 2044 repugnat
529 1965 719 2024 fortitudini:
749 1987 812 2024 non
832 1964 913 2025 cadit
935 1962 1004 2042 ergo
1024 1965 1058 2023 in
1078 1986 1127 2023 sa-

55 2071 190 2147 pientem
207 2067 373 2144 aegritudo.
398 2089 422 2126 c.
442 2069 469 2134 7.
492 2065 518 2140 §.
539 2065 586 2133 14.
607 2069 655 2134 15.

140 2166 174 2248 b)
205 2169 316 2228 Altera
342 2173 579 2248 argumentatio.
631 2169 780 2246 Sapientis
805 2170 922 2228 animus
944 2171 987 2227 ita
1013 2187 1129 2246 semper

56 2272 182 2330 affectus
208 2282 267 2345 est,
297 2279 333 2328 ut
353 2271 473 2328 ratione
493 2269 742 2348 optimeutatur:
773 2289 929 2348 nunquam
945 2271 1040 2348 igitur
1055 2289 1128 2348 per-

56 2375 197 2432 turbatus
218 2382 278 2448 est3
307 2382 339 2431 at
355 2371 512 2451 aegritudo
530 2372 719 2450 perturbatio
739 2381 785 2431 est
799 2372 907 2431 animi:
937 2391 1054 2449 semper
1069 2370 1128 2446 igi-

55 2485 110 2534 tur
131 2496 164 2534 ea
186 2475 303 2554 sapiens
324 2474 453 2535 vacabit.
476 2473 502 2549 §.
523 2475 570 2541 15.
594 2483 670 2532 eutr.

142 2573 171 2654 c)
202 2579 303 2634 Tertia
326 2580 564 2656 argumentatio.
617 2576 741 2655 Sapiens
764 2574 935 2633 moderatus
959 2584 989 2632 et
1013 2582 1129 2651 tempe-

55 2700 128 2738 rans
157 2687 187 2736 et
214 2688 354 2737 constans
383 2686 414 2739 et
443 2677 562 2754 quietus
592 2687 643 2736 est.
697 2676 805 2736 Aberit
830 2677 924 2754 igitur
952 2688 969 2733 a
997 2674 1130 2753 sapiente

57 2779 224 2858 aegritudo.
248 2800 272 2838 c.
290 2782 320 2846 8.
1018 2843 1019 2849 ¹

142 2878 175 2961 d)
204 2882 325 2958 Quarta
349 2885 586 2960 argumentatio.
642 2880 765 2958 Sapiens
794 2900 951 2957 nunquam
977 2876 1128 2936 irascitur.

56 2968 88 3043 Si
110 2993 209 3042 autem
229 2983 350 3041 caderet
368 2982 402 3040 in
421 2983 585 3061 sapientem
605 2983 778 3059 aegritudo,
812 2981 932 3041 caderet
953 2981 1042 3039 etiam
1065 2980 1129 3037 ira-

56 3084 184 3145 cundia:
215 3105 275 3163 qna
300 3084 442 3162 quoniam
465 3094 571 3159 vacat,
590 3084 781 3161 'aegritudine
797 3084 887 3142 etiam
905 3083 1034 3142 vacabit.
1057 3102 1082 3139 c.
1099 3083 1128 3147 9.

56 3181 164 3265 §m

142 3286 170 3369 e)
199 3290 316 3366 Quinta
338 3291 575 3367 argumentatio.
620 3287 744 3365 Sapiens
764 3285 972 3345 misericordia
995 3295 1025 3343 et
1045 3283 1129 3341 invi-
1163 3305 1167 3312 ‘

57 3392 159 3452 dentia
176 3399 283 3464 vacat3
306 3389 332 3448 si
350 3392 422 3449 vero
440 3388 557 3466 sapiens
575 3389 609 3446 in
628 3387 846 3466 aegritudinem
864 3386 998 3446 incidere
1020 3392 1129 3463 posset,

55 3503 160 3575 posset
177 3494 266 3552 etiam
283 3492 318 3550 in
333 3489 600 3565 misericordiam,¹
617 3509 692 3567 quae
711 3500 756 3549 est
777 3488 933 3566 aegritudo
952 3509 989 3545 ex
1007 3486 1131 3544 alterius

55 3599 149 3656 rebus
166 3594 317 3668 adversis,
340 3603 371 3652 et
384 3593 417 3650 in
432 3591 648 3666 invidentiam,
671 3611 746 3670 quae
764 3601 809 3650 est
824 3588 979 3668 aegritudo
998 3610 1036 3647 ex
1053 3588 1130 3648 alte-

10 3666 22 3689 ί
55 3699 122 3759 rius
145 3697 236 3767 rebus
259 3694 414 3754 secundis:
444 3694 528 3752 abest
548 3713 629 3770 ergo„
643 3716 660 3751 a
682 3693 815 3772 sapiente
838 3691 1002 3770 aegritudo.
1033 3692 1059 3768 §.
1079 3695 1129 3759 90.

56 3797 269 3872 afflbss

148 3986 187 4045 B..
224 3985 340 4043 LATIOR
363 4003 471 4042 Torlus
492 4004 530 4042 m:
552 4003 755 4042 Anunlrunntr.
776 4003 847 4040 nocl
868 4001 1038 4043 nxrosluro.

141 4103 382 4162 HiaStoicorum
397 4114 480 4166 more
497 4103 665 4162 contortius
682 4101 842 4175 conclusis,
865 4111 964 4159 totum
980 4101 1017 4159 de
1033 4082 1131 4175 aegri-¹

54 4206 165 4267 tudine
185 4205 287 4264 locum
305 4205 397 4263 latius
417 4214 447 4263 et
466 4204 606 4264 diffusius
623 4205 785 4283 explanare
801 4213 832 4262 et
843 4203 1004 4262 ‘illustrare
1025 4219 1131 4279 aggre-
1189 4252 1192 4259 .
