2640 4626
117 205 161 273 30
275 168 278 175 Ι
526 211 787 262 PROLEGOMENA·

120 348 163 397 tes
179 343 268 407 sunt,
292 341 345 391 aut
370 332 499 393 suturae.
544 333 624 410 Ergo
642 342 787 410 quattuor
801 341 873 391 sunt
889 332 1127 410 perturbationis
1144 353 1198 410 ge-

119 459 201 497 nera.
244 435 321 494 Nam

553 585 748 644 Perturbatio

599 685 719 746 exsistit

320 785 999 838 βψ

221 848 265 889 aut
282 855 313 887 ex
332 837 453 904 opinione
470 839 533 888 boni
787 849 832 889 aut
849 856 881 888 ex
898 838 1017 904 opinione
1030 836 1094 899 ¹mali

128 916 626 949 rw
684 916 1190 949 rw

121 978 152 1011 cx
169 959 236 1027 opin.
256 977 378 1026 praesen·
413 977 442 1009 ex
467 961 536 1027 opin.
556 961 635 1012 futuri
681 977 713 1010 ex
731 959 801 1029 opin.
824 976 905 1026 praes.
969 974 1000 1009 ex
1018 977 1060 1026 op.
1082 959 1162 1007 futuri

194 1027 227 1077 tis
241 1027 303 1077 boni
492 1028 551 1078 boni
762 1025 822 1077 mali
1035 1025 1095 1075 mali

183 1097 311 1157 Laetitia,
467 1094 572 1158 Libido,
711 1094 869 1165 Aegritudo,
1015 1095 1112 1154 Metus,

122 1196 208 1264 opinio
220 1195 377 1247 recensboni
393 1196 479 1263 opinio
487 1212 576 1247 recens
588 1197 650 1248 boni
664 1196 750 1264 opinio
759 1211 846 1246 recens
860 1195 920 1245 mali
937 1195 1023 1261 opinio
1033 1195 1112 1244 futuri
1126 1196 1195 1258 mali,

120 1265 269 1332 praesentis,
285 1264 376 1332 inquo
392 1265 479 1314 futuri.
491 1261 650 1332 (ἐπιδημία,
663 1263 810 1331 praesentis,
826 1264 853 1312 in
870 1280 920 1330 qno
937 1263 1007 1329 quod
1032 1263 1196 1314 intolerabile

122 1332 207 1383 efferri
224 1342 320 1382 rectum
335 1332 376 1381 vi·
395 1331 493 1400 ἄλογος
527 1331 648 1399 έπαρσις,
664 1331 764 1382 demitti
788 1331 921 1381 contrahi·
936 1330 1059 1381 videatur.
1077 1332 1193 1400 (φόβος,

121 1400 217 1451 dentur.
277 1400 376 1468 (ἡδο-
392 1402 480 1465 Luat.)
538 1401 650 1451 Libidini
664 1417 712 1468 que
726 1399 810 1449 animo
823 1407 920 1448 rectum
936 1399 1092 1463 προςδοκία
1145 1417 1193 1451 κα·

120 1467 165 1538 νή,
184 1466 282 1536 ἀλογος
291 1467 377 1536 inuo—
393 1468 532 1534 opponitur
546 1479 575 1518 ut
585 1486 649 1519 con·
662 1468 786 1518 videatur.
812 1465 919 1584 ἑλύπη,
935 1466 997 1528 κού,
1006 1466 1125 1533 Furcln.)
1135 1469 1195 1517 Me-

119 1551 180 1602 σις,
205 1555 253 1586 ons
274 1536 376 1585 classe·
392 1535 487 1585 stantia
511 1536 648 1598 Voluntas,
661 1532 778 1601 συστολὴ
832 1538 919 1600 λογος,
935 1533 973 1583 tui
1002 1534 1143 1601 opponitur
1166 1545 1195 1584 ut

120 1621 155 1654 ne
170 1602 245 1654 Fro'it
256 1604 376 1670 icltlteit.)
393 1620 455 1669 quae
468 1603 528 1670 quid
538 1621 594 1653 cum
604 1621 648 1653 ra·
663 1602 896 1667 Bekimmernias.)
936 1603 1080 1659 constantia
1089 1604 1194 1664 Cautio,

120 1672 248 1723 Laetitiae
265 1671 378 1738 opponi·
392 1671 463 1721 tione
521 1671 648 1721 desiderat
661 1670 820 1738 Aegritudini
850 1670 920 1720 nulla
936 1669 1074 1720 declinatio
1083 1688 1141 1719 cum
1149 1689 1194 1720 ra-

119 1751 162 1790 tur
186 1750 215 1789 ut
233 1738 377 1789 constantia
394 1738 554 1805 (βούλησις,
573 1737 646 1791 adio·
664 1738 803 1806 opponitur
854 1737 1005 1787 con-tione
1037 1734 1193 1804 (idioticae,

87 1854 89 1867 ,
121 1808 253 1857 Gaudium
283 1805 379 1872 (χαρά,
394 1824 439 1869 yos
456 1805 554 1872 ὄρεξις,
573 1807 648 1856 Wil-
663 1807 765 1856 stantia.
936 1803 1046 1869 εὕλογος
1063 1803 1191 1866 ἔκκλισις,

120 1874 231 1941 εὔλογος
255 1871 378 1940 ἔπαρσις,
395 1873 438 1941 le).
574 1876 577 1883 '
938 1872 1079 1937 Vorsiclrt).

120 1941 243 2006 Frende.)
661 1938 664 1949 '

163 2132 326 2187 Laarrmn
443 2132 590 2188 Lrnrouus
680 2133 897 2189 Aaoarruornra
1006 2129 1111 2187 Marus

155 2211 250 2279 species
267 2221 339 2260 sunt:
421 2212 518 2280 species
532 2223 604 2262 sunt:
693 2213 790 2281 specics
808 2222 879 2262 suut:
965 2211 1061 2278 species
1079 2222 1151 2261 sunt:

170 2328 374 2390 Molz'volentia‚
428 2332 483 2391 Iro,
501 2331 580 2381 libido
597 2349 648 2398 pu·
696 2331 860 2391 Invidentia,
875 2347 920 2379 ae·
967 2330 1103 2397 Pigritia,
1135 2330 1193 2380 m'e-

122 2395 240 2464 voluptas
257 2415 288 2446 ex
309 2396 376 2447 malo
394 2397 649 2466 niendieius‚quiin-
664 2399 764 2464 gritudo
773 2408 877 2466 propter
884 2398 919 2446 al·
935 2407 975 2446 tus
1013 2399 1193 2463 consequentis

121 2465 225 2516 alterius
241 2465 295 2516 sine
305 2481 378 2515 emo·
393 2466 457 2517 iuria
472 2467 545 2517 laesit
560 2464 650 2533 (ἀργή,
663 2467 740 2516 terius
763 2484 803 2515 res
825 2483 918 2515 secun·
934 2464 1027 2515 laboris
1085 2464 1192 2529 (ὄκνος,

120 2534 232 2583 lumento
247 2550 292 2583 suo
302 2532 377 2599 (ἐπι-
395 2533 532 2600 ἐπιθυμία
540 2536 651 2600 τιμωρί·
664 2534 709 2583 das
724 2532 858 2600 (φθόνος,
875 2532 920 2585 λύ-
959 2534 1025 2600 ύβος
1039 2533 1193 2600 μελλούσης

120 2599 376 2721 χαιρεκακίαήδο-
396 2619 430 2661 ας
456 2604 506 2653 τοῦ
535 2602 645 2653 δοκούν-
664 2620 702 2667 πη
719 2597 746 2664 ἐξ
766 2602 917 2664 ἀλλοτρίων
934 2553 1070 2665 έύεργείας
1099 2602 1192 2670 'I'rog-

119 2667 154 2735 νὴ
183 2665 211 2719 u’
224 2667 380 2732 ἀλλοτρίοις
396 2687 444 2729 τος
488 2666 649 2735 ἠδικηκέναι
665 2669 790 2734 ἀγαθοῖν,
800 2669 895 2734 Neid).
933 2666 1192 2733 licit,Arbeitsclzen).

121 2739 236 2796 κακοῖς,
292 2734 377 2784 Scita-
397 2735 431 2788 ού
498 2735 648 2802 προςηκύν-
698 2736 853 2796 Aemulatio,
874 2754 921 2785 ac·
960 2735 1192 2802 Ριιιλονμιίσχύνη,

124 2803 292 2870 densreude).
391 2820 462 2863 τιος,
481 2803 569 2869 Ζονιι).
595 2805 650 2852 lrae
664 2803 919 2870 gritudosieo,quod
934 2806 1025 2918 uofoc
1065 2802 1192 2870 ἀδοξίας,

154 2871 310 2929 Delectatio,
325 2869 376 2919 vol.
394 2869 504 2937 species:
625 2870 629 2883 ’
665 2871 838 2938 concupierit,
857 2871 919 2920 alins
934 2873 967 2920 So
977 2871 1048 2936 ιαιιι).

123 2937 245 2988 suavitate
278 2936 377 2985 auditus
425 2939 456 3004 a)
505 2937 648 2986 Excande-
663 2941 783 3006 potiatur,
801 2939 855 3006 ipse
873 2956 918 2987 ca-
968 2941 1077 2998 Terror,
1108 2950 1191 2988 metus

86 3022 93 3037 ’
123 3004 232 3055 animum
250 3005 378 3054 deleniens
392 3007 512 3066 scentia,
536 3004 574 3055 ira
602 3023 650 3055 na·
662 3017 718 3057 reat
731 3007 829 3073 (ζῆλος,
844 3005 916 3071 λύπη
937 3005 1084 3055 concutiens
1124 3005 1192 3071 (ἐπί-

121 3073 258 3157 (κηλησις,
289 3069 376 3139 ἡδονὴ
391 3090 463 3123 scens
474 3083 500 3123 et
514 3072 591 3123 modo
601 3090 648 3122 ex·
663 3072 707 3126 ἐπλ
724 3075 762 3141 τῷ
780 3072 851 3144 ἄλλῳ
867 3092 918 3125 πα·
933 3074 1038 3138 ntuetr,
1057 3071 1151 3140 φόβος
1162 3073 1192 3126 ἐκ

122 3143 150 3192 δι
184 3137 262 3192 ὤτων
293 3158 377 3190 κατοι-
393 3141 484 3190 sistens
536 3140 647 3207 (θυμός,
681 3145 760 3202 εἶναι,
780 3135 818 3192 ἀν
834 3139 919 3200 αύτὸς
934 3140 1088 3206 φαντασίας
1107 3138 1191 3193 ἀσύν-

120 3209 251 3274 κηλοῦσα,
270 3208 373 3257 Entzzi-
393 3205 462 3274 ὀργὴ
498 3204 646 3275 ἀρχομένη,
662 3160 802 3274 irridenti,
822 3207 917 3278 Eifer-
932 3207 1024 3275 ήθοος
1058 3206 1188 3275 πράημα·

121 3277 208 3341 cisen).
390 3274 584 3394 Λαζιναὶέιιιις).
661 3275 756 3341 sucin).
931 3293 987 3334 τος.
1008 3274 1145 3341 δολιεελι).

170 3343 299 3404 Iactatio,
324 3341 375 3393 vol.
441 3344 579 3410 )Odium,
609 3342 647 3392 ira
696 3343 863 3404 Obtrectatio,
873 3360 919 3392 ae·
966 3344 1068 3402 Τιίιιον,
1108 3354 1192 3393 metus

120 3410 231 3478 gestiens
249 3419 275 3460 et
292 3428 319 3460 se
336 3410 377 3460 ei·
390 3411 530 3463 inveterata
546 3410 647 3477 (μῆνις,
661 3411 763 3479 gritudo
771 3428 800 3460 ex
808 3410 917 3477 eo,quod
932 3411 992 3460 mali
1047 3411 1191 3477 appropin-

120 3480 204 3530 t'erens
227 3477 376 3529 insolentius
392 3477 458 3547 ὀργὴ
491 3482 647 3533 πιποιλαιοο·
660 3480 833 3547 alterqnoque
866 3478 919 3528 oti-
932 3478 1032 3545 quantis
1087 3479 1191 3546 (δεῖμα,

121 3546 376 3614 (ΡναΙιΙενοι).Ρτοο-
391 3547 479 3614 μένη,
499 3547 591 3612 Hace).
660 3557 717 3598 atur
726 3566 765 3607 eo,
784 3498 915 3614 quodipse
931 3548 1021 3614 φόβος
1052 3543 1114 3605 δέος
1146 3543 1190 3612 έμ-

118 3625 160 3664 ter
173 3602 218 3664 hai
244 3616 376 3664 aZeuone
426 3615 448 3681 ο)
483 3615 646 3678 Inimicitiu,
659 3615 816 3682 concupierit
825 3614 915 3680 (ζηλο-
930 3615 1036 3676 ποιιδν,
1069 3617 1192 3683 Besorg-

119 3683 295 3733 nominantur:
311 3682 375 3746 Τέρ·
389 3682 645 3735 iraulcisoenditem-
657 3701 761 3740 πνπια,
780 3683 852 3748 λύπη
870 3678 915 3734 ἐπλ
931 3683 1012 3747 nisa).

119 3760 187 3816 φις.
231 3748 377 3816 προτροπὴ
390 3768 436 3818 pus
446 3751 580 3813 observans
591 3753 643 3818 (oi-
657 3749 915 3820 τῷάλλςοπαρεῖναι,
964 3752 1071 3809 Pavor,
1104 3760 1189 3798 metus

120 3819 170 3884 τῆς
181 3818 272 3884 ψυχῆς
289 3814 374 3869 tutet
389 3816 645 3887 σοςέπιθσμλοιπού
658 3815 732 3870 duni
751 3815 836 3878 αύτύς
851 3815 914 3885 ἔχει,
930 3826 1039 3866 mentem
1056 3817 1114 3866 loco
1130 3834 1181 3865 mo-

120 3885 265 3948 ἀνειμένον
282 3886 376 3955 (Hong
389 3889 479 3946 κακοῖς
493 3885 565 3941 εἶναί
578 3906 642 3950 τινι,
657 3887 729 3937 Miss
748 3894 831 3947 onst).
931 3902 991 3934 vens
1060 3887 1191 3950 (Βισαλτ-

120 3972 168 4003 zur
178 3953 374 4020 Sinnliclrlseit).
390 3955 565 4023 Rachsucht).
705 3904 914 4013 fisericordia,
930 3952 1019 4022 zung).

121 4021 263 4088 Διάχοοις,
276 4018 377 4074 ἀνάλο·
424 4024 453 4092 d)
483 4022 644 4085 Discordia,
657 4021 790 4088 aegritudo
817 4038 848 4071 ex
863 4020 913 4070 mi-
952 4020 1190 4079 Exanimatio,me·

119 4106 164 4151 σις
181 4087 280 4154 ἀρετῆς
302 4092 375 4158 (ln'e-
389 4092 426 4144 ira
442 4093 558 4145 acerbior
579 4089 644 4141 inti-
656 4090 722 4141 seria
742 4089 846 4142 alterius
869 4090 913 4139 in-
928 4098 968 4138 tus
990 4088 1145 4154 subsequens
1164 4098 1192 4136 et

122 4157 298 4220 derlichlseit,
317 4161 375 4210 κνύ-
388 4179 430 4212 mo
441 4162 518 4212 corde
526 4168 643 4226 suscepta
655 4156 720 4208 iuria
772 4156 911 4209 laborantis
927 4155 997 4223 quasi
1024 4172 1107 4206 comes
1140 4172 1188 4223 pa·

118 4237 174 4278 stes
190 4226 311 4296 Wesen).
388 4229 500 4296 (Groll).
654 4223 758 4292 (iisne,
784 4226 855 4294 λύπη
873 4222 911 4286 ds
926 4221 1190 4291 voriniymtant·
