2640 4626
123 152 188 223 336
368 156 650 211 Tusculanarum
664 156 947 211 ntsrurrrrorum

225 277 347 352 Xtht
399 274 494 373 Quid
524 303 603 373 ergo
619 291 676 348 aut
692 275 782 349 bunc
813 275 991 377 prohibet,
1015 276 1197 351 autetiam

125 387 347 457 Xenocratem
369 378 481 466 illum,
512 377 745 477 gravissimum
767 377 1071 479 pbilosophorum,¹
1099 408 1198 477 exag-

125 501 292 584 gerantem
314 498 486 582 tantopere
502 480 674 567 virtutem,
699 496 926 555 extenuantem
941 496 1049 555 cetera
1062 498 1097 555 et
1112 482 1198 555 abii-

126 588 283 673 cientem,
310 585 344 657 in
361 583 479 657 virtute
498 611 568 657 non
590 583 720 656 beatam
739 582 842 656 modo
866 582 985 670 vitam,
1010 584 1072 657 sed
1097 584 1196 659 etiam

124 689 350 765 beatissimam
367 687 514 786 ponere?
539 686 630 785 quod
645 684 779 786 quidem
794 685 860 758 nisi
879 684 934 774 fit,
958 685 1118 783 virtutum
1145 686 1197 759 in·

123 793 239 866 teritus
256 805 482 888 consequetur.
517 798 574 867 52.
587 788 673 863 Nam
689 787 725 859 in
739 815 835 886 quem
853 788 941 869 cadit
956 787 1144 887 aegritudo,
1160 789 1192 861 in
1221 791 1225 799 ’

125 895 266 968 eundem
282 908 407 965 metum
425 889 542 963 cadere
557 916 692 963 necesse
711 905 776 963 est:
802 906 852 963 est
870 889 957 965 enim
972 906 1082 964 metus
1106 890 1193 963 futu-

124 1025 180 1071 rae
198 993 415 1093 aegritudinis
432 990 572 1065 sollicita
587 991 795 1093 exspectatio.
826 992 862 1065 in
879 1020 977 1093 quem
999 1008 1112 1067 autem
1127 1020 1192 1067 me-

123 1116 188 1187 tus,
214 1098 249 1170 in
269 1096 408 1170 cundem
423 1094 579 1182 formido,
602 1094 775 1182 timiditas,
799 1122 912 1194 pavor,
937 1094 1089 1193 ignavia:
1116 1123 1191 1193 ergo

122 1218 160 1274 ut
175 1201 264 1273 idem
281 1198 431 1272 vincatur
448 1196 633 1286 interdum,
657 1223 719 1272 nec
736 1212 829 1298 putet
850 1196 895 1271 ad
918 1223 956 1271 se
979 1213 1190 1299 praeceptum

123 1302 206 1377 illud
219 1301 313 1375 Atrei
338 1298 513 1400 pertinere,

165 1422 295 1484 Proinde
315 1422 357 1481 ita
379 1430 487 1502 parent
507 1441 539 1481 se
558 1420 592 1479 in
613 1419 693 1497 rite,
714 1428 750 1481 ut
770 1418 854 1481 vinci
875 1420 1019 1481 nesciant

123 1522 188 1595 Hic
214 1536 321 1593 autem
349 1519 512 1607 vincetur,
547 1536 583 1591 ut
605 1518 692 1595 diri:
717 1547 779 1593 nec
800 1518 902 1591 modo
929 1504 1100 1605 vincetur,
1135 1517 1192 1591 sed

125 1624 223 1700 etiam
241 1622 367 1697 serviet.
392 1637 425 1692 at
449 1648 512 1694 nos
533 1620 686 1695 virtutem
711 1634 842 1722 semper
866 1620 1003 1694 liberam
1029 1620 1191 1707 volumus,

124 1752 256 1826 semper
270 1724 433 1796 invictam.
459 1750 542 1821 quae
560 1723 625 1796 nisi
640 1740 735 1812 sunt,
761 1722 889 1797 sublata
906 1723 1008 1797 virtus
1025 1739 1084 1797 est.
1138 1732 1191 1802 53.

123 1830 261 1927 Atque2
284 1825 312 1898 si
329 1827 365 1898 in
378 1825 496 1898 virtute
510 1825 589 1897 satis
610 1841 659 1898 est
673 1825 818 1925 praesidi
838 1826 882 1899 ad
903 1825 989 1899 bene
1005 1824 1192 1912 vivendum,

124 1929 204 2004 satis
222 1944 271 2001 est
287 1929 384 2001 etiam
402 1928 445 1999 ad
472 1927 574 2000 beate.
607 1926 758 2000 satis'est
783 1926 868 2001 enirn
894 1944 980 2003 certe
1002 1927 1037 1999 in
1063 1927 1192 2014 virtute,

123 2049 161 2105 ut
177 2028 307 2104 sortiter
324 2030 477 2103 vivamus.
515 2029 545 2102 si
562 2029 708 2118 fortiter,
733 2029 830 2103 etiam
854 2046 891 2103 ut
915 2056 1036 2127 magno
1062 2029 1191 2115 animo;

126 2151 158 2208 et
173 2133 308 2233 quidem
322 2130 461 2204 utnulla
479 2160 514 2205 re
532 2148 899 2231 umquamterreamur,
924 2158 1124 2231 semperque
1151 2132 1191 2203 si-

124 2263 198 2312 mus
212 2235 333 2308 invicti.
359 2233 525 2333 sequitur,
549 2251 586 2306 ut
599 2234 684 2307 nihil
705 2232 889 2335 poeniteat,
913 2233 997 2307 nibil
1018 2232 1119 2321 desit,
1144 2232 1191 2306 ni-

193 2442 213 2497 2
230 2436 272 2488 Sic
289 2439 315 2488 S.
329 2438 364 2491 D.
381 2435 414 2487 de
426 2435 509 2487 Bentl.
526 2434 642 2488 coui.·-
655 2437 714 2489 Em.
732 2454 755 2489 o.
772 2436 841 2504 vulg.
858 2438 942 2507 atqui.

122 2554 192 2607 modi
207 2564 274 2615 sunt,
294 2563 320 2603 et
334 2569 437 2620 eaquae
448 2563 508 2602 sunt
520 2552 559 2603 his
575 2571 641 2605 con·
673 2564 768 2616 rentur,
786 2554 969 2633 ineptissimum
982 2553 1040 2604 erit.
1063 2554 1191 2605 Bentleius

123 2622 210 2674 muria.
244 2620 363 2687 Corporis
381 2630 439 2670 sunt
455 2636 492 2682 ee,
510 2637 575 2687 queo
591 2639 641 2672 nu·
673 2623 804 2672 tentabat:
821 2622 980 2673 cllamunimi
989 2623 1111 2673 lancem:
1127 2621 1191 2690 quod

122 2701 180 2741 ture
197 2688 297 2757 corpori
313 2687 429 2737 attribuit
446 2688 593 2750 commoda,
611 2698 641 2738 ut
673 2688 774 2739 dicendi
787 2707 864 2754 genus
884 2689 979 2740 latinae
999 2689 1107 2756 linguae
1120 2690 1191 2757 inge-

123 2757 259 2817 velocitas,
277 2755 357 2815 vires,
376 2754 493 2820 dignitus,
512 2755 639 2816 valetudo,
674 2757 716 2807 nio
731 2756 832 2806 ridetur
845 2757 980 2807 adversari.

124 2837 150 2876 et
165 2842 229 2892 quoe
244 2821 370 2875 contrariu
386 2830 453 2870 sunt.
487 2821 570 2871 Animi
581 2831 640 2871 sunt
724 2824 873 2892 deprimat)
897 2825 962 2874 Mire
977 2824 1088 2884 dictum
1111 2824 1139 2875 iu
1153 2825 1193 2875 bi-

124 2910 162 2954 ea,
170 2909 234 2959 quac
241 2890 347 2940 consilio
356 2898 382 2938 et
390 2889 544 2953 cogitatione
553 2899 640 2939 nostra
673 2889 747 2941 lance
760 2892 825 2940 enim
842 2891 916 2953 lanx,
932 2891 959 2941 in
974 2909 1023 2959 que
1038 2902 1101 2942 sunt
1111 2893 1192 2943 levio-

123 2968 249 3019 constnut,
267 2956 445 3023 utprudentiu,
462 2956 566 3017 iustitie,
583 2956 639 3005 sor·
672 2976 717 3021 ra,
743 2975 796 3008 non
821 2958 985 3026 deprimitur,
1011 2959 1056 3009 sed
1091 2960 1193 3010 attolli-

123 3026 222 3089 titudo,
244 3024 370 3075 modestia
386 3033 412 3073 et
433 3040 497 3091 quae
514 3023 640 3074 contrarie
672 3034 722 3075 tur.
772 3027 884 3077 Verbum
921 3026 999 3092 igitur
1023 3027 1193 3096 deprimendi

122 3103 189 3144 sunt.
672 3110 724 3144 non
750 3093 854 3161 propria
874 3093 1056 3159 significatione
1084 3094 1120 3144 de
1136 3095 1193 3145 len·

173 3160 248 3210 illam
267 3158 400 3236 [bonorum
417 3160 497 3208 (enirm
530 3157 639 3222 lancem)
673 3160 709 3209 cis
726 3171 796 3210 motu
805 3161 997 3227 intelligendum
1015 3162 1129 3226 videtur,
1150 3161 1192 3212 sed

122 3228 164 3278 Sic
181 3225 408 3287 tmesuusedtdir
428 3225 568 3292 etquidem
585 3225 639 3274 siue
672 3227 845 3295 metaphorice
869 3230 901 3279 de
932 3229 1046 3297 pondere
1075 3239 1106 3279 et
1134 3246 1193 3310 pru-

123 3294 209 3355 uncis,
229 3311 311 3359 neque
328 3293 402 3342 aliter
422 3292 514 3359 legitur
532 3292 557 3342 in
576 3293 638 3342 cod.
673 3294 761 3356 vitate,
777 3312 825 3362 que
841 3296 921 3347 virtus
935 3296 1020 3347 omniu
1034 3314 1155 3365 corporis
1167 3304 1193 3346 st

121 3364 172 3422 lt.;
197 3372 223 3412 at
243 3371 311 3411 recte
328 3360 436 3412 Wollins
461 3359 537 3409 verba
559 3359 639 3410 bozo-
672 3373 775 3413 exteme
808 3362 874 3413 bone
899 3363 1032 3430 deprimat.
1087 3364 1130 3415 Sio
1160 3364 1192 3413 de

122 3447 181 3479 rum
206 3429 292 3478 arrimi
315 3427 385 3479 uncis
401 3427 518 3488 inclusit,
544 3428 638 3477 rectius
673 3430 744 3479 offic.
768 3432 810 3480 111.
828 3436 861 3492 8,
878 3434 920 3489 35.
937 3432 1107 3497 (Honestes)
1126 3430 1193 3482 omni

123 3497 229 3547 Orellius
256 3513 312 3546 cum
336 3495 397 3545 cod.
421 3494 540 3545 Bemensi
581 3495 638 3544 lune
691 3497 784 3547 ondcre
799 3497 901 3563 gravior
917 3496 1042 3561 habenda,
1061 3516 1193 3566 quamm-

122 3564 313 3622 extermioavit3
338 3574 396 3613 natu
413 3563 479 3611 enim
495 3572 554 3611 sunt
588 3562 638 3612 aud
671 3516 740 3631 lique
757 3565 889 3615 omniu·
905 3566 961 3615 llos
976 3564 1056 3645 igitur
1071 3566 1192 3617 similitu·

122 3631 197 3681 dubie
212 3648 243 3681 ex
257 3631 468 3697 interpretatione
483 3630 638 3697 pronominis
672 3633 730 3682 dine
744 3630 870 3681 Critolaus
885 3631 949 3681 nihil
964 3631 1035 3682 aliud
1048 3632 1191 3700 significum

120 3699 204 3750 illam.
231 3698 330 3764 ·Vulgo
360 3699 453 3762 legitur
481 3698 557 3746 illam
579 3697 639 3747 boni
671 3699 761 3759 voluit,
769 3717 856 3767 quarn:
870 3696 1191 3768 virtutemtampruestun-

121 3767 237 3816 lancem:
254 3766 323 3831 quod
335 3776 361 3814 et
376 3765 454 3831 ipsum
467 3765 532 3813 tueri
549 3783 637 3815 senon
671 3777 722 3816 tem
743 3783 813 3830 esse,
839 3765 904 3816 nihil
920 3776 949 3817 ut
964 3767 1102 3835 quicquam
1126 3779 1189 3819 tem

121 3844 219 3901 potest3
243 3833 364 3900 primunr,
383 3831 451 3900 quod
469 3831 561 3882 bonum
576 3843 637 3882 tau-
670 3835 780 3900 murique
801 3833 958 3901 reperiatur,
983 3835 1054 3902 quod
1081 3853 1138 3887 eum
1162 3850 1190 3885 οι

120 3916 195 3967 quem
218 3917 310 3950 nomeu
333 3901 400 3966 quod
417 3899 511 3949 dicitur
536 3900 638 3949 abstra-
670 3902 750 3968 possit
773 3901 921 3968 comparari.
956 3902 995 3952 Cf.
1013 3901 1085 3954 iufra
1101 3906 1135 3957 V·
1150 3904 1187 3961 41,

121 3978 187 4017 ctum
195 3985 241 4036 pro
249 3967 434 4017 ltonestolatini
442 3968 577 4034 scriptores
587 3985 637 4016 uon
671 3973 727 4026 119.

119 4034 248 4085 dixerunt:
266 4045 337 4096 tum,
354 4034 375 4082 si
393 4034 562 4097 concesseris,
587 4034 637 4083 dici
720 4035 779 4086 Can.
792 4036 885 4087 XVlIl.
903 4041 945 4095 52.
958 4037 1094 4104 Proinde)
1111 4040 1185 4088 Seue-

118 4102 156 4152 sic
169 4120 252 4170 posse,
269 4112 338 4170 certe
351 4100 400 4149 hoc
416 4099 483 4162 loco,
500 4101 636 4164 nbianimi,
669 4102 719 4153 rius
737 4103 857 4155 iambicus
874 4103 979 4156 ernstii
995 4105 1131 4173 tragoedia
1140 4103 1183 4155 ali-

22 4202 26 4209 -
119 4170 233 4238 corporis
246 4180 272 4221 et
289 4179 392 4221 externa
406 4166 472 4219 bona
481 4186 637 4221 commemo·
669 4187 718 4240 qua
731 4171 833 4239 petitus.
