2640 4626
118 178 179 247 112
363 182 645 234 ruscutattanunt
660 179 941 233 utsPuTrrtottttnt

116 306 232 380 feram.
257 317 428 377 enumerat
449 298 590 391 multps3
616 299 718 399 idque
741 297 837 398 quasi
854 310 992 387 constet,
1017 295 1192 385 mtionm,

118 437 177 483 cur
204 407 251 507 ita
271 402 346 492 liat,
382 400 485 477 affert
537 401 670 499 Quodsi
691 417 784 474 tanta
808 399 858 473 ris
885 414 936 473 est
965 396 1010 474 ad
1039 396 1194 475 habitum

118 508 241 587 mentis
253 507 289 580 in
305 506 359 595 iis,
384 532 468 607 quae
484 504 666 604 gignuntur
679 503 716 577 in
724 528 884 623 corpore3
910 505 966 601 (ea
979 516 1064 575 aunt
1078 508 1194 591 intem,

121 636 349 715 quaecumque
375 625 471 697 sunt,
506 636 590 708 quae
613 605 865 681 similitudmem
883 602 1082 701 tacianttz)
1114 602 1195 679 nihil

121 711 327 789 necessitatis
353 710 469 799 affert,
509 738 569 785 cur
602 724 781 785 nascantur
811 706 931 795 animi,
964 704 1195 801 similitudgss.

121 816 250 893 Omitto
269 812 556 889 dissimilitudines
574 822 603 885 ¹.
653 818 712 893 81.
725 809 852 886 Vellem
867 808 1195 911 adessepoasctdlg·

118 918 266 995 uaetius:
291 916 372 991 vixit
387 945 462 989 curn
472 915 651 990 Africano:
675 941 869 1015 quaererem
879 941 918 1009 en
933 940 999 1001 eo„
1010 911 1194 987 cuiusmo-

120 1050 196 1096 rum
212 1018 331 1094 similis
345 1018 463 1092 suisset
476 1014 628 1092 Africani
652 1017 764 1091 fratris
780 1043 906 1117 nepos:
932 1014 1017 1088 sacie
1034 1012 1123 1089 vel²
1138 1034 1196 1117 'pa-

119 1124 199 1211 tris‚
224 1121 290 1197 vita
316 1121 464 1195 omniurn
482 1120 688 1221 perditorum
710 1120 756 1193 ita
779 1117 916 1206 similis,
940 1133 978 1190 ut
992 1134 1084 1191 esset
1103 1114 1195 1192 facile

122 1224 335 1301 deterrimus:
362 1224 455 1297 cuius
479 1224 577 1298 etiam
602 1222 720 1296 similis
749 1222 784 1294 P.
811 1219 942 1309 Crassi,
969 1234 1002 1293 et
1022 1219 1194 1321 sapientia,

123 1346 156 1403 et
171 1326 363 1427 eloquentis,
390 1344 422 1401 et
440 1327 542 1427 primi
552 1325 716 1415 hominis,
741 1350 857 1424 pepos,
876 1320 1127 1423 multorumque
1143 1321 1196 1396 ali·

121 1459 217 1505 orum
242 1429 390 1503 virorum
412 1428 577 1502 clarorum
591 1435 630 1517 ³,
662 1424 746 1529 quos'
772 1426 857 1500 nihil
881 1424 998 1498 attinet
1011 1425 1195 1513 nominare,

119 1548 257 1637 nepotes
277 1549 309 1605 et
325 1530 393 1604 filii.

221 1634 291 1707 Sed
310 1633 392 1733 quid
410 1632 563 1731 agimus?
589 1630 727 1705 oblitine
742 1658 875 1719 sumus,
902 1629 968 1703 hoc
989 1658 1083 1703 nunc
1098 1628 1195 1704 nobis

121 1765 193 1813 esse
215 1735 443 1836 propositum,
470 1761 572 1834 quum
595 1735 675 1806 satis
700 1734 741 1807 de
769 1732 958 1807 aeternitate
985 1731 1196 1820 dixissemus,

121 1868 163 1912 ne
195 1837 224 1910 si
251 1830 422 1910 interirent
448 1836 583 1935 quidem
609 1836 727 1924 animi,
754 1837 936 1936 quidquam
962 1833 1043 1929 mali
1063 1834 1196 1911 essein

121 1940 251 2014 morte?
303 1944 343 2013 A.
368 1940 440 2038 Ego
458 1967 535 2013 vero
553 1938 785 2012 memineram:
812 1938 872 2012 sed
897 1955 929 2011 te
948 1935 990 2011 de
1004 1937 1195 2012 aeternitate

123 2043 288 2118 dicentem
308 2042 461 2115 aberrare
480 2043 688 2142 aproposito
706 2039 801 2114 facile
818 2039 977 2140 patiebar.

223 2145 381 2216 XXXIV.
418 2149 476 2222 82.
508 2149 556 2216 M.
581 2143 690 2217 Video
714 2161 745 2217 te
771 2141 833 2217 alte
859 2157 1027 2243 spectare,
1062 2156 1098 2215 et
1119 2138 1195 2217 uelle

123 2247 159 2319 in
184 2244 312 2319 coelum
330 2246 480 2345 migrare.
531 2251 571 2320 A.
597 2246 704 2347 Spero
721 2246 811 2333 fore,
836 2262 873 2317 nt
889 2245 1061 2343 contingat
1078 2244 1119 2317 id
1140 2270 1195 2317 no

187 2454 207 2509 8
223 2450 266 2502 Sic
284 2451 329 2502 W.
348 2469 369 2502 c.
386 2449 434 2500 td.
452 2459 503 2500 vet.
522 2449 659 2500 Bouhierii.
677 2450 707 2499 L.
726 2479 759 2488 -
775 2449 836 2498 Ern.
854 2467 875 2499 c.
894 2448 964 2515 rnlg.
981 2444 1113 2516 faciant:
1132 2445 1197 2515 quod

121 2518 262 2569 tententiae
284 2506 415 2585 repignat.
450 2519 515 2576 9v.
534 2518 599 2568 Adn.
635 2516 709 2574 1Sic
736 2517 836 2583 egregie
860 2516 926 2567 coni.
945 2514 1028 2566 Bentl.
1054 2530 1104 2582 pro
1133 2514 1197 2580 vulg.

121 2586 320 2637 similitudines.
354 2587 442 2643 ΠΙ..
459 2583 525 2635 Lall.
543 2585 626 2636 omitt.
639 2585 690 2634 vel.
715 2589 790 2642 sor.
801 2602 822 2635 c.
834 2583 913 2634 codd.
923 2581 1043 2645 Bentleii,
1054 2582 1197 2633 ancum.

125 2655 223 2705 claror·
241 2655 294 2704 vir.

122 2771 189 2821 darn.
224 2768 357 2831 Nimirum,
373 2768 461 2818 Cicero
477 2767 567 2834 inquit,
585 2766 646 2817 ari·
680 2768 757 2818 nasci
774 2780 862 2818 autem
883 2768 1003 2828 animos,
1021 2768 1094 2836 qnod
1109 2768 1200 2819 decla·

123 2837 231 2889 stoteles
247 2837 299 2898 ait,
325 2853 412 2886 omnes
428 2836 573 2901 ingeniosos
588 2852 645 2884 me·
679 2848 723 2886 rat
732 2853 820 2886 eornm
831 2835 987 2897 similitudo,
1005 2837 1199 2905 quiprocreen-

124 2904 282 2956 lancholicos
299 2920 361 2952 esse.
380 2905 434 2969 Ego
448 2919 507 2952 vero
524 2919 577 2952 non
591 2920 646 2952 snm
679 2917 738 2955 tur:
757 2903 826 2970 quod
844 2920 921 2970 quum
934 2903 1034 2968 fugeret
1048 2921 1103 2954 non
1121 2904 1200 2954 solnm

123 2970 329 3032 melancholicus,
347 2987 407 3035 ergo
426 2988 478 3020 non
490 2969 644 3036 ingeniosus,
678 2971 851 3032 librariorum,
878 2970 923 3020 sed
952 2969 1028 3019 etiam
1054 2971 1200 3023 criticorum

124 3056 172 3089 nec
195 3048 280 3088 tamen
302 3037 409 3088 moleste
431 3037 459 3087 id
488 3038 560 3096 sero;
587 3055 646 3089 nam
678 3040 766 3099 aciem,
784 3048 859 3088 enata
875 3048 914 3087 est
926 3037 1018 3088 lectio:
1036 3056 1087 3088 cui·
1100 3056 1200 3090 naseo-

125 3120 174 3171 ego
195 3105 283 3171 paullo
301 3103 414 3155 tardiore
429 3104 455 3155 lr.
474 3123 496 3156 e.
513 3105 645 3156 hebetiora
679 3119 723 3157 tur
737 3108 823 3156 animi
837 3105 994 3155 similitudo.

126 3172 230 3238 ingenio
246 3171 300 3221 aine
315 3171 484 3225 melancholia
496 3173 564 3223 malo
582 3190 644 3234 esse,
730 3178 772 3231 81.
790 3174 955 3225 Panaetius:
969 3172 1040 3222 vixit
1051 3191 1113 3222 eum
1121 3171 1200 3243 Afri·

125 3257 200 3307 quam
216 3239 312 3304 ingenii
335 3241 491 3307 praestantia
512 3240 645 3303 excellere,
683 3241 758 3307 cano)
783 3242 824 3291 Sc.
850 3258 907 3291 cum
929 3238 1050 3306 Scipione
1080 3241 1201 3292 Africano

124 3306 295 3357 melancholia
318 3306 446 3359 laborans.
491 3307 550 3357 Tali
568 3307 645 3358 modo
679 3308 788 3371 maiore,
822 3325 878 3359 cum
899 3323 951 3376 quo
976 3316 1048 3357 arcto
1075 3308 1202 3360 amicitiae

125 3375 214 3426 miram
226 3374 372 3427 Aristotelis
388 3375 534 3442 opinionem
553 3376 646 3425 confu—
679 3375 782 3427 vinculo
805 3375 955 3427 coniunctus
979 3383 1035 3424 erat
1056 3374 1200 3427 Panaetius.

125 3453 182 3493 tare
205 3443 314 3493 voluisse
335 3441 435 3492 videtur
454 3443 557 3504 Cicero,
584 3460 646 3509 per·
679 3446 711 3496 V.
724 3461 774 3493 van
787 3443 895 3512 Lynden
910 3442 943 3492 de
955 3441 1082 3493 Panaetio
1098 3442 1201 3494 Rhodio

123 3528 224 3561 suasum
233 3510 337 3571 habens,
352 3509 531 3560 aneminesibi
544 3510 646 3576 ingeni-
680 3513 701 3580 §.
717 3513 764 3561 xt.
780 3529 807 3578 p.
822 3516 863 3569 38.
880 3527 917 3577 sq.
936 3519 964 3560 et
979 3508 1048 3559 alibi.

123 3596 166 3629 um
180 3578 282 3630 tardum
294 3577 417 3629 tributum
428 3577 467 3627 iri.
502 3580 555 3627 Iam
570 3577 647 3627 ctiam
729 3576 858 3648 Africani
873 3576 978 3647 fratris
1000 3578 1097 3645 nepos)
1137 3575 1202 3640 „Qui

124 3646 189 3696 illud
203 3645 339 3711 intelliges,
358 3662 403 3695 cur
418 3643 506 3695 addita
520 3644 573 3695 sint
586 3662 646 3695 ver·
679 3646 765 3709 fuerit,
782 3645 877 3696 nescio.
911 3643 1025 3694 Africani
1032 3645 1117 3695 t'rater
1124 3644 1202 3695 Paul-

124 3714 170 3764 ba:
197 3721 328 3763 enumerat
342 3711 452 3771 multos;
476 3713 556 3782 idque
569 3713 647 3783 quasi
679 3713 719 3763 lus
734 3713 823 3781 aliquis
836 3712 893 3762 fuit.
927 3713 984 3762 Nec
999 3711 1082 3777 magis
1102 3720 1203 3763 constat

125 3792 241 3844 constet,
258 3778 399 3842 rationem,
417 3796 463 3829 cnr
474 3779 511 3831 ita
527 3780 586 3843 frat,
604 3780 646 3830 ai-
680 3779 712 3830 de
728 3781 756 3831 P.
773 3780 854 3831 Crassi
869 3784 991 3847 nepote.“
1008 3781 1130 3830 Ernesti.

125 3848 183 3897 lert.
722 3847 802 3917 facie
812 3848 861 3898 'uel
875 3848 979 3917 patris)
995 3847 1037 3896 Ad
1048 3846 1203 3899 vocabulum

174 3925 374 3965 curnascantur
382 3915 474 3977 animi,
486 3913 644 3980 similitudo)
679 3916 724 3966 vel
736 3915 904 3983 supplendum
924 3914 1025 3965 videtur
1037 3915 1202 3966 simillimus.

125 3981 167 4032 Sic
194 3981 305 4032 Wolfins
331 3981 412 4033 edidit
436 4000 492 4033 cum
518 3981 644 4042 Manutio,
746 3983 810 4033 rimi
826 3983 950 4048 hominis)
977 3984 1010 4032 H.
1036 3999 1059 4032 e.
1081 3981 1202 4051 primarii.

125 4048 383 4111 Lambiuo,01ivet0.
420 4047 645 4111 Quamlectionem
678 4048 709 4100 V.
724 4000 827 4100 Xrnesti
845 4050 916 4100 Clav.
935 4049 988 4100 Cic.
1002 4067 1023 4100 a.
1039 4066 1064 4100 v.

126 4115 202 4166 etiarn
211 4115 432 4184 Orelliusrecepit,
449 4127 642 4178 rememorem,
728 4116 789 4167 Cae.
806 4117 933 4168 XXXIV.
957 4122 999 4175 82.
1030 4128 1058 4166 et
1081 4117 1154 4169 velle
1176 4117 1203 4168 in

124 4182 188 4235 haec
200 4184 277 4235 verba
289 4185 378 4236 referri
391 4184 424 4236 ad
438 4183 571 4251 superiora
585 4181 643 4234 illa:
678 4183 780 4236 culum
792 4184 927 4256 migrare)
941 4183 1070 4237 Particula
1084 4198 1112 4237 et
1127 4200 1202 4254 saepe
