2640 4626
411 201 521 253 mnrx
538 201 659 253 moun
676 200 718 252 rc
735 201 909 254 naamon.
1135 187 1197 261 aa
1242 190 1246 199 '
1293 256 1299 269 ,

120 322 267 390 Quoniam,
285 338 342 371 cnm
357 319 518 371 coniunctivo
533 319 642 370 coniun-
676 321 767 391 Seges,
779 320 861 389 ipsum
877 320 968 374 solum.
985 340 1011 390 p.
1028 325 1086 381 153.
1103 321 1129 373 1).

155 401 232 442 ctum.
251 409 278 458 p.
295 393 337 446 66.
355 387 379 438 1).
676 389 784 439 Semina
801 389 929 439 virtutum.
949 409 975 458 p.
994 393 1051 449 197.
1068 408 1093 441 a.
1200 404 1203 409 '

119 459 338 526 Quotusquisque,
346 473 420 522 quam
429 455 510 534 pauci.
518 455 642 534 p.151.b.
675 457 830 536 Senescere·
844 456 876 506 de
898 457 988 537 rebus,
1013 474 1079 527 quae
1095 474 1197 509 omnem

119 531 218 592 Quum,
247 542 304 574 cum
331 524 495 574 coniunctrvo
518 534 641 587 sunctum,
708 531 1055 604 vrmacvigoremnmrttnnt.
1066 542 1094 594 p.
1104 528 1195 585 148⁸.

117 592 642 728 ..titulusitaa...
675 592 1051 730 littlt'tl?¹,⁰‚f⁶ta·.¹⁶⁷·
1069 610 1093 643 ⁰·

152 737 275 796 sequente
291 738 387 777 tamen.
405 745 430 794 p.
442 728 498 787 134.
508 743 531 776 a.
548 726 640 784 1421).
675 729 770 778 Serere
785 728 864 793 leges.
881 745 908 795 p.
925 731 967 785 71.
985 727 1011 776 b.

154 800 214 855 339.
233 812 257 845 a.
675 796 785 846 Seruius
802 795 921 859 Tullius,
938 795 1041 862 gentilis
1058 795 1194 847 Ciceronis.

363 967 399 1014 R,
675 868 908 1057 §.tillia
920 931 979 1048 ἦ...
996 930 1022 981 ι..

120 1066 228 1118 Radius
236 1063 480 1116 mathematicorum.
497 1082 524 1132 p.
540 1063 641 1122 3431).
675 1016 1065 1133 Siicietidmpinucoinpiratione
1083 1077 1142 1134 post
1158 1080 1195 1133 ut,

122 1136 220 1196 Ratio,
239 1142 394 1198 argumenta·
413 1135 513 1198 p·136·
530 1132 556 1181 b·
709 1134 843 1204 quomodo,
861 1134 1084 1202 quemadmodum.
1102 1154 1127 1203 p.
1135 1138 1195 1195 223.
1305 1160 1314 1173 ·

120 1204 204 1252 Ratio
241 1211 269 1250 et
311 1200 458 1271 disciplina
493 1198 640 1265 iunguntur.
709 1220 731 1251 u.
748 1201 774 1252 b.

154 1287 181 1335 p.
197 1268 238 1325 46.
257 1285 279 1317 a.
676 1269 706 1319 Si
723 1269 779 1318 diis
791 1270 888 1338 placet.
906 1287 932 1336 Ρ.
949 1274 1008 1326 225.
1026 1287 1049 1320 a.
1065 1270 1091 1321 b.

120 1335 205 1386 Ratio
213 1344 239 1384 et
246 1333 521 1400 doctrinaiungnntur.
531 1352 557 1402 p.
566 1338 640 1392 71.a·
676 1337 770 1407 Signa,
788 1346 896 1387 statuae.
912 1353 939 1402 p.
956 1341 1017 1394 362.
1036 1337 1062 1386 b.

119 1404 204 1453 Ratio
219 1413 247 1453 et
260 1404 346 1452 oratio
354 1402 499 1468 iunguntur.
514 1421 540 1470 p.
547 1407 607 1460 278.
616 1420 639 1453 a.
675 1405 707 1455 Si
723 1405 785 1467 iam,
803 1421 876 1453 wenn
892 1403 965 1453 auch.
982 1422 1008 1471 p.
1025 1408 1083 1463 297.
1102 1422 1125 1465 a,

119 1472 204 1521 Ratio
220 1479 247 1519 et
261 1471 308 1520 via
324 1469 469 1535 iunguntur.
486 1488 512 1537 p.
525 1473 583 1527 149.
602 1487 624 1519 a.
676 1472 785 1534 Simile,
800 1470 948 1520 similitudo.
985 1506 991 1520 .
1009 1475 1066 1529 153.
1083 1472 1110 1522 b.

119 1538 254 1588 Recidere
297 1545 324 1588 et
364 1536 487 1586 recedere
526 1537 640 1587 confusa.
675 1540 780 1589 Similis
796 1538 900 1589 alicuius
912 1547 938 1588 et
954 1489 1037 1588 alicui.
1054 1556 1080 1605 p.
1095 1542 1137 1597 73
1152 1539 1177 1590 b.

155 1624 181 1673 p.
195 1605 254 1662 314.
272 1622 295 1655 ιι.
676 1607 780 1656 Similis
795 1618 829 1669 et,
847 1604 944 1671 ὅμοιος
960 1606 1016 1659 καί.
1034 1623 1060 1672 Ρ.
1079 1607 1177 1664 3121).

120 1673 252 1740 Recipere
264 1672 376 1735 femtm,
392 1671 479 1732 telum,
496 1669 527 1719 de
541 1669 643 1736 gladia·
676 1675 814 1735 Similiter,
832 1686 860 1723 ut
874 1675 908 1734 si,
924 1684 1051 1741 tanquam
1060 1674 1094 1736 si,
1111 1692 1144 1724 ac
1160 1676 1194 1724 si.

154 1740 252 1790 toribus
266 1738 370 1789 dictum.
390 1758 416 1807 p.
429 1743 484 1796 175.
503 1738 528 1787 b.
541 1741 598 1796 176.
617 1755 641 1788 a.
709 1759 734 1808 p.
751 1747 811 1799 280.
834 1741 857 1790 b.

122 1808 250 1858 Relativa
265 1807 423 1856 constructio
440 1804 534 1856 transit
549 1804 576 1853 in
593 1805 643 1854 de-
676 1809 826 1859 Simom'des
837 1817 929 1858 -artem
949 1808 1086 1860 memoriae
1101 1809 1196 1878 primus

155 1874 354 1925 monstrativum.
372 1892 397 1941 p.
407 1877 465 1932 312·
476 1890 498 1922 a.
511 1890 537 1939 p·
547 1876 604 1930 317.
614 1873 641 1922 b.
710 1876 824 1927 tradidit.
842 1894 867 1942 p.
886 1880 926 1933 93.
949 1877 976 1926 b.

123 1942 248 1990 Relativo
288 1941 419 1991 ronomini
449 1940 516 1989 idem
540 1956 640 2001 nomen,
676 1944 812 1993 Simulat.
829 1960 855 2010 p.
873 1947 931 2000 256.
949 1943 975 1992 b.

71 2002 76 2012 ’
157 2008 190 2059 ud
207 1959 287 2076 quotij
290 2007 450 2058 referendum
466 2017 512 2069 est,
530 2007 643 2069 additur,-
677 2012 764 2061 Sinus.
789 2012 823 2061 Ia
838 2011 900 2059 sinu
916 2011 1033 2074 gaudere.
1051 2029 1076 2078 p.
1092 2016 1152 2071 232.
1171 2030 1194 2063 a.

157 2085 201 2125 ut:
220 2076 262 2126 hic
278 2075 347 2137 dies,
364 2093 414 2146 quo
427 2075 480 2124 die.
497 2093 523 2141 p.
536 2080 596 2132 308.
617 2092 639 2124 a.
677 2079 707 2128 Si
715 2078 831 2149 quaeris,
848 2077 957 2128 formula
971 2078 1114 2127 affirmandi
1129 2095 1195 2147 pro:
1278 2087 1281 2095 ’

120 2143 246 2212 Religio,
274 2143 364 2209 culpa,
391 2159 456 2209 quae
478 2140 643 2207 religionibus
710 2159 739 2196 ut
755 2163 844 2195 aerum
859 2145 954 2196 dicam.
972 2163 998 2212 p.
1017 2147 1076 2203 243.
1095 2163 1117 2195 n.
1138 2147 1161 2196 b.

155 2210 283 2260 violandis
300 2209 466 2260 contrahitur.
487 2227 513 2277 p.
530 2214 571 2266 67.
638 2255 640 2265 .
676 2214 707 2263 Si
727 2212 792 2283 quid
814 2212 922 2263 accidit.
946 2214 978 2263 V.
1004 2230 1023 2262 s.
1040 2230 1065 2262 v.
1087 2213 1196 2282 Euphe-

120 2282 191 2327 Rem
210 2278 323 2327 continet
340 2276 444 2344 aliquid.
460 2294 486 2393 p.
503 2281 563 2334 235.
582 2276 607 2328 1).
709 2282 824 2331 mismus.

120 2349 204 2406 Reor,
222 2344 325 2394 ironice.
343 2363 369 2422 p.
390 2350 446 2402 123.
676 2347 706 2398 Si
728 2348 849 2418 quidem,
876 2365 933 2398 cum
954 2346 1104 2414 imperfecto
1131 2365 1196 2398 tton-

120 2416 241 2479 Repens,
258 2421 412 2478 repentinus.
428 2431 454 2479 p.
471 2414 529 2469 217.
548 2428 572 2461 a.
589 2411 616 2462 b.
708 2415 956 2477 iunctiviiunotum,
974 2414 1079 2465 ironice.
1095 2433 1121 2482 p.
1138 2420 1195 2474 173.

118 2477 280 2529 Rescribere
295 2479 322 2528 in
338 2479 448 2528 musicis.
465 2496 492 2546 p.
509 2484 568 2535 255.
584 2477 610 2528 b.
708 2483 734 2532 b.
754 2484 809 2541 174.
827 2499 850 2532 a.

119 2551 297 2608 Retraetaro,
324 2563 454 2608 recusare,
472 2544 641 2612 tergiversari.
675 2551 747 2600 Siris
763 2567 811 2617 pro
828 2550 939 2611 siveris,
958 2558 987 2598 ut
1009 2549 1087 2611 sisti,
1111 2551 1194 2601 sistis.

154 2633 181 2682 p·
200 2619 257 2691 107.Ι
273 2615 298 2663 1).
392 2680 398 2691 Ι
709 2636 735 2684 p·
755 2621 812 2674 133.
830 2617 855 2667 b.
875 2618 932 2694 134.
953 2634 998 2694 a·

124 2684 255 2730 Revocarr
271 2681 302 2730 de
318 2681 453 2731 actoribus.
471 2698 498 2747 p.
510 2683 570 2739 296.
589 2697 612 2731 a.
676 2683 778 2733 Sive—
787 2686 831 2734 sin
839 2701 848 2740 ,·
864 2702 961 2733 sive—
971 2701 1096 2735 sruevero
1111 2702 1138 2734 se
1148 2703 1196 2735 ex-

124 2751 204 2799 Rota.
223 2767 250 2815 p.
268 2753 328 2806 322.
346 2747 373 2797 b.
711 2751 815 2819 cipiunt.
833 2747 859 2817 p.
879 2756 935 2808 126.
955 2768 977 2800 a.

424 2878 427 2883 Ι
677 2819 740 2868 Sive
756 2847 788 2858 -
802 2819 860 2868 siue
877 2836 934 2868 cnm
950 2817 1098 2880 indicativo,
1115 2819 1195 2870 rarius

367 2915 394 2966 S·
710 2903 771 3002 cusp,
782 2885 945 2936 coniunctivo
960 2884 1105 2951 iunguntur.
1117 2906 1143 2954 p.
1152 2892 1194 2945 80.

125 3017 211 3086 Saepe
227 3018 318 3079 multi,
336 3017 410 3069 multi
427 3015 490 3067 alius
507 3015 558 3066 alio
575 3025 643 3066 tem·
677 2970 813 3082 Soiiatirs,
837 3019 939 3069 moralis
957 3019 1134 3088 philosophiae
1148 3039 1196 3072 au-

155 3102 227 3150 pore.
247 3103 272 3151 p.
292 3089 350 3143 106.
369 3084 394 3136 b.
711 3097 775 3138 otor.
793 3106 819 3155 p.
838 3091 896 3144 313.
914 3086 939 3136 b.
956 3101 960 3124 ¹

122 3152 217 3202 Salsus
234 3153 352 3219 sanguis,
376 3151 469 3214 sudor,
494 3152 585 3202 salsae
601 3149 644 3202 la·
677 3155 786 3214 Socrus,
813 3153 952 3204 masculino
969 3170 1062 3220 genere
1078 3155 1195 3222 positum.

158 3219 257 3269 crimae.
275 3239 300 3288 p.
314 3226 355 3278 75.
374 3238 398 3270 a.
418 3224 441 3269 b.
709 3218 735 3290 p.
756 3222 816 3279 214.
835 3240 858 3271 a.

124 3287 280 3355 Sapientiae
295 3287 417 3337 definitio.
435 3306 460 3355 p.
477 3291 535 3344 291.
555 3305 577 3337 a.
594 3287 619 3337 b.
678 3291 762 3351 Solus,
780 3288 939 3350 adiectivum,
954 3298 980 3338 ct
993 3288 1085 3350 solum,
1103 3289 1197 3339 adver-

123 3355 225 3421 Σχῆμα
260 3354 332 3418 πρὸς
364 3355 396 3407 τὸ
432 3357 645 3422 σημαινόμενον.
712 3356 796 3418 bium,
815 3355 875 3424 quid
890 3356 1017 3405 differant.
1035 3375 1061 3424 p.
1078 3360 1120 3414 99.
1140 3374 1161 3406 a.

123 3425 259 3549 Sclrbliziq·
279 3421 464 3554 disputationes
482 3488 647 3557 philosophi·
679 3425 832 3561 giiiiirieri'
851 3422 999 3552 ahitshae,
1047 3491 1195 3558 exemplum.

159 3559 477 3625 mpmafflp
712 3562 835 3626 ano

124 3623 244 3671 Scientia
252 3633 279 3673 et
286 3624 364 3702 copia
371 3622 517 3688 iunguntur.
532 3641 558 3690 p.
568 3629 609 3681 52.
619 3624 645 3674 b.
679 3627 770 3696 Spero,
787 3635 860 3675 extra
874 3642 965 3674 nexum
983 3624 1107 3676 orationis
1122 3625 1197 3695 posi-

124 3690 240 3750 Scilicet,
256 3691 381 3757 particula
394 3690 499 3740 ironica.
517 3709 543 3758 p.
560 3695 603 3749 85.
622 3709 645 3741 a.
712 3702 775 3752 tum,
792 3692 896 3745 ironice.
914 3710 940 3759 p.
954 3697 995 3750 88.
1014 3710 1037 3743 a.
1054 3692 1079 3743 b.

160 3760 216 3813 163.
233 3758 259 3806 b.
363 3765 367 3774 ⁴
679 3761 758 3810 Stare
771 3760 874 3810 iudicio.
891 3777 917 3827 p.
937 3762 993 3817 190.
1011 3759 1035 3810 b.

124 3824 277 3888 Scythicum
291 3836 403 3894 tegmen.
421 3842 447 3891 p.
464 3829 523 3882 357.
540 3825 565 3876 b.
673 3828 757 3878 'Statu
773 3828 886 3890 moueri,
903 3827 935 3876 de
950 3827 1077 3894 palaestra
1092 3826 1196 3880 dictum.

124 3891 267 3952 Secundus,
274 3892 369 3953 favens,
378 3892 511 3960 propitius.
517 3912 543 3960 p.
552 3892 608 3950 147.
619 3892 644 3943 1).
712 3914 738 3963 p.
759 3895 816 3952 154.
835 3911 858 3943 a.

125 3957 195 4019 Sed,
211 3958 321 4026 repetite
336 3948 455 4027 posituni.
473 3977 499 4026 p.
516 3965 572 4018 119.
586 3961 611 4010 b.
680 3962 780 4011 Status.
797 3979 823 4027 p.
841 3961 901 4019 249.

125 4025 178 4075 Sed
202 4025 307 4075 inservit
329 4028 485 4089 sententiae,
512 4037 571 4078 ante
616 4045 647 4077 a·
680 4029 825 4078 Stoicorum
848 4028 879 4078 de
897 4026 1036 4078 animorum
1051 4037 1111 4094 post
1126 4043 1198 4077 mor-

158 4092 290 4143 renthesin
306 4093 456 4156 inchoatae,
479 4045 646 4146 revocandae.
712 4105 765 4145 tem
780 4106 849 4145 statu
864 4094 1013 4146 sententiae.
1030 4114 1055 4163 p.
1074 4099 1131 4154 109.
1148 4095 1173 4144 b.

159 4177 185 4227 p·
206 4161 262 4219 146.
280 4160 305 4213 b.
323 4165 381 4220 167.
400 4162 425 4212 b.
681 4162 848 4225 Stomachus,
865 4162 911 4213 irs.
930 4181 955 4230 p.
975 4166 1034 4226 287.
1052 4161 1078 4213 b.

943 4237 986 4303 26
