2640 4626
469 220 595 269 ninnu
611 219 643 270 v,
663 222 703 276 15·
1054 207 1116 275 331

47 335 216 437 periculo,
242 351 274 409 et
291 335 326 409 in
342 335 456 409 labore
474 365 511 415 ac
527 335 642 408 dolore
667 333 814 434 patiens,
839 350 908 406 tum
934 333 1050 434 procul
1075 337 1117 408 ab
1157 352 1181 363 ’·

46 437 138 512 omui
154 440 268 511 metu?
329 520 332 525 ,
375 518 378 525 ,

95 601 100 608 .
145 544 204 619 42.
254 540 365 638 Atque
398 539 479 612 haec
503 555 588 611 certe
618 565 686 610 nou
715 537 762 610 ita
787 566 822 610 se
849 537 1028 626 haberent,
1052 539 1119 612 nisi

45 670 143 715 omne
154 641 284 714 bonum
293 642 326 714 in
339 670 404 713 una
414 640 585 713 honestate
595 641 796 713 consisteret.
822 640 893 736 Qui
906 658 1014 715 autem
1028 640 1119 736 illam

25 766 28 774 '
44 743 187 817 maxime
205 759 352 844 optatam
367 760 399 816 et
408 743 583 842 expetitam
599 743 807 816 securitatem
822 743 1045 840 (securitatem
1061 774 1120 818 au-

44 863 110 921 tem
134 873 223 918 nunc
257 844 386 945 appello
415 845 609 918 vacuitatem
636 844 873 942 aegritudinis,
907 846 940 917 in
966 874 1032 943 qua
1051 847 1120 936 vita

43 949 140 1022 bea'ta
156 947 267 1047 posita
285 952 349 1044 est)
369 947 492 1033 habere
517 946 692 1046 quisquam
710 963 838 1046 potest,
864 948 917 1020 cui
943 964 999 1019 aut
1021 948 1119 1036 adsit,
1180 1020 1182 1024 ,

45 1066 101 1122 aut
116 1050 233 1123 adesse
250 1050 358 1150 possit
372 1049 548 1123 multitudo
566 1049 752 1145 malorum?
778 1049 836 1148 qui
859 1065 967 1122 autem
995 1050 1119 1149 poterit

47 1180 118 1229 esse
138 1151 263 1239 celsus,
288 1168 321 1225 et
340 1168 478 1244 erectus,
505 1168 535 1224 et
553 1179 601 1238 ea,
627 1179 709 1250 quae
727 1151 854 1229 homini
873 1152 1021 1226 accidere
1038 1180 1119 1252 pos-

46 1270 141 1341 sunt,
167 1253 275 1326 omnia
293 1281 394 1353 parva
414 1254 555 1340 ducens,
582 1253 711 1351 qualem
726 1251 908 1353 sapientem
931 1280 1002 1327 esse
1026 1254 1119 1327 uolua

45 1385 138 1443 mus,
164 1355 229 1427 nisi
251 1355 442 1429 omniasibi
466 1357 500 1428 in
525 1383 559 1427 se
586 1356 695 1454 posita
720 1355 889 1428 censebit?
940 1358 995 1428 An
1016 1359 1119 1429 Lace.

45 1456 231 1544 daemonii,
263 1457 422 1557 Philippo
443 1456 649 1553 ‘minitanti9
682 1485 743 1557 per
763 1456 902 1543 litteras,
938 1485 973 1531 se
996 1457 1119 1544 omnia,

47 1588 139 1658 quae¹
160 1576 374 1651 conarentur,
408 1559 671 1658 prohibiturum,
698 1560 945 1658 quaesiverunt,
969 1564 1059 1632 -num
1082 1588 1119 1632 se

46 1677 136 1735 esset.
152 1661 250 1734 etiam
266 1662 351 1734 mori
366 1661 615 1760 prohibiturus:
640 1661 692 1732 vir
714 1662 761 1747 is,
793 1690 891 1761 quem
919 1663 1120 1760 quaerimus,

45 1792 115 1836 non
143 1762 246 1835 multo
270 1762 399 1837 sacilius
423 1762 490 1836 tali⁴
508 1764 618 1836 animo
644 1763 844 1862 reperietur,
878 1791 977 1862 quam
1005 1763 1118 1837 civitas

46 1867 223 1938 universa?
248 1865 351 1966 quid?
378 1865 422 1938 ad
436 1865 522 1938 hanc
536 1865 774 1951 fortitudinem,
800 1865 841 1939 de
863 1894 928 1964 qua
942 1865 1120 1964 loquimur,

45 1967 265 2067 temperantia
280 1967 453 2056 adiuncta,
479 1997 563 2068 quae
585 1968 628 2040 sit
643 1964 845 2039 moderatrix
859 1969 1007 2039 omnium
1030 1997 1120 2040 com-

44 2071 250 2158 motionum3
282 2070 365 2168 quid
384 2087 492 2170 potest
521 2071 564 2143 ad
593 2069 689 2142 beate
721 2069 897 2142 vivendum
931 2069 1046 2142 deesse
1079 2069 1121 2156 ei,

44 2199 144 2270 quem
159 2171 319 2243 fortitudo
336 2170 377 2243 ab
394 2171 598 2269 aegritudine
615 2188 647 2244 et
663 2200 680 2243 a
695 2187 784 2243 metu
805 2170 969 2256 vindicet;
994 2187 1121 2270 tempe·
1194 2201 1195 2205 ¹

45 2274 154 2346 rantia
176 2290 245 2344 tum
266 2302 284 2345 a
302 2273 442 2347 libidine
462 2290 592 2360 avocet,
617 2289 687 2345 tum
703 2271 858 2345 insolenti
876 2272 1040 2351 alacritate
1064 2302 1120 2370 ge-

45 2377 126 2448 stire
144 2404 213 2449 non
229 2375 338 2447 sinat?
364 2376 445 2449 haec
469 2375 598 2463 efficere
621 2377 774 2448 virtutem
800 2375 1028 2464 ostenderem,
1053 2375 1120 2448 nisi

46 2477 278 2579 superioribus
296 2478 414 2550 diebus
434 2495 544 2552 essent
561 2477 729 2577 explicata.
794 2524 797 2529 -

18 2658 27 2667 ,
146 2583 221 2652 XV.
271 2585 328 2658 43.
354 2581 463 2679 Atque
479 2609 581 2680 quum
603 2579 870 2678 perturbationes
898 2579 1000 2651 animi
1021 2578 1120 2657 mise-

45 2682 184 2769 riam¹;
217 2682 404 2756 sedationes
433 2700 558 2781 autem,
591 2682 691 2754 vitam
717 2681 861 2755 elliciant
885 2681 1031 2756 beatam:
1059 2681 1121 2753 du-

45 2783 188 2882 plexque
205 2784 290 2857 ratio
307 2785 567 2883 perturbationis
581 2783 642 2872 sit,
668 2784 760 2883 quod
776 2784 947 2882 aegritudo
968 2799 999 2855 et
1013 2799 1120 2856 metus

45 2886 81 2958 in
102 2885 198 2958 malis
215 2886 376 2986 opinatis,
402 2887 625 2969 inhonorum
650 2903 757 2960 autem
785 2914 894 2958 errore
918 2883 1042 2957 laetitia
1064 2913 1121 2982 ge-

46 2987 150 3061 stiens
167 2987 520 3087 libidoquetversetur:
548 3017 650 3088 quum
668 2989 747 3061 haec
776 2987 895 3081 omnia¹
912 3014 986 3058 cum
1011 2988 1121 3059 consi-

46 3090 91 3162 lio
109 3106 140 3162 et
156 3090 284 3162 ratione
300 3107 465 3189 pugnent;
491 3091 543 3162 his
563 3107 600 3164 tu
621 3107 689 3162 tam
712 3089 867 3188 grauibus
891 3088 1120 3177 concitationi-

46 3194 122 3279 bus,
147 3208 279 3291 tamque
295 3192 379 3292 ipsis
395 3192 525 3266 interse
543 3192 814 3266 dissentientibus
830 3209 926 3291 atque
939 3192 1121 3279 distractis,

47 3321 148 3394 quem
167 3323 326 3381 uacuum,
352 3293 515 3382 solutum,
541 3294 681 3367 liberum
707 3294 850 3383 videris,
876 3294 964 3369 hunc
989 3293 1121 3383 dubita-

47 3397 101 3468 bis
115 3396 248 3469 beatum
264 3397 398 3469 dicere?
424 3397 513 3495 atqui
531 3397 664 3495 sapiens
683 3425 814 3496 semper
831 3395 876 3467 ita
898 3395 1036 3467 allectus
1064 3411 1120 3467 est.

46 3527 181 3599 semper
198 3499 300 3596 igitur
316 3498 448 3598 sapiens
463 3498 579 3572 beatus
596 3515 652 3571 est.
703 3498 812 3596 Atque
831 3496 936 3569 etiam
947 3497 1132 3568 omnebo-

46 3630 148 3689 num,
174 3600 325 3674 laetabile
340 3618 405 3674 est:
433 3602 523 3700 quod
539 3612 647 3676 autem
670 3599 837 3686 laetabile,
863 3598 899 3670 id
925 3597 1121 3697 praedican-

116 3792 135 3846 9
151 3789 211 3837 lien.
230 3786 335 3837 eBentl.
354 3787 420 3838 coni.
439 3788 597 3839 minitante.-
615 3786 683 3856 quod
698 3786 775 3837 miror
791 3795 818 3835 et
831 3803 847 3834 a
860 3785 905 3834 W.
922 3795 949 3834 et
963 3785 995 3835 ab
1006 3789 1047 3835 Or.
1066 3803 1121 3836 esse

46 3866 171 3924 spretum.
208 3858 221 3912 1
239 3856 299 3909 Ero.
318 3872 340 3904 c.
355 3853 412 3905 aliis
430 3856 562 3906 miseram.
1048 3884 1050 3888 ι

97 3957 142 4014 42.
160 3953 211 4019 Qut
227 3956 321 4023 autem)
339 3955 441 4006 Virtute
450 3955 499 4015 und
516 3955 569 4008 vita
653 3955 711 4003 Cur.
722 3954 788 4031 XV..
806 3955 848 4011 43.
868 3957 953 4031 Atque
967 3955 1052 4030 quum)
1071 3954 1122 4016 Qui

47 4024 198 4076 continetur
222 4023 306 4072 beata.
342 4025 401 4072 Una
424 4023 491 4073 enim
515 4023 570 4072 vir·
602 4020 837 4141 perturbationrbus
869 4038 946 4070 anmu
977 4021 1044 4070 hber
1074 4031 1122 4081 est,

46 4105 90 4145 tus
117 4092 150 4141 ab
171 4089 329 4156 aegritudine
352 4107 399 4141 nos
423 4100 450 4140 et
474 4109 490 4140 a
514 4107 570 4138 me·
608 4097 692 4155 ‘catus
715 4087 837 4137 dicendus
862 4098 908 4138 est.
944 4088 1124 4137 Fertur-batio-

46 4171 93 4220 tu,
122 4167 150 4206 et
169 4157 275 4208 libidine
290 4167 316 4207 et
336 4156 456 4208 insolenti
474 4156 570 4208 alacri-
603 4155 675 4207 nibus
692 4165 778 4205 antem
793 4172 844 4204 una
859 4172 905 4204 nos
923 4155 1001 4204 virtus
1016 4155 1122 4205 liberat:

47 4237 106 4277 tate
124 4225 254 4276 vindicare
269 4234 365 4293 potest.
604 4239 665 4288 ergo
680 4221 762 4272 virtus
776 4221 856 4272 vitam
869 4223 971 4272 beatam
986 4220 1071 4272 efficit.
