2640 4626
362 259 367 273 .
427 194 430 198 ’
518 220 722 275 aroana.
739 219 782 280 aa.
1134 205 1199 277 sto

122 345 175 429 (ut
192 363 295 436 supra
309 337 396 425 dixi,
422 337 483 411 sed
504 336 683 413 dicendum
702 337 791 412 idem
816 335 900 410 illud
922 336 1034 437 paullo
1061 337 1197 417 uberius

120 439 254 512 videtur
262 443 285 538 3)
311 434 409 539 plena
433 439 632 538 gaudiorum
647 458 731 514 sunt.
765 469 804 514 ex
818 441 988 541 perpetuis
1001 442 1111 514 autina
1126 439 1198 542 ple-

120 541 241 642 nisque
261 542 394 639 gaudiis
410 571 511 643 quum
530 543 744 643 perspicuum
770 543 814 616 sit
835 543 935 616 vitam
961 543 1091 616 beatam
1111 543 1197 617 ersi-

121 661 228 733 stere,
253 644 420 743 sequitur,
446 661 483 717 ut
501 674 538 719 ea
556 645 689 718 exsistat
707 675 746 719 ex
763 645 944 719 honestate.
1189 716 1191 722 ,

223 747 348 819 XXIV.
385 753 457 826 ·68.
493 747 562 821 Sed
594 776 636 820 ne
661 749 771 822 verbis
793 746 901 820 solum
925 747 1123 845 attingamus
1146 775 1196 852 ea,

121 876 209 948 quae
223 848 375 921 volumus
392 849 582 938 ostendere3
607 851 826 951 proponenda
841 849 1006 949 quaedam
1014 850 1109 948 quasi
1123 877 1197 937 mo,-

120 950 345 1039 verbosum,
372 961 456 1051 quae
478 979 541 1024 nos
563 953 670 1051 magis
695 952 738 1027 ad
767 951 989 1051 cognitionem
1011 950 1197 1050 intelligen-

120 1053 268 1152 tiamque
288 1059 487 1128 convertant.
538 1055 696 1129 Sumatur
712 1056 800 1129 enim
818 1054 918 1135 nobis
940 1052 1076 1154 quidam
1098 1081 1197 1155 prac-

121 1170 218 1228 stans'
230 1157 286 1233 vir
296 1155 432 1256 optimis
450 1156 594 1245 abibae,
620 1157 714 1257 isque
732 1158 842 1230 animo
860 1184 1041 1256 parumper
1056 1173 1088 1229 et
1105 1157 1198 1255 cogi-

119 1257 246 1331 tatione
263 1253 414 1356 fingatur.
463 1259 614 1341 Primum
633 1260 767 1358 ingenio
783 1259 903 1332 eximio
921 1259 964 1332 sit
977 1286 1113 1345 necesse
1129 1275 1196 1348 est3

120 1360 227 1433 tardis
247 1361 335 1433 euim
349 1360 522 1434 mentibus
536 1361 641 1434 virtus
654 1390 724 1434 non
738 1361 834 1434 facile
852 1361 1043 1435 comitatur:
1072 1360 1196 1442 deinde

121 1462 167 1535 ad
178 1462 439 1561 investigandam
448 1463 616 1537 veritatem
627 1463 739 1538 studio
755 1463 900 1538 incitato.
931 1465 981 1536 Er
997 1471 1063 1563 qu'o
1074 1462 1195 1564 triplex

120 1564 176 1638 ille
193 1564 295 1637 animi
321 1565 407 1638 setus
432 1566 614 1640 exsistet⁶:
640 1593 727 1639 unus
745 1565 781 1639 in
798 1565 988 1664 cognitione
1004 1593 1116 1638 rerum
1132 1593 1196 1668 po-

122 1667 256 1741 situset
272 1667 308 1739 in
325 1666 542 1766 explicatione
559 1684 716 1743 naturae:
743 1668 824 1742 alter
845 1669 881 1741 in
897 1667 1122 1767 descriptione
1133 1695 1204 1743 .ex-.

120 1769 341 1869 petendarum
357 1770 629 1867 fugiendarumve
648 1798 776 1844 rerum:
801 1770 918 1844 tertius
942 1770 979 1842 in
1002 1768 1197 1859 iudicando,

121 1872 205 1971 quid
224 1872 343 1971 cuique
362 1872 412 1945 rei
429 1873 472 1945 sit
493 1874 715 1972 cobsequens‚
739 1872 824 1972 quid
841 1900 1050 1972 repugnans:
1076 1872 1111 1944 in
1126 1871 1193 1972 quo

99 1974 210 2046 'inest
245 1974 354 2049 omnis
387 1991 457 2047 tum
491 1975 657 2049 subtilitas
681 1974 883 2063 disserendi,
907 1991 978 2047 tum
1000 1972 1120 2073 veritas
1144 1975 1225 2048 iu-.

121 2076 267 2150 dicandi.
740 2150 748 2158 ,

224 2189 281 2258 69.
307 2178 385 2275 Quo
402 2179 534 2252 tandem
549 2178 652 2276 igitur
669 2179 793 2276 gaudio
807 2177 894 2252 affici
911 2204 1046 2252 necesse
1071 2194 1121 2251 est
1140 2205 1194 2253 sa·

121 2280 244 2381 pientia
262 2281 419 2369 animani,
436 2310 510 2355 cum
527 2281 580 2354 his
592 2281 795 2355 habitantem
809 2297 1123 2382 pernoctantemque
1136 2274 1195 2354 eu·
1231 2368 1235 2387 .

122 2383 187 2456 ris!
213 2393 299 2473 ut⁷,
332 2412 435 2483 quum
467 2383 573 2480 totius
594 2383 722 2483 ¹mundi
754 2400 863 2458 motus
897 2383 1194 2484 conversionesque
1247 2472 1252 2481 α

189 2568 276 2628 antii
294 2569 416 2637 exsistit,
433 2579 464 2620 ut
483 2571 504 2640 §.
521 2575 564 2629 70.
581 2574 623 2630 71.
674 2570 736 2629 Π.
753 2556 835 2622 Adn.
908 2536 912 2545 =

174 2670 233 2719 Car.
249 2671 348 2721 XXIV.
367 2675 409 2730 68.
433 2670 486 2719 Sed
498 2687 532 2720 ne
543 2669 641 2737 verbis)
673 2673 751 2722 verbo
766 2670 911 2723 concitandi
925 2670 1012 2722 Cicero
1022 2671 1082 2722 ideo
1100 2669 1193 2722 adiun-

121 2737 250 2788 Virtutem
266 2736 298 2786 ad
313 2738 388 2788 beato
401 2737 536 2788 vivendum
543 2732 577 2789 'se
585 2737 642 2806 ipsa
673 2739 741 2790 xisse
755 2739 855 2790 ridetur
863 2738 983 2799 dativum,
999 2739 1058 2807 quia
1068 2738 1192 2790 hancha-

121 2822 177 2855 esse
192 2814 337 2855 contentam
355 2807 387 2872 (c.
403 2806 455 2866 24,
473 2815 500 2855 et
517 2808 580 2871 25),
605 2805 642 2854 sio
674 2805 720 2857 bet
740 2806 808 2869 rim,
833 2817 863 2856 ut
876 2806 944 2856 idem
959 2804 1098 2873 significet,
1123 2805 1194 2874 quod

121 2871 298 2923 concluditur:
315 2875 398 2923 Bonus
410 2872 528 2922 viridem
544 2883 584 2923 est
597 2891 642 2923 sa·
674 2875 839 2925 coniunctum
854 2891 920 2930 esse.
954 2873 1022 2924 Alibi
1044 2873 1125 2945 eoirp,
1149 2873 1193 2923 ubi

120 2939 209 3007 piens,
233 2937 337 3005 ingenio
357 2939 448 2989 eximio
465 2939 591 3002 munitos,
617 2949 643 2990 et
674 2941 803 3010 propriam
811 2939 1114 3009 significationemhahet,
1127 2956 1194 2992 cou-

120 3005 238 3067 veritatis
251 3007 409 3073 indagandae
423 3007 509 3057 studio
523 3007 642 3074 agitatus.
674 3008 767 3060 struxit
782 3025 840 3059 cum
854 3008 1008 3059 accusativo.

120 3077 160 3133 Es
181 3073 320 3142 sapientiae
342 3085 427 3125 autem
446 3075 532 3128 studio
550 3075 643 3125 homa·
724 3076 824 3156 triplex
839 3075 887 3127 itte
908 3076 993 3125 animi
1002 3072 1098 3145 fetus)
1115 3077 1149 3127 H.
1168 3093 1192 3126 e.

119 3139 243 3193 nissimae
260 3142 403 3210 voluptates
418 3142 510 3208 gandia
529 3160 560 3192 ue
582 3141 643 3192 lim-
675 3140 715 3194 his
732 3142 809 3195 ammi
830 3142 966 3195 virtutibus
979 3142 1001 3193 si
1016 3142 1072 3211 quis
1089 3153 1194 3194 ornatus

120 3206 256 3278 pidissima
272 3209 305 3259 ad
321 3209 460 3278 sapientem
483 3160 642 3261 redundant:
676 3209 741 3273 erit,
765 3211 879 3278 perfecte
900 3210 999 3279 sapiens
1024 3211 1125 3274 existit,
1151 3210 1195 3279 qui

121 3275 217 3343 quodsi
240 3275 318 3343 igitur
342 3277 434 3328 talibus
457 3277 530 3328 bouis
558 3271 643 3338 animi,
676 3294 763 3329 omnes
782 3277 958 3357 philosophiae
985 3289 1071 3346 partes
1095 3277 1195 3346 (physi-

120 3343 141 3394 i.
158 3360 181 3393 e.
199 3341 347 3406 virtutibus,
360 3344 399 3394 uti
412 3344 513 3395 beatum
527 3353 580 3407 cst,
599 3361 644 3394 se·
677 3363 733 3396 cam
747 3345 821 3406 dico,
843 3345 953 3396 ’ethicam
975 3355 1003 3395 et
1022 3345 1195 3411 dialecticam)

121 3410 225 3477 quitur,
244 3419 273 3460 ut
289 3428 376 3462 omnes
390 3411 515 3478 sapientes
530 3429 582 3462 non
598 3429 644 3462 so·
676 3423 760 3463 mente
768 3430 813 3462 sua
820 3412 1026 3479 comprehendat,
1032 3413 1112 3481 iisque
1120 3413 1196 3480 plene

75 3516 79 3525 ,
121 3478 178 3528 lum
191 3477 260 3528 beati
273 3477 332 3540 sint,
350 3478 396 3529 sed
410 3479 486 3531 etiam
496 3479 642 3539 beatissimi,
677 3490 705 3535 et
719 3479 875 3530 accumulate
891 3479 1039 3530 satisfaciat.

122 3545 185 3612 quia
200 3545 259 3596 talis
274 3546 343 3596 ritae
356 3545 455 3612 gaudiis
467 3545 531 3596 nihil
546 3546 645 3596 beatius
726 3552 769 3606 69.
785 3546 866 3610 curis)
883 3548 940 3596 Hoc
948 3547 1059 3608 verbum,
1075 3555 1105 3596 ut
1119 3563 1196 3612 grae-

123 3611 234 3662 co'ritari
253 3607 349 3680 potest,
366 3630 414 3664 uec
432 3631 462 3664 ea
477 3613 589 3665 obnoxia
605 3623 645 3664 est
677 3630 736 3666 cum
748 3615 854 3680 μελέτη,
870 3630 947 3680 saepe
961 3613 1055 3664 dicitur
1071 3612 1103 3664 de
1120 3614 1196 3664 litto-

122 3680 152 3737 ἕο
180 3696 253 3731 unae.
303 3688 306 3693 ’
675 3698 760 3733 aarum
771 3680 911 3748 artiumque
927 3679 1063 3731 studio-
1079 3682 1196 3732 Ceterum

171 3747 215 3797 'ad
237 3747 428 3818 cognitionem)
453 3747 486 3799 ad
500 3764 531 3798 ea
556 3747 645 3799 melius
662 3747 1197 3816 nhacparagraphocommemoranturgau-

124 3815 304 3893 cognqscenda
317 3815 541 3894 ‹at-intelligenda&
550 3815 646 3882 qoa'ein
678 3816 729 3880 dia,
747 3833 810 3884 quae
825 3814 1000 3885 percipiuntur
1014 3833 1047 3867 ex
1064 3833 1094 3867 ea
1107 3816 1196 3884 philo·

123 3881 296 3950 supenon'bus
336 3882 477 3948 generatim
515 3882 646 3952 disputata
677 3883 783 3951 sophiae
796 3893 882 3952 parte„
909 3881 1057 3934 caedicitor
1070 3883 1196 3954 physica.
1226 3938 1228 3943 ,
1316 3942 1317 3949 ¹

124 3959 194 4001 sunt.
228 3949 325 4002 Neide.
403 3974 407 3980 ·
729 3963 766 4014 ut,
784 3952 874 4021 quum)
922 3948 1013 4001 arisius
1027 3951 1143 4002 voculam
1158 3963 1197 4012 ut,

194 4017 323 4068 mentibus
338 4016 495 4082 comitatur)
518 4017 561 4069 Sic
580 4017 646 4068 infra
679 4035 754 4086 quam
781 4018 864 4069 nescit
891 4018 954 4069 (lod.
970 4016 1063 4080 moa,
1093 4028 1198 4070 auctore

126 4102 150 4136 c.
166 4087 216 4146 35,
240 4090 299 4143 100.
328 4102 395 4155 quoe
411 4087 569 4136 conarentur
584 4086 647 4136 huic
678 4086 795 4141 Bentleio
811 4083 997 4136 exterminarit.
1029 4087 1142 4147 Vereor,
1164 4102 1199 4137 ne

124 4153 215 4203 vitae:
238 4151 282 4203 nbi
296 4152 333 4204 sic
348 4153 474 4222 expressit
484 4150 592 4204 ‘verbum
608 4169 645 4219 gr.
678 4152 867 4220 incogitate‘id
882 4153 978 4204 factum
994 4152 1036 4203 sit.
1069 4152 1198 4204 Particola

125 4217 306 4274 συνέπεσθαι.
346 4223 378 4273 Iu
399 4219 446 4271 hisv
462 4220 560 4273 duobus
580 4219 646 4274 locis
678 4219 746 4273 enim
766 4224 796 4272 ut
811 4219 941 4288 significat
956 4219 1039 4285 idem,
1056 4220 1126 4290 quod
1146 4237 1197 4274 uo-
