2640 4626
117 226 182 295 216
311 172 320 193 Γ
365 229 648 284 ruscmursuuu
662 224 944 289 eneruauerunt

118 352 321 454 gritudiuem
360 349 536 436 exsistere,
571 375 673 447 quum
709 345 793 446 quid
834 346 882 421 ita
923 343 1032 417 visum
1065 344 1129 432 sit,
1160 361 1195 416 ut

119 483 276 554 magnum
311 451 481 552 quoddam
516 449 639 523 malurn
672 448 789 523 adesse
822 464 856 524 et
887 474 1005 547 urgere
1036 444 1194 519 videatur.
1223 502 1226 507 <

119 559 267 660 Epicuro
302 571 409 628 autem
443 552 569 654 placet,
595 551 817 652 opinionem¹
853 549 933 625 mali
954 548 1195 647 aegritudinem

121 688 194 735 esse
227 674 361 744 natura,
387 673 423 729 ut
443 655 643 755 quicumque
669 652 837 726 intueatur
862 650 899 725 in
928 650 1065 752 aliquod
1088 651 1195 724 maius

121 762 263 849 malum,
288 761 317 834 si
350 759 388 832 id
420 758 485 831 sibi
521 756 682 830 accidisse
709 755 881 856 opinetur,
906 754 951 828 eit
979 754 1141 828 contiuuo
1162 754 1195 824 in

121 863 337 962 aegritudine.
389 859 564 965 Cyrenaici
585 887 653 931 nou
681 857 773 931 omui
788 856 875 932 malo
892 855 1134 954 aegritudinem
1152 854 1196 928 ef-

120 965 176 1041 fici
201 982 351 1051 censent,
377 962 437 1036 sed
458 962 629 1061 insperato
651 976 682 1034 et
706 988 769 1033 nec
794 958 933 1060 opinato
956 958 1053 1030 malo.
1088 957 1196 1032 estid

121 1069 257 1171 quidem
272 1095 342 1139 nou
352 1065 520 1138 mediocre
536 1065 580 1137 ad
597 1063 834 1161 aegritudinem
852 1061 1054 1161 aagendam:
1080 1059 1196 1133 riden-

121 1189 178 1245 tur
203 1170 292 1243 enim
315 1168 426 1241 omnia
455 1167 627 1268 repentina
648 1164 807 1263 graviora.
832 1192 873 1237 ex
896 1165 960 1237 hoc
984 1179 1016 1236 et
1042 1161 1099 1234 illa
1126 1163 1197 1235 iure

123 1273 314 1347 laudantur:
815 1355 820 1367 .

165 1396 228 1473 Ego
250 1414 343 1473 quum
365 1391 472 1470 genui,
493 1400 558 1449 tum
579 1388 784 1449 moriturum⁸
806 1387 899 1462 scivi,
922 1395 951 1446 et
973 1386 1060 1446 circi
1075 1385 1196 1446 sustuli.

163 1481 319 1540 Praeterea
337 1477 375 1538 ad
394 1477 515 1535 Troiam
531 1486 624 1552 quum
641 1475 709 1534 misi
729 1475 767 1533 ob
790 1471 1007 1532 defendendam
1028 1472 1197 1546 Graeciam,

165 1562 308 1625 Scibam4
328 1583 375 1620 me
395 1561 429 1618 iu
449 1560 637 1620 mortiferum
657 1559 790 1634 bellum,
811 1578 873 1617 non
894 1557 927 1615 in
948 1557 1053 1636 epulae
1068 1557 1196 1616 mittere.

225 1663 314 1733 XIV.
365 1667 424 1736 29.
458 1657 548 1730 Haec
591 1656 693 1754 igitur
725 1653 988 1757 praemeditatio
1009 1653 1196 1728 futurorum

124 1761 287 1837 malorum
319 1758 402 1853 lenit
433 1787 547 1834 eorum
581 1759 775 1859 adveutum,
801 1785 884 1857 quae
910 1756 1076 1831 venientia
1100 1755 1198 1855 longe

190 1948 282 2006 Hm.
300 1965 322 1996 c.
341 1945 422 1996 Gebh.
448 1945 578 1997 oinione.
596 1945 672 1996 Male.
715 1949 732 2002 3
749 1944 799 1996 Alii
816 1943 964 1995 morituros.
981 1941 1059 1994 Male.
1078 1943 1112 1995 V.
1132 1941 1197 1995 ndu.

124 2017 200 2076 48ic
212 2015 295 2085 MLD.
314 2012 381 2066 Lall.
399 2042 432 2052 -
449 1963 509 2066 nim.
528 2029 550 2062 c.
567 2013 637 2079 vulg.
655 2012 778 2064 sciebam.

124 2131 276 2199 Saepissime
298 2124 365 2180 enim
384 2130 410 2180 in
428 2129 554 2180 enunciati
569 2129 643 2197 prin-
675 2129 702 2180 h.
720 2147 743 2180 e.
763 2120 801 2178 uti
818 2139 910 2179 natura
929 2129 995 2191 fert,
1016 2127 1054 2177 uti
1078 2144 1198 2178 necessa-

125 2200 207 2268 cipio,
225 2199 344 2248 adiuncta
358 2199 410 2247 fere
425 2198 515 2248 vocula
529 2198 641 2266 quidem,
676 2198 741 2248 rium
757 2207 811 2258 est,
836 2213 927 2263 graece
949 2196 1082 2264 φναικαῑς.
1120 2195 1199 2247 Stoici

126 2268 164 2318 ita
185 2266 303 2334 ponitur,
330 2275 359 2314 ut
380 2265 512 2315 transitum
537 2264 643 2315 adrem
677 2274 767 2316 contra
789 2281 841 2314 riou
860 2274 982 2326 naturae,
1007 2263 1053 2314 sed
1070 2262 1199 2314 voluntati

125 2352 216 2385 novam
233 2333 347 2383 denotet.
381 2331 535 2382 Parimodo
557 2349 642 2381 ac-
675 2331 791 2382 tribuunt
807 2331 997 2398 aegritudinem.
1082 2332 1083 2337 ’

143 2401 246 2463 uidem,
274 2400 315 2450 vel
340 2400 416 2451 etiam
442 2399 590 2466 simpliciter
611 2417 644 2450 cc
726 2417 773 2449 nec
788 2400 904 2468 opinato)
922 2401 951 2449 In
961 2397 1066 2448 vocibus
1078 2414 1130 2448 nee
1141 2399 1199 2467 cpi-

125 2422 227 2520 dicitur.
263 2469 300 2517 Cf.
322 2467 475 2517 deOrat.1.
496 2471 568 2529 1,1.
604 2470 644 2517 Ac
677 2479 771 2529 natus,
797 2486 844 2516 nec
869 2467 997 2536 opinans,
1030 2483 1079 2514 nee
1104 2468 1199 2535 opinus

121 2535 183 2607 fuit
197 2536 309 2605 quidem.
336 2535 399 2584 Ibid.
420 2540 451 2595 2,
468 2534 494 2591 4.
527 2537 569 2585 Ac
583 2533 644 2584 mihi
676 2535 801 2603 porticula
825 2534 942 2600 negativa
969 2550 1018 2582 nec
1042 2532 1114 2582 valet
1140 2550 1199 2582 non.

125 2604 264 2671 repetenda
282 2611 328 2651 cst.
355 2604 377 2671 §.
393 2606 418 2661 6.
452 2606 492 2650 Ac
507 2599 567 2649 mihi
582 2602 643 2669 qni·
677 2603 708 2653 V.
717 2619 781 2718 gpcs
797 2602 885 2652 laudat
897 2601 1030 2651 Ruhnken.
1046 2600 1078 2650 ad
1091 2601 1199 2652 Terent.

127 2673 193 2722 dem.
214 2676 246 2733 3,
272 2673 311 2727 11.
354 2672 440 2737 Atque
463 2668 490 2717 in
512 2666 562 2718 hoc
588 2671 643 2735 ipso
676 2671 716 2718 An
748 2671 792 2718 .1.
809 2676 842 2729 2,
860 2673 884 2726 9.

125 2739 288 2797 numerosi,
307 2740 347 2795 13.
370 2752 408 2802 pr.
426 2736 466 2792 14.
502 2738 542 2785 Ac
554 2735 642 2858 primo
714 2739 785 2819 ¹Ego
801 2736 885 2805 quum)
903 2739 967 2785 Sunt
982 2735 1129 2789 tetrametri
1142 2742 1200 2786 tro-

126 2806 238 2877 qur'dem.
274 2803 312 2851 Cf.
327 2820 402 2868 supra
419 2802 452 2852 ad
468 2819 489 2851 c.
505 2807 536 2862 2,
677 2800 760 2861 endu
773 2803 914 2854 catalectici
929 2821 960 2853 ex
971 2801 1053 2852 Ennio
1069 2803 1156 2869 petiti.
1167 2829 1200 2841 -

177 2875 219 2925 ito
232 2872 384 2931 cicumeat,
408 2882 437 2919 ut
454 2898 488 2931 -,
503 2869 643 2936 videatur)
677 2866 719 2923 05.
730 2876 789 2938 cap·
805 2873 853 2934 24,
872 2875 913 2930 58.
930 2880 957 2920 et
970 2873 1058 2920 Senec.
1076 2870 1154 2920 Cons.
1168 2869 1201 2920 ad

125 2938 254 2991 Eiusmodi
277 2936 388 2986 eiusdem
410 2936 481 2987 vocis
496 2935 568 2986 brevi
584 2954 645 2986 ver·
676 2936 766 3006 Polyb.
788 2956 810 2988 c.
825 2945 867 2996 30.
902 2941 1023 3000 „Quanto
1038 2937 1082 2986 ille
1101 2937 1201 2999 iustior,

126 3008 216 3058 borum
236 3004 372 3054 intervallo
392 3003 495 3055 iteratio
518 3003 586 3053 haud
607 3005 645 3054 ita
678 3005 736 3072 qui,
761 3006 877 3059 nuntiata
901 3006 947 3054 lilii
971 3014 1069 3066 morte,
1095 3005 1201 3071 diguam

126 3074 272 3139 infrequens
284 3080 321 3122 cst
333 3071 400 3137 apud
412 3072 520 3138 optimos
532 3089 645 3139 quosque
677 3073 849 3140 magnoyiro
874 3090 963 3126 vocem
989 3072 1085 3124 emisit:
1124 3077 1201 3142 „Ego

127 3141 271 3207 scriptores.
290 3138 391 3188 Corncl.
404 3140 468 3205 Nep.
481 3138 561 3189 Alcib.
573 3139 609 3200 X,
620 3145 643 3197 1.
678 3158 756 3210 quum
767 3143 850 3219 genui
857 3178 864 3204 ‚
890 3154 944 3191 tum
958 3141 1115 3191 moriturum
1132 3141 1202 3192 scivi

127 3220 156 3258 nt
182 3207 214 3257 ad
238 3208 333 3272 Regem
359 3207 520 3269 mitteretur,
555 3206 645 3256 eodem
677 3234 712 3246 -
736 3208 835 3259 Demde
856 3208 950 3260 adiecit
973 3224 1027 3258 rem
1047 3207 1154 3259 maioris
1176 3217 1203 3258 et

126 3286 241 3342 tempore
255 3273 344 3323 Critias
360 3273 488 3341 ceterique
501 3273 646 3341 tyranni-
677 3275 824 3343 prudentiae
850 3286 876 3329 et
901 3275 993 3340 animi,
1019 3287 1045 3325 et
1071 3275 1137 3326 huic
1161 3276 1202 3326 rei

127 3356 212 3394 certca
237 3341 351 3391 homines
374 3370 407 3379 -
425 3343 575 3403 inimum,
602 3339 647 3407 qui
677 3343 802 3393 sustuli.“
836 3343 943 3411 Liquide
960 3352 1047 3411 patet,
1065 3342 1132 3393 haec
1150 3360 1201 3393 esse

128 3429 185 3462 eum
201 3411 340 3460 certiorem
352 3408 473 3463 facerent.
509 3409 596 3459 Cicero
612 3407 644 3457 de
677 3411 756 3466 verba
785 3410 944 3472 Telamonia,
984 3427 1060 3478 quum
1085 3410 1110 3460 ei
1130 3428 1201 3461 mors

128 3483 198 3529 Orat.
212 3480 263 3540 ΙΙΙ,
282 3483 322 3536 10·
358 3477 409 3527 Sed
422 3478 530 3527 usitatis
544 3476 580 3526 ita
591 3493 644 3592 po·
678 3477 893 3528 atacisnunciata
909 3488 983 3527 esset.
1008 3478 1117 3529 Telemo
1133 3478 1199 3529 euim

126 3547 188 3596 teris
200 3547 248 3605 uti,
265 3544 405 3594 lectissimis
417 3554 447 3594 ut
458 3545 553 3594 cteris.
570 3544 646 3596 Pure
679 3545 742 3595 diros
762 3545 842 3608 filios,
865 3544 968 3595 Aiacem
984 3555 1011 3594 et
1024 3546 1153 3597 Teucrum
1175 3546 1201 3594 in

127 3613 242 3680 exempla
256 3613 413 3676 collegerunt
428 3612 510 3663 Bremi
527 3611 560 3661 ad
569 3613 644 3661 Corn.
678 3613 772 3663 bellum
797 3612 934 3662 Troianum
959 3612 1071 3663 miserat.
1121 3613 1202 3677 „Aiax

126 3682 192 3746 Nep.
211 3679 334 3731 Themiat.
350 3681 402 3739 111,
419 3683 444 3736 3.
463 3698 488 3748 p.
502 3683 543 3737 39.
562 3679 645 3728 Ochs-
680 3680 713 3731 cb
730 3679 835 3730 Achillis
851 3697 919 3730 arma
934 3679 982 3729 sibi
999 3691 1092 3746 negate
1114 3681 1199 3747 gladic

127 3764 173 3796 ner
192 3747 279 3812 Eclog.
303 3746 383 3796 Cicer.
408 3764 434 3813 p.
452 3755 477 3804 5.
513 3745 646 3798 Gernhard
679 3765 706 3797 se
723 3747 868 3806 transiecit;
894 3748 1002 3798 alterum
1018 3765 1080 3798 vcro
1098 3747 1200 3799 exulare

128 3814 161 3865 ad
178 3814 250 3865 Oilic.
268 3816 288 3864 i.
304 3816 336 3874 3,
353 3816 378 3870 8.
397 3831 422 3880 p.
438 3818 477 3871 13.
679 3815 751 3865 iussit
774 3826 862 3882 pater,
894 3816 953 3882 quia
976 3815 1061 3865 fratris
1083 3825 1200 3877 mortem,

176 3882 292 3949 Epicuro
304 3880 402 3949 placet)
420 3883 489 3931 infra
504 3901 525 3931 c.
544 3885 584 3943 15,
600 3886 644 3938 32.
679 3883 785 3949 Ulyssea
798 3883 909 3933 versutia
920 3878 1113 3950 praematuram,
1133 3884 1199 3934 ferro

127 3947 275 4015 (Epicurus)
309 3961 412 4010 censet,
447 3965 554 3999 necesse
588 3966 646 4001 esse
679 3968 731 3999 non
747 3951 906 4000 vindicarit.“
936 3952 1092 4001 Verberant
1107 3949 1199 4001 Davisii

126 4033 215 4066 cmrzes
230 4016 259 4066 in
277 4017 449 4085 aegritudine
465 4035 537 4077 esse,
556 4017 647 4085 quise
680 4017 713 4068 ed
726 4017 751 4067 h.
763 4017 782 4067 l.
807 4019 857 4067 Res
871 4017 932 4068 trita
947 4019 1011 4085 etin
1025 4019 1116 4085 vulgus
1130 4027 1199 4068 nom

126 4085 155 4133 in
179 4083 259 4132 urclr's
283 4102 341 4134 cose
364 4084 535 4135 arbitrentur.
571 4083 654 4152 Quod·
726 4083 756 4139 ,ei
772 4085 812 4134 res¹
828 4086 933 4149 sustula)
952 4087 985 4135 H.
1002 4104 1024 4138 c.
1040 4096 1068 4136 et
1081 4086 1115 4136 ed
1131 4103 1197 4136 mor·

124 4150 203 4217 igitur
220 4150 263 4201 hic
281 4169 389 4201 necesse
407 4168 480 4207 esse.
508 4150 534 4204 id
558 4161 646 4201 nostro
680 4160 732 4202 tem
754 4152 867 4205 educavi.
901 4155 932 4204 V.
949 4153 1085 4205 liulmiteu.
1103 4154 1132 4204 iu
1148 4154 1197 4204 Te-

113 4217 176 4270 !cco
192 4231 295 4291 actura
317 4236 378 4274 esec
400 4217 504 4271 dicitur.
540 4219 651 4272 Natura
681 4227 750 4271 rent.
768 4219 845 4271 aum.
859 4222 881 4271 i.
898 4225 933 4280 Ξ,
948 4224 990 4278 itt.
1061 4254 1067 4264 -
