2640 4626
119 159 181 256 168
355 190 644 256 ,warminiam
659 190 941 246 nuruuarrouuu
1012 274 1015 281 Ι

524 312 656 372 inlecto
678 311 823 389 humido,

202 396 467 475 Quod⁰eiulat11‚
490 404 613 475 questu,
636 398 766 474 gemitu,
786 396 972 474 fremitibus,

147 483 150 490 '
201 481 382 544 Resoueudo
403 481 559 542 multum⁹
580 481 690 542 flebilis
710 501 800 543 voces
819 483 917 542 refert.

118 585 195 656 Non
214 608 276 680 ego
293 578 443 653 dolorem
461 580 610 652 dolorem
626 605 698 653 esse
711 607 814 679 nego:
827 572 831 579 ’
842 607 901 653 cur
918 579 1006 653 eninr
1026 578 1189 655 fortitudo

120 683 387 759 desideraretur?
413 682 473 756 sed
490 709 565 756 eum
582 680 728 782 opprimi
743 682 820 755 dico
838 681 1014 782 patientia,
1040 678 1072 757 si
1089 680 1192 756 modo

120 802 170 862 est
184 786 291 905 aliqua
310 785 494 885 patientia:'
512 783 592 857 sin¹
611 783 776 872 nullasu,
802 784 884 883 quid
900 810 1099 858 exornamus
1142 782 1193 856 hi-

119 889 333 989 losophram?
360 903 418 962 aut
440 885 521 986 quid
540 885 610 960 eius
627 886 763 960 nomine
784 885 922 984 gloriosi
938 887 1077 961 sumus?
1134 914 1193 958 un-

120 991 169 1091 git
190 990 287 1064 dolor
304 1033 351 1046 -
368 989 418 1062 vel
432 988 564 1062 fodiat²
587 1013 683 1063 sane:
709 989 862 1062 sinodus
879 1016 933 1077 es,
959 989 1002 1081 da
1016 987 1189 1087 iugulum:

120 1094 174 1167 siu
205 1109 311 1166 tectus
343 1091 514 1165 Volcaniis
547 1091 667 1181 armis,
693 1090 802 1164 idest
827 1090 1039 1178 fortitudine,
1067 1090 1193 1164 resiste.

119 1195 202 1268 haec
218 1194 306 1267 enim
323 1210 372 1282 te,
397 1193 463 1267 nisi
478 1194 524 1297 ita
537 1192 657 1281 iacies,
683 1206 795 1267 custos
812 1193 1000 1291 dignitatis,
1025 1191 1194 1294 relinquet

123 1315 154 1372 et
175 1298 312 1370 deseret.

221 1404 278 1479 34.
304 1398 437 1471 Cretum
455 1396 590 1497 quidem
607 1395 718 1495 leges,
745 1424 826 1496 quas
844 1397 913 1471 sive
925 1394 1095 1497 luppiter,
1122 1396 1190 1470 sive

120 1501 250 1579 Minos*
265 1499 390 1588 sanxit,
417 1500 458 1573 de
484 1500 572 1573 lovis
598 1500 731 1599 quidem
750 1498 929 1588 sententia,
953 1515 990 1571 ut
1008 1514 1131 1599 poetae
1148 1499 1193 1573 se-

186 1671 254 1730 8V.
270 1669 336 1720 Ado.
370 1668 445 1727 9Sic
459 1667 545 1735 vulgo.
561 1669 593 1719 V.
610 1666 676 1719 Adn.
711 1668 828 1727 1SicL.
847 1668 919 1720 etde
933 1667 1017 1721 Bentl.
1034 1669 1102 1722 coni.
1121 1671 1193 1721 1).-

120 1739 181 1790 ltm.
205 1757 227 1793 c.
252 1736 321 1802 vulg.
346 1736 379 1785 si.
412 1735 530 1794 2Beutl.
551 1734 682 1802 ingeniose
706 1736 772 1787 coni.
791 1734 908 1806 fodicet.
944 1737 1019 1797 Certe
1040 1737 1106 1788 cod.
1125 1736 1193 1788 Med.

121 1800 326 1873 habetfodicot.
344 1804 382 1854 Cf.
399 1802 465 1853 iufra
479 1805 523 1853 111.
542 1796 591 1866 16,
644 1839 650 1854 .
986 1832 989 1837 ·

121 1905 181 1956 dam
194 1904 284 1972 lepore
300 1900 502 1963 desuetudine
524 1902 560 1953 sic
577 1918 642 1954 con·
674 1903 759 1966 habet,
776 1920 852 1970 quam
865 1902 943 1955 lectio
958 1904 1194 1979 vulgata-*Mox

121 1973 218 2022 sinuat:
243 1989 261 2022 a
275 1985 301 2022 te
323 1971 394 2021 enim
409 1971 478 2020 malo
496 1970 640 2023 discedere.
674 1973 824 2022 resonando
850 1972 964 2023 multum.
1015 1973 1058 2024 sic
1082 1973 1194 2026 Wollius

121 2039 173 2091 Alii
188 2039 298 2090 habent:
342 2051 398 2089 otes
421 2038 511 2088 dicere
531 2041 642 2089 Prome-
675 2057 732 2089 cum
755 2039 871 2105 vulgata3
911 2050 939 2089 at
961 2038 993 2090 de
1014 2041 1071 2090 Fiu.
1096 2042 1130 2092 11.
1155 2045 1193 2099 19.

122 2108 225 2169 ederim,
243 2119 289 2158 out
330 2107 379 2156 til.
404 2106 481 2155 Male.
675 2109 697 2176 §.
713 2107 755 2165 94.
773 2106 816 2157 ubi
829 2106 880 2156 duo
897 2108 1019 2185 postremi
1033 2125 1122 2159 versus
1138 2109 1195 2159 lau·

173 2176 201 2224 in
220 2175 285 2225 lecto
299 2202 332 2213 -
346 2173 521 2240 Quod-Quod
534 2171 643 2224 habetur
675 2173 783 2234 dantur,
801 2173 828 2223 in
856 2174 957 2290 optimis
982 2174 1062 2226 Codd.
1086 2175 1196 2226 habetur

122 2240 149 2292 in
185 2242 247 2308 Reg.
280 2242 325 2291 Gr.
364 2241 389 2290 b.
426 2250 452 2290 et
495 2241 641 2292 melioribus
675 2253 786 2290 mutum:
819 2258 868 2308 quo
911 2259 927 2292 a
950 2242 1067 2294 Bentleio
1089 2253 1197 2313 propter

123 2307 204 2359 codd.
220 2335 254 2347 -
280 2312 342 2366 03¹.
364 2317 389 2358 et
413 2307 477 2359 Edd.
492 2317 555 2358 vett.
580 2318 642 2358 tan-
675 2307 776 2374 elegans
796 2308 943 2360 antitheton
964 2311 1104 2377 probatum
1122 2328 1203 2362 rece-¹

121 2385 177 2426 tum
193 2392 245 2426 uon
266 2392 371 2439 omnes,
388 2375 499 2444 itemque
513 2375 641 2426 Emestius
673 2374 713 2443 pit
727 2370 844 2427 Orellius.
1047 2394 1050 2398 ·

122 2443 212 2509 legunt
227 2445 272 2511 qui
280 2462 287 2491 .·
305 2460 370 2510 quae
384 2442 461 2493 lectio
479 2441 547 2493 haud
565 2443 641 2493 dubie
725 2444 750 2493 si
759 2443 891 2510 audisses)
909 2445 943 2494 11.
961 2461 984 2494 e.
998 2444 1019 2495 si
1034 2462 1096 2511 eges
1113 2445 1197 2511 arinis,

123 2528 138 2561 a
154 2510 301 2577 glossatoris
318 2528 395 2559 mauu
409 2511 526 2578 prolecta
543 2520 595 2572 est,
612 2519 641 2560 ut
674 2510 763 2578 quibus
780 2511 881 2563 resistas
897 2509 996 2576 dolori,
1013 2513 1039 2563 h.
1056 2531 1078 2563 e.
1096 2514 1120 2564 si
1139 2531 1197 2581 eges

101 2578 278 2647 ¹pronominis
305 2576 407 2627 relativi
430 2594 508 2642 genus
531 2576 641 2646 adapta·
673 2574 831 2629 tortitudine.

123 2655 193 2696 retur
210 2644 268 2694 voci
291 2645 375 2704 lecto,
403 2661 466 2711 quae
485 2644 553 2710 apud
576 2661 641 2712 pro·
725 2646 761 2696 da
774 2645 907 2715 iugulum)
930 2647 1000 2697 Haec
1012 2647 1127 2700 formula
1148 2648 1197 2700 de-

122 2713 196 2762 butos
218 2711 354 2778 scriptores
377 2711 514 2761 masculino
547 2706 642 2777 genere
673 2722 757 2762 sumta
781 2723 819 2762 est
842 2713 1069 2780 agladiatoribus‚
1089 2733 1199 2784 quorum

122 2779 210 2830 utitur.
245 2781 301 2829 Duo
318 2778 448 2827 dumtaxat
463 2778 561 2844 loci(v.
573 2780 640 2829 For·
691 2779 716 2829 ui
729 2779 834 2830 inferior
848 2791 902 2832 erat
911 2781 1064 2845 adversario,
1080 2783 1198 2851 iugulum

124 2846 210 2898 collini
226 2844 304 2896 Thes.
319 2846 378 2894 Lat.
393 2863 413 2894 s.
430 2846 481 2911 v.)‚
506 2844 533 2894 in
550 2845 640 2913 quibus
673 2797 846 2897 dissecandum
854 2848 1008 2916 porrigebat,
1025 2860 1052 2905 et
1068 2849 1144 2902 itese
1157 2852 1198 2902 vi-

122 2915 218 2966 leetum
232 2928 325 2978 genere
337 2920 427 2963 neutro
442 2912 550 2978 legitur,
573 2914 641 2980 iique
674 2915 923 2982 ctumprolitebatur‚
940 2918 1083 2985 explicante
1093 2919 1198 2972 Naidio.

125 2997 156 3032 ex
171 2978 292 3046 Ulpiano,
309 2978 413 3028 excitari
429 2990 542 3057 possunt
560 2981 641 3032 Wol·
727 2983 867 3032 Volcaniis
877 2984 969 3050 armis)
989 2985 1199 3051 „quibusAcbil-

123 3048 170 3098 iius
184 3045 286 3113 quidem
303 3045 438 3125 antiquiori
451 3046 573 3098 latinitati
590 3049 641 3098 tn'-
673 3049 710 3098 les
726 3058 808 3099 tectus
827 3061 890 3101 erat.
925 3053 1013 3101 Deson
1032 3051 1133 3103 tionem
1150 3071 1198 3105 eo-

123 3114 188 3175 buit,
209 3112 254 3162 sed
270 3129 349 3181 aequo
364 3131 426 3177 rure,
445 3114 482 3163 uti
496 3126 566 3165 recte
576 3133 641 3167 con·
674 3134 729 3166 rum
751 3135 773 3166 v.
792 3117 818 3166 iu
832 3119 906 3168 Hom.
923 3119 953 3170 ss.
972 3070 1075 3183 Xlilss,
1095 3123 1149 3181 478
1163 3149 1197 3162 -

124 3191 165 3231 tra
180 3190 267 3230 mouet
284 3180 405 3244 Orellius,
423 3183 569 3249 posterioris
588 3199 642 3232 esse
675 3183 737 3233 liu.“
751 3184 847 3235 Neide.

124 3247 227 3297 dixeris.
254 3248 422 3299 Facileomui
435 3266 481 3299 noo
490 3250 642 3300 difficultate
725 3251 768 3309 34.
788 3255 893 3302 Oretum
901 3253 1014 3322 quidem)
1024 3255 1128 3307 Vocula
1137 3256 1198 3326 qui-

125 3315 245 3384 expedire
255 3315 390 3433 possimus,
407 3316 428 3366 si
444 3327 560 3369 neutrum
574 3317 642 3386 quod
675 3317 735 3368 dem
748 3318 859 3380 indicat,
877 3321 996 3389 exemplis
1013 3339 1068 3372 rem
1085 3325 1198 3392 aliquam

124 3400 177 3434 non
185 3383 246 3433 adv.
265 3383 471 3446 ectorel'eramus,
479 3385 524 3435 sed
533 3384 642 3437 adalind
676 3385 843 3437 demonstrari
857 3387 1017 3439 illustrarite.
1053 3390 1094 3440 Gt.
1105 3392 1197 3443 Adno-

123 3451 251 3519 quoddam
264 3468 366 3513 nomen,
382 3450 451 3518 quod
470 3469 642 3519 praegressum
675 3463 730 3503 tata
743 3453 770 3503 in
785 3456 806 3504 I.
823 3460 864 3517 22,
883 3461 923 3514 51.
943 3456 1017 3517 Quod
1033 3467 1122 3509 autom
1137 3461 1197 3529 qui-

124 3519 158 3568 sit
188 3519 215 3569 in
236 3518 315 3585 priori
346 3519 519 3569 antecedentis
557 3537 643 3570 versus
676 3521 735 3570 dem
745 3522 853 3589 repetite
866 3523 976 3589 positum
985 3524 1196 3579 moritorumse-

124 3598 213 3702 parte,
231 3603 288 3636 uam
309 3587 375 3654 apud
393 3586 445 3636 Cic.
460 3587 516 3637 Fin.
540 3589 579 3650 ΙΙ,
598 3592 640 3646 ¹29.
674 3589 775 3705 quitur,
804 3588 937 3641 oll'eusioni
959 3608 1012 3642 esse
1035 3610 1088 3643 uon
1112 3590 1196 3653 debet.

135 3653 231 3717 egitur:
249 3654 437 3714 „Quamobrem
453 3664 527 3722 turpe
544 3665 641 3722 putau-
693 3659 822 3706 eSenect.
839 3675 860 3707 c.
882 3659 924 3716 14.
958 3663 1042 3727 Atque
1056 3658 1125 3713 haec
1156 3662 1196 3712 ui·

126 3719 186 3769 daun
211 3729 265 3780 est,
283 3737 335 3770 non
360 3720 418 3772 dico
439 3721 542 3784 dolere,
568 3725 640 3788 (narn
674 3723 732 3773 dem
749 3724 831 3774 studia
846 3724 992 3777 doctrinae:
1010 3744 1113 3798 quaeq
1133 3730 1138 3743 '
1158 3747 1196 3780 eru

125 3786 153 3836 id
175 3785 275 3853 quidem
304 3796 343 3838 est
370 3787 496 3838 interdum
519 3791 640 3856 necesse)
673 3791 838 3858 prudentibus
849 3801 876 3841 et
889 3793 954 3844 bene
975 3793 1102 3847 institutis
1144 3797 1195 3849 ari-

125 3851 170 3903 sed
186 3870 273 3902 saxum
294 3852 358 3904 illud
372 3854 503 3904 Lemnium
530 3857 641 3908 clamore
672 3869 713 3907 ter
737 3876 792 3908 curu
821 3869 905 3910 aetate
935 3873 1065 3915 creseunt:
1106 3883 1124 3915 u
1143 3864 1149 3878 ‘
1168 3881 1191 3915 r.

124 3919 301 3971 Philoctetaeo
319 3921 461 3970 fuuesmre:
487 3924 561 3986 Quod
580 3926 640 3975 eiu-
674 3925 786 3976 Oohsner
814 3927 868 3977 Ecl.
892 3945 919 3994 p.
945 3932 1000 3988 113.
1027 3931 1061 3981 de
1083 3931 1141 3984 Fin.
1162 3931 1192 3982 V.

125 3985 325 4064 loru-refert.
360 3986 641 4056 Bouheriuslegondum
674 3996 717 4056 27,
734 3997 777 4052 80.
803 3995 871 4061 quod
888 3995 989 4062 quidem
1003 3998 1072 4049 solet
1088 3996 1192 4051 ebullire

125 4055 298 4122 suspicabatur
313 4055 541 4120 snoeetohumido,
559 4060 641 4137 quod:
674 4077 867 4128 nonuunquam:
899 4081 975 4130 qutun
1008 4066 1113 4133 quidem
1145 4076 1189 4118 eto·

124 4140 190 4190 quae
213 4123 358 4174 coniectura
374 4121 422 4171 etsi
444 4123 643 4189 ingeniosissima
675 4127 718 4177 ubi
731 4145 755 4178 v.
773 4130 897 4181 Goerenz.
915 4149 940 4199 p.
956 4135 1015 4191 631.

120 4201 174 4254 est,
191 4200 276 4242 tarueu
291 4189 374 4241 miuus
390 4191 519 4260 poeticum
530 4193 642 4244 colorem
726 4195 783 4246 siue
799 4198 902 4264 Minos)
918 4201 1039 4252 Lactaut.
1054 4203 1114 4255 niv.
1130 4204 1187 4254 tusa
