2640 4626
511 44 537 93 is

118 156 188 267 239Ι
364 202 643 259 rvscssnanannu
660 201 940 255 nurursnounn

120 352 233 399 vemm
249 320 313 412 sit,
337 320 383 397 ad
399 349 521 422 corpus
539 319 652 394 omnia
673 319 794 396 referre
811 319 1013 421 sapientem,
1039 319 1129 408 sive,
1152 336 1186 393 ut

120 425 293 501 honestius
314 422 440 527 dicpm,
465 423 549 496 nihil
573 423 682 498 facere
713 423 780 498 nisi
801 422 894 523 qnod
924 421 1095 525 expediat,
1121 420 1187 496 sive

121 528 233 601 omnia
255 525 377 603 referre
402 525 445 601 ad
469 525 641 599 utilitatem
668 553 780 617 suam;
805 525 965 625 quoniam
990 524 1074 599 haee
1121 522 1187 599 lau·

87 699 90 707 .
120 629 233 703 sibilia
264 657 333 703 nou
366 646 459 719 sunt,
484 644 520 701 ut
553 627 588 700 in
624 627 700 703 sinu
723 627 904 728 gaudeant;
929 625 1075 728 gloriose
1096 551 1189 728 loqui

121 732 282 809 desinant.
513 786 516 791 -
627 766 628 771 ¹
657 794 662 802 ,

221 834 331 931 XXlI.
369 841 426 914 52.
454 832 712 937 Cyrenaicorum
726 830 1018 922 restatsententia:
1045 829 1188 932 quitum

123 936 362 1036 aegritudinem
376 951 511 1010 censent
523 935 689 1023 exsistere,
709 934 737 1008 si
751 934 960 1034 necopinato
976 932 1060 1034 qnid
1075 960 1189 1008 evene·

122 1039 174 1113 rit.
200 1055 250 1113 est
275 1038 311 1113 id
336 1037 469 1137 quidem
484 1065 658 1136 magnum,
683 1053 837 1137 utsupra
856 1035 944 1110 diri:
969 1036 1067 1111 etiam
1084 1035 1190 1139 Chry·

123 1141 223 1242 sippo
241 1141 285 1213 ita
302 1139 407 1214 videri
424 1140 506 1229 scio,
524 1139 615 1239 quod
631 1139 800 1242 provisum
816 1156 890 1214 ante
908 1167 978 1213 nou
994 1137 1048 1228 sit,
1063 1137 1102 1212 id
1115 1137 1190 1243 leri-

123 1249 188 1318 re³
215 1242 460 1318 vehementius:
485 1242 545 1317 sed
570 1271 639 1316 non
665 1258 743 1314 sunt
767 1242 803 1314 in
834 1242 898 1316 hoc
922 1241 1042 1316 omnia.
1076 1269 1191 1345 qnam·

124 1374 223 1446 qnam
247 1345 393 1419 hostium
412 1373 533 1447 repens
561 1344 719 1420 adventus
747 1344 852 1441 magis
871 1342 1040 1444 aliquanto
1058 1359 1192 1418 contur-

122 1448 181 1522 bat
201 1477 300 1548 quam
325 1464 547 1547 exspectatus;
575 1462 606 1519 et
632 1446 738 1519 maris»
760 1446 870 1520 subita
890 1462 1068 1548 tempestas
1093 1473 1192 1546 quam

31 1574 50 1593 ²
125 1567 199 1625 ante
248 1549 359 1623 rovisa
383 1566 483 1623 terret
507 1548 692 1647 navigantis
708 1547 949 1623 vehementius:
977 1564 1009 1623 et
1026 1547 1192 1622 eiusmodi

124 1670 201 1727 sunt
215 1579 379 1753 pileraque.
405 1650 465 1725 sed
485 1678 587 1749 quum
605 1649 780 1749 diligenter
795 1679 855 1725 nec
872 1650 1085 1751 opinaturum
1100 1666 1193 1723 natu-

124 1783 194 1828 ram
220 1751 429 1841 consideres,
454 1751 538 1824 nihil
567 1751 658 1825 aliud
682 1752 844 1852 reperias,
869 1752 936 1827 nisi
959 1752 1072 1826 omnia
1087 1751 1192 1826 videri

125 1855 236 1929 subita
267 1854 412 1943 maiora3
438 1870 469 1927 et
504 1852 638 1953 quidem
672 1854 716 1927 oh
743 1854 826 1929 duas
860 1880 1010 1949 sameas:
1036 1854 1193 1955 primum,

126 1957 235 2058 qnod,
261 1974 381 2057 quanta
406 1955 472 2029 sint
495 1983 578 2055 qnae
593 1955 773 2044 accidunt,
799 1955 1033 2032 considerandi
1049 1957 1191 2065 spatium

126 2052 338 2134 non'datur:
365 2057 506 2145 deinde,
533 2086 634 2157 quum
664 2057 794 2132 videtur
817 2059 1007 2160 praecaveri
1033 2059 1192 2159 potuisse,

127 2163 156 2235 si
178 2161 349 2260 provisum
370 2176 473 2249 esset,
499 2159 596 2260 quasi
617 2159 712 2261 culpa
728 2178 932 2251 contractum
948 2161 1071 2236 malum
1090 2155 1193 2262 aegri-

127 2262 275 2337 tudinem
293 2263 452 2336 acriorem
468 2261 555 2336 facit.

228 2374 287 2446 53.
315 2364 417 2463 Quod
445 2364 490 2438 ita
512 2392 583 2439 esse
610 2362 682 2438 dies
706 2364 865 2440 declarat:
892 2394 976 2465 qnae
1006 2365 1192 2466 procedens

128 2469 174 2541 ita
191 2469 335 2567 mitigat,
360 2485 396 2540 nt
411 2466 529 2540 iisdem
547 2465 643 2540 malis
660 2468 869 2543 manentibus
887 2495 955 2540 non
972 2468 1074 2541 modo
1095 2467 1195 2542 lenia·

128 2587 183 2643 tur
201 2569 382 2667 aegritudo,
399 2568 459 2642 sed
475 2568 511 2640 in
524 2568 691 2668 plerisque
711 2568 850 2642 tollatur.
900 2570 1194 2668 Karthaginienses

127 2671 221 2745 multi
245 2674 370 2745 Romae
395 2669 594 2758 servierunt;
619 2670 840 2759 Macedones,
863 2700 941 2771 rege
963 2672 1064 2746 Perse
1092 2689 1195 2773 capto.

107 2774 198 2849 'vidi
234 2773 331 2847 etiam
363 2772 398 2845 in
431 2770 684 2873 Peloponneso,
716 2800 819 2872 quum
854 2802 960 2848 essem
992 2773 1197 2864 adolescens,

88 2958 91 2962 ⁸
130 2877 293 2977 quosdam
320 2873 520 2948 Corinthios.
550 2873 586 2947 hi
614 2891 766 2976 poteraut
797 2903 911 2950 omnes
936 2876 1050 2971 eadem
1077 2874 1137 2950 illa
1158 2877 1196 2950 de

129 2977 365 3080 Andromacha
387 2975 577 3077 deplorare,
603 2976 703 3050 Haec
724 2981 845 3067 omneis
861 2977 936 3051 vidi
957 3038 964 3052 .
990 3038 997 3051 .
1023 3037 1030 3051 .
1056 2979 1120 3053 sed
1133 2978 1196 3052 iam

132 3082 382 3165 decantaverant
416 3080 565 3152 fortasse.
591 3107 630 3153 eo
667 3079 754 3154 enim
789 3097 882 3154 erant
904 3080 1010 3170 voltu,
1036 3080 1198 3169 oratione,

197 3289 215 3343 3
231 3284 274 3336 Sic
289 3281 358 3334 coni.
375 3282 473 3336 Rivius.
489 3282 613 3352 Egregie!
630 3283 714 3351 Vulgo
724 3282 801 3352 fieri.

165 3402 288 3482 'insinua
300 3401 450 3473 gaudeant)
468 3403 501 3454 Η.
517 3418 539 3453 e.
554 3418 647 3466 secum,
681 3401 756 3452 detur
783 3401 946 3482 consideres.
987 3405 1022 3454 At
1047 3411 1120 3454 recte
1146 3417 1197 3453 sese

117 3481 250 3616 Ῥηνέἲιῗ
252 3504 342 3589 ltxn.
358 3516 402 3598 52.
420 3554 473 3590 non
484 3550 546 3589 sunt
558 3538 587 3588 in
600 3538 649 3589 hoc
681 3469 1109 3616 habzicuetnilecsi'iiridhrddlescens)
1142 3552 1198 3615 num

133 3607 234 3722 tttttl
254 3605 649 3742 flttdllltttttpltt
681 3604 1198 3723 ltttt⁰tt·cls.it⁸at.ltttt

134 3739 276 3790 sententiae
292 3742 403 3794 clausula
420 3741 539 3810 ponitur,
564 3741 650 3809 posuit
683 3739 771 3791 Cicero
795 3749 870 3790 natus
895 3758 919 3790 u.
944 3743 977 3791 U.
1008 3740 1067 3799 647.
1103 3739 1197 3791 Neide.

134 3808 326 3875 punctumloco
340 3809 399 3860 coli.
433 3810 464 3859 V.
477 3810 602 3860 Goerenz.
616 3807 650 3859 ad
682 3808 749 3874 Ergo
771 3807 887 3858 Ciceroni
908 3807 1053 3858 Corinthios
1077 3807 1198 3875 quosdam

134 3878 212 3942 Legg.
228 3876 259 3924 ll.
276 3881 323 3938 10,
339 3877 383 3935 24.
399 3894 424 3944 p.
440 3881 499 3934 136.
683 3893 713 3925 ca
731 3875 797 3927 tivos
812 3875 838 3924 in
854 3874 927 3925 senili
943 3885 1030 3926 aetate
1047 3875 1200 3927 constitutos

201 3959 340 4011 numquam
353 3970 386 3983 ·-
400 3943 457 4010 sed)
475 3945 506 3995 V.
521 3943 650 3995 Adnotatu
682 3892 770 3994 videre
785 3942 866 3993 licuit.

135 4012 161 4062 in
176 3961 201 4069 l?
213 4014 246 4068 37
253 4047 262 4071 ,
278 4015 321 4068 90.
733 4010 955 4072 decantaverant)
985 4011 1018 4060 H.
1040 4026 1063 4059 e.
1088 4018 1198 4067 cantare,

184 4078 322 4147 aliquanto
339 4077 435 4147 magis)
460 4080 491 4130 V.
508 4078 604 4129 Adnot.
623 4079 650 4129 in
683 4097 703 4130 s.
720 4077 853 4144 deplorare
867 4077 917 4127 iam
932 4076 1067 4128 desierunt.

135 4151 166 4199 ll.
182 4151 231 4208 27,
248 4149 289 4204 66·
733 4145 823 4205 vultu,
856 4146 976 4195 oratione
1001 4145 1065 4211 etc.)
1097 4143 1141 4194 Sic
1170 4141 1199 4192 ds

176 4212 599 4285 quumc·0ns1'deres)Legeudum
609 4211 653 4264 vi·
685 4212 794 4265 offinl.
807 4214 859 4275 Ὤ,
875 4217 932 4271 lm.
963 4228 1072 4280 quorum
1088 4211 1200 4263 omnimo
