2640 4626
541 203 671 255 urana
688 205 733 256 in
749 207 793 263 32.
1139 196 1210 271 241

120 323 157 395 in
187 318 411 406 consolando,
438 320 610 394 detrahere
637 320 727 396 illam
749 322 942 422 opinionem
966 330 1145 417 maerenti,
1171 330 1201 403 si

120 455 157 497 se
180 422 293 496 officio
312 421 406 520 fungi
426 439 518 522 putet
535 423 624 496 iusto
640 440 739 522 atquc
755 425 877 513 dmito.
903 445 981 500 sunt
1001 429 1116 519 etiam,
1143 433 1200 531 qui

120 528 205 599 baec
234 524 347 598 omnia
370 553 491 622 genera
515 526 711 598 consolandi
727 527 901 625 colligant:
928 529 1012 604 alius
1032 533 1119 605 enim
1135 533 1214 608 alio,

120 628 225 702 modo
252 642 409 700 movetur.
435 644 472 700 ut
498 627 566 701 lere
593 657 657 701 nos
682 629 715 702 in
735 629 998 706 Consolatione¹
1027 636 1139 709 omnia
1164 637 1200 710 in

121 728 385 824 consolatiqnem
419 758 520 803 unam
546 730 767 821 coniecimns;
800 735 979 808 eratenim
1005 737 1040 810 in
1069 755 1199 815 tumore

121 834 274 918 animus,
300 849 332 906 et
347 832 455 905 omnis
472 832 506 905 iu
525 862 563 906 eo
583 834 771 906 tentabatur
789 835 923 909 curatio.

224 934 293 1009 Sed
314 936 512 1008 sumendum
535 952 666 1035 tempus
685 953 818 1009 estnon
834 937 943 1012 minus
958 939 993 1012 in
1012 940 1198 1016 animorum

120 1037 261 1124 morbis,
288 1065 386 1136 quam
405 1036 440 1109 in
457 1065 643 1137 corporum.
669 1056 704 1112 ut
720 1040 937 1116 Prometheus
952 1041 1010 1117 ille·
1020 1044 1197 1149 Aeschyli3

121 1141 175 1214 cui
191 1164 294 1240 quum
310 1140 435 1212 dictum
451 1157 556 1228 esset,

208 1262 317 1340 Atqui,
339 1262 537 1337 Prometheu,
559 1272 590 1322 te
609 1261 669 1322 boc
690 1273 792 1324 tenere
815 1265 981 1343 existumo,

206 1347 322 1417 Medeai
341 1368 428 1427 posse
448 1349 595 1407 rationem
617 1348 810 1409 iracundiae:

119 1445 353 1546 respondet³,

206 1567 361 1646 Siquidem
382 1568 436 1645 qui
456 1568 666 1647 tempestivam
686 1569 867 1629 medicinam
887 1570 1053 1632 admovens

206 1654 276 1712 Nou
298 1652 337 1711 ad
358 1671 535 1729 gravescens
557 1654 666 1712 vobrus
687 1654 788 1714 illidat
807 1661 924 1715 manua.

222 1750 366 1827 XXXII.
417 1759 474 1832 77.
498 1749 569 1824 Erit
599 1750 701 1849 igitur
728 1751 762 1825 in
784 1752 1069 1827 consolationibus
1086 1755 1194 1854 prima

120 1852 306 1939 medicina,
341 1851 489 1941 docere,
505 1870 559 1925 aut
585 1854 710 1927 nullum
734 1855 857 1928 malum
885 1883 974 1940 esse,
1000 1873 1056 1929 aut
1079 1856 1193 1929 admo-

120 1957 203 2030 dum
230 1982 385 2055 parvum:
422 1953 542 2042 altera,
568 1972 600 2029 et
627 1956 668 2047 de
695 1957 862 2030 communi
886 1957 1076 2030 conditione
1098 1958 1193 2046 vitae,

120 2076 152 2133 et
165 2057 325 2163 proprie,
352 2056 381 2129 si
397 2056 479 2157 quid
495 2057 538 2129 sit
554 2057 594 2130 de
609 2057 734 2158 ipsius,
784 2058 819 2130 ui
834 2075 995 2146 maereat,
1021 2058 1192 2158 disputan-

120 2162 251 2235 dunt:
288 2158 403 2248 tertia,
427 2188 589 2232 summam
621 2188 693 2234 esse
724 2087 894 2234 stidtitiam
925 2161 1046 2234 frustra
1074 2161 1191 2236 confici

188 2354 206 2407 2
229 2347 271 2398 stc
287 2348 319 2396 D.
347 2346 441 2413 elleg.
466 2345 600 2397 Pithoeau.
618 2355 645 2397 et
669 2346 772 2414 optimis
796 2346 886 2414 quibus
905 2365 936 2398 ue
960 2349 1039 2399 codd.
1057 2359 1084 2398 et
1107 2349 1144 2398 sic
1166 2349 1190 2399 b.

122 2423 189 2476 021.
207 2417 236 2467 P.
254 2445 287 2455 -
304 2415 363 2465 Ern.
381 2433 404 2466 c.
422 2414 491 2480 vulg.
509 2414 580 2465 omis.
598 2415 629 2464 in
650 2415 842 2466 Consolatione.
857 2366 918 2466 Sub.
937 2414 1033 2467 cortex.
1060 2417 1149 2466 onmia
1162 2417 1193 2466 in

120 2503 202 2536 unum
215 2482 381 2533 coniecimus.
415 2486 433 2540 3
449 2483 490 2533 stc
506 2482 642 2550 pleraeque
650 2482 715 2533 Edd
733 2493 839 2533 vetn-
856 2485 915 2533 Em.
933 2500 956 2533 c.
974 2482 1030 2534 aliis
1045 2483 1191 2553 respondit.

119 2555 138 2613 4
154 2554 188 2606 V.
205 2551 271 2601 Adn.

119 2683 188 2722 tasse
205 2667 326 2738 explicari
342 2684 417 2736 posse
436 2677 524 2735 putat:
550 2667 643 2729 „nilnl
723 2668 862 2735 Aeschyli]
869 2668 997 2721 Prometb.
1004 2668 1090 2719 Vinct.
1100 2685 1124 2718 v.
1131 2673 1190 2727 377.

119 2740 207 2806 igitur,
224 2736 364 2803 verequod
377 2735 429 2785 dici
442 2733 531 2802 possit,
547 2735 640 2786 moli.“
673 2739 788 2787 Oceanus
804 2736 925 2804 loquitur.
1124 2778 1129 2785 .

121 2813 193 2870 Quae
209 2816 296 2861 tamen
313 2803 449 2870 explicatio
465 2803 514 2853 sibi
531 2802 579 2871 ipsi
596 2822 640 2854 sa·
710 2803 838 2871 Οὔκουν,
856 2805 1028 2872 Προμηθεῦ,
1051 2805 1135 2858 τοῦτο
1150 2822 1190 2871 yt-

119 2874 240 2925 tislacere
264 2888 316 2921 non
340 2870 448 2921 videtur.
495 2871 641 2938 Suspicatus
950 2871 1079 2933 αῶσκεις,
1096 2869 1139 2924 ὅτι

120 2942 188 2993 enim
201 2939 337 3006 legendum
351 2956 417 2989 esse:
435 2937 568 2988 nibil-soli
581 2938 640 3004 lde·
706 2936 810 3008 Ὀργῆς
836 2938 974 3008 Μούσης
1004 2939 1074 2992 elale
1096 2936 1190 3005 lutosi
1290 3009 1298 3024 1

120 3011 177 3077 tir.)
194 3025 210 3058 e
227 3011 250 3077 ρ.
264 3012 306 3066 79,
347 3006 475 3057 Manutius
491 3014 518 3055 ct
533 3006 640 3056 Lambi—
921 3063 924 3067 ,
997 3010 1091 3073 loyen

120 3096 169 3128 nus
182 3092 316 3126 correxere
328 3075 402 3125 nihil
413 3075 483 3123 novi.
519 3077 552 3122 At
566 3083 640 3124 acute
674 3075 720 3124 cui
735 3073 900 3125 Prometheus
916 3074 1068 3142 respondet:

120 3143 235 3214 pervidit
258 3142 389 3204 Davisius,
417 3157 473 3191 oum
499 3151 640 3191 ceterorum
706 3140 776 3196 Ἐάν
793 3161 834 3204 τις
849 3140 879 3196 ἐν
895 3143 984 3211 καιρῷ
997 3158 1027 3210 γε
1042 3140 1190 3211 μαλθάσσῃ

122 3229 188 3281 quae
203 3209 245 3260 hic
259 3210 404 3260 referuntur
418 3208 577 3259 decretorum
590 3227 640 3275 pa-
1022 3211 1089 3276 κέαρ

122 3279 191 3331 troni
217 3277 340 3327 nominati
364 3276 430 3338 sint,
464 3276 542 3325 etiam
566 3275 640 3326 huius
708 3275 765 3330 Καὶ
805 3275 844 3344 μὴ
887 3278 1047 3346 σφριγῶντα
1093 3274 1190 3344 θυμὸν

122 3345 265 3398 sententiae
280 3354 445 3412 patronorum
462 3360 554 3395 nomen
569 3343 641 3422 sequi
953 3344 1078 3413 ἰσχναίνῃ
1096 3345 1154 3462 diff.

122 3415 225 3465 debere.
248 3414 303 3462 Hos
317 3422 400 3462 autem
408 3411 559 3478 Cyrenaicos
573 3411 640 3460 lurs—
723 3414 782 3463 Car.
797 3413 912 3463 XXXII.
930 3416 971 3469 77.
990 3412 1116 3479 &eputari
1137 3412 1188 3476 um)

122 3501 163 3546 se,
180 3480 224 3530 vel
239 3497 271 3529 ex
285 3480 318 3530 iis
331 3480 426 3546 liquet,
453 3495 518 3545 quae
534 3478 640 3544 legimus
672 3480 872 3547 Exspectabetur
885 3479 1036 3548 disputare,
1060 3487 1089 3527 ut
1103 3479 1189 3547 paullo

121 3566 236 3619 suprac.
252 3552 296 3610 13,
313 3551 356 3606 28.
373 3556 400 3597 et
414 3563 436 3596 c.
451 3552 499 3608 22,
518 3552 558 3602 52.
583 3547 640 3595 Ne·
673 3558 733 3598 ante
747 3547 849 3596 docere.
882 3544 1011 3597 Ernestius
1025 3562 1115 3596 vocem
1129 3545 1189 3597 dis-

122 3635 172 3686 que
200 3632 262 3665 vero
289 3614 399 3683 cuipiam
424 3613 558 3665 offensioni
584 3612 640 3674 erit,
691 3613 819 3664 utendum
853 3624 881 3663 ut
919 3612 1030 3681 spuriam
1067 3613 1188 3663 exclusit:

122 3684 194 3753 qnod
210 3683 274 3734 baec
290 3681 433 3732 emendatio
450 3700 465 3731 a
481 3681 585 3747 vulgata
600 3681 641 3730 le·
712 3682 784 3732 olims
800 3691 827 3732 et
841 3680 989 3731 Schuetzius
1008 3698 1064 3732 cam
1078 3681 1189 3731 reduxe-

121 3753 210 3803 ctionc
240 3749 346 3800 nimium
373 3749 489 3799 videatur
511 3748 639 3799 recedere.
673 3760 741 3801 runt.
776 3753 813 3800 Ac
827 3759 897 3799 recte
913 3747 1023 3816 quidem
1049 3749 1190 3800 Verborum

121 3821 192 3871 Nam
204 3818 320 3886 primum,
337 3817 365 3867 in
379 3817 508 3868 nominum
520 3816 642 3884 proprio·
672 3817 752 3867 series
765 3834 821 3867 eam
833 3815 974 3868 necessario
988 3817 1125 3884 efflagitat:
1143 3834 1191 3867 nec

114 3905 177 3938 snm
199 3887 324 3954 scriptura
340 3902 416 3953 saepe
430 3884 562 3950 insiguiter
576 3882 641 3951 lapsi
674 3885 739 3935 illud
750 3886 815 3935 male
830 3885 987 3935 nos.habere
1003 3895 1105 3952 potest,
1121 3884 1190 3953 quod

121 3965 184 4006 snut
196 3953 309 4011 librarii;
325 3961 388 4015 tam,
406 3952 432 4003 si
444 3953 538 4002 ductus
552 3964 643 4002 αρκα-
675 3952 758 4004 oratio
773 3953 860 4020 paullo
881 3952 950 4019 negli
968 3953 1050 4004 entius
1070 3952 1190 4003 decmnit.

121 4024 176 4073 das
206 4021 374 4080 litterarum,
407 4039 425 4070 a
449 4020 562 4089 vulgata
587 4032 643 4070 tam
675 4022 757 4084 Nam,
782 4021 851 4088 quod
867 4021 917 4071 iam
933 3971 1074 4071 identidem
1089 4018 1192 4070 monui-

121 4092 205 4160 longe
227 4106 280 4138 non
308 4089 420 4149 amant,
454 4106 533 4158 quam
552 4088 644 4168 prima
675 4106 744 4150 mus,
761 4088 841 4139 iubis
854 4088 987 4154 dialogicis
1000 4087 1101 4156 scriptis
1116 4103 1192 4152 saepo

119 4157 200 4227 facie
219 4157 323 4208 censeri
346 4168 441 4226 queat,
466 4166 495 4206 ut
511 4155 572 4224 ipsis
589 4158 644 4206 Da-
676 4157 765 4206 Cicero
784 4157 1009 4224 grataelscrmonis
1022 4153 1192 4221 negligentiae

122 4227 182 4277 visii
199 4225 283 4275 verbis
299 4234 383 4279 utar..
677 4223 793 4283 indulsit,
