2640 4626
199 186 241 254 16
599 191 859 245 raomoonnna.

197 320 236 380 lis
256 318 373 378 animus
392 320 458 375 sine
474 332 602 394 corpore
618 313 673 390 sit,
695 313 863 392 intelligere
885 324 915 374 et
938 311 1118 394 cogitatione
1135 337 1276 398 conspre-

197 418 340 482 hendere.
385 416 422 476 Id
443 426 542 475 autem
561 413 641 474 nihil
667 426 725 490 est,
747 415 806 474 nisi
823 416 901 476 forte
925 416 1070 493 dicimus,
1093 419 1176 496 quod
1193 439 1277 478 nun·-

198 541 290 603 quam
307 519 449 593 vidimus,
471 517 506 576 id
522 518 612 597 quale
625 517 682 593 sit,
703 518 872 596 intelligere
887 540 942 578 nos
960 541 1024 578 non
1041 541 1136 599 posse.
1181 522 1222 580 At
1242 533 1278 581 ut

199 625 306 698 deum,
328 640 456 700 corpore
477 619 658 695 liberatum,
678 619 722 679 ita
744 621 877 679 animum
900 621 1083 698 cogitatione
1111 623 1274 702 complecti

196 704 373 807 possumus,
394 722 496 798 immo,
519 719 544 781 si
559 720 652 780 animi
665 729 805 781 naturam
821 706 984 798 intuemur,
1006 723 1103 783 multo
1123 723 1278 785 difficilior

197 827 287 889 nobis
305 825 463 901 multoque
484 823 642 885 obscurior
663 823 751 883 debet
774 845 835 884 esse
853 825 1009 903 cogitatio,
1040 825 1138 902 qualis
1158 828 1276 900 animm

197 931 231 990 in
246 947 373 1007 corpore
389 926 438 1001 sit,
460 934 606 1003 tanquam
623 925 738 985 alienae
750 925 841 1002 domi,
865 946 954 1004 quam
967 927 1074 1004 qualis,
1098 947 1192 1006 quum
1211 929 1276 989 exi·

198 1032 258 1092 erit
278 1039 308 1090 et
334 1029 368 1088 in
393 1027 524 1087 liberum
541 1027 656 1087 caelum
675 1028 762 1107 quasi
782 1027 905 1115 domum
922 1048 1007 1087 suam
1024 1029 1150 1089 venerit.
1175 1051 1201 1089 c.
1224 1033 1275 1100 22.

197 1133 254 1199 His
283 1131 321 1192 da
351 1130 521 1191 animorum
547 1138 617 1208 post
642 1139 771 1199 mortem
803 1139 885 1189 statu
910 1129 1097 1209 praemissis,
1140 1132 1201 1191 iam
1226 1152 1274 1191 se·

198 1241 336 1314 quantia

280 1383 497 1465 Argumenta,
521 1382 632 1462 quihus
649 1381 852 1442 demonstrari
863 1387 975 1462 possit,
999 1389 1120 1444 animos
1137 1407 1200 1443 esse
1216 1388 1274 1442 im-

198 1486 351 1546 mortales.

283 1600 312 1684 a)
334 1602 470 1662 Primum
485 1611 692 1680 argumentum
707 1602 904 1682 platonicum,
926 1625 948 1662 a
960 1615 1076 1663 natura
1093 1607 1194 1662 animi
1214 1603 1272 1663 du-

199 1715 293 1766 ctum.
342 1704 469 1764 Animus
493 1723 564 1779 sua,
586 1725 649 1762 non
666 1702 763 1763 aliena
784 1705 816 1764 vi
838 1713 985 1787 movetur.
1030 1705 1133 1778 Quum
1149 1706 1273 1766 veroid

197 1808 316 1883 solum,
340 1804 423 1885 quod
448 1825 478 1864 se
500 1805 601 1884 ipsum
625 1815 742 1882 movet,
767 1807 837 1884 quia
851 1826 1008 1885 nunquam
1030 1805 1179 1869 deseritur
1197 1830 1214 1866 a
1233 1829 1271 1883 se,

197 1888 405 1988 nunquamne
423 1906 541 1967 moveri
558 1906 680 1986 quidem
695 1907 815 1984 desinit,
838 1908 955 1968 animus
969 1918 1107 1968 aeternus
1127 1908 1167 1969 sit
1177 1918 1207 1968 et
1214 1908 1272 1968 im-

197 2010 334 2072 mortalis
358 2028 479 2068 necesse
500 2017 553 2069 est.
596 2008 741 2089 Principii
758 2010 897 2069 utnulla
915 2009 998 2089 origo
1015 2021 1068 2087 est,
1089 2011 1132 2070 ita
1145 2011 1272 2070 neocci·

198 2111 244 2172 dit
262 2110 394 2191 quidem.
416 2131 441 2170 c.
464 2100 515 2180 23}

283 2242 317 2324 b)
340 2245 477 2305 Alterum
501 2253 726 2323 argumentum,
748 2268 769 2304 a
781 2247 997 2324 facultatibus
1016 2251 1116 2306 animi
1136 2246 1271 2308 ductum.

198 2347 327 2408 Animus
346 2347 384 2407 iis
407 2346 603 2407 facultatibus
622 2347 788 2406 instructus
807 2358 868 2425 est,
891 2369 983 2427 quae,
1005 2349 1064 2408 nisi
1086 2348 1190 2426 adeo,
1215 2351 1272 2408 ali-

196 2448 279 2509 unde
297 2449 336 2508 ud
353 2447 506 2508 hominem
518 2448 623 2507 venire
638 2468 701 2509 non
709 2447 851 2528 possunt:
875 2451 997 2521 diuinae
1010 2450 1112 2528 igitur,
1135 2452 1173 2511 ob
1192 2472 1272 2510 earn-

197 2570 257 2630 que
275 2569 339 2610 rem
365 2560 501 2611 aeternae
523 2550 585 2608 sint
603 2570 722 2610 necessa
748 2561 800 2609 est.
843 2548 878 2631 α)
900 2552 1035 2611 Primum
1051 2551 1144 2612 habet
1160 2575 1274 2612 memo-

196 2655 295 2711 riam:
327 2671 403 2729 quae
425 2650 577 2730 duplicem
601 2652 665 2712 vim
690 2650 798 2726 habet5
818 2653 950 2730 primum
975 2653 1054 2713 enim
1078 2654 1114 2712 de
1139 2653 1273 2713 Platonis

196 2752 347 2815 sententia
361 2761 407 2812 est
422 2751 590 2813 recordatio
607 2754 688 2812 vitae
709 2752 886 2831 superioris:
910 2775 925 2813 e
949 2765 1059 2832 quant
1080 2754 1273 2833 intelligitur,

196 2854 349 2931 animum,
371 2863 531 2931 antequam
545 2853 580 2912 in
597 2873 708 2933 corpus
722 2854 910 2932 intravisset,
932 2855 966 2914 in
985 2876 1087 2915 rerum
1101 2858 1273 2934 cognitione

195 2953 346 3033 viguisse,
368 2953 411 3014 ita
427 2954 570 3016 concludi
593 2954 697 3030 debet,
729 2975 797 3014 eum
819 2957 908 3016 etiam
923 2957 1031 3017 relicto
1058 2979 1185 3036 corpore
1200 2979 1273 3039 per-

195 3076 374 3117 mansurum
390 3077 460 3117 esse.
500 3059 578 3116 Tum
594 3056 738 3114 memoria
752 3055 831 3116 hanc
845 3058 909 3117 vim
925 3057 1026 3135 habet,
1048 3068 1084 3117 ut
1100 3059 1140 3118 sit
1156 3081 1190 3118 ea
1205 3061 1273 3120 ani·

194 3157 237 3217 mi
251 3157 395 3236 lucillius,
419 3179 475 3238 qua
493 3168 597 3218 tenere
619 3157 692 3215 olim
707 3157 740 3216 in
755 3157 815 3217 hac
831 3159 894 3219 vita
908 3169 1052 3240 percepta
1066 3181 1101 3219 ac
1117 3181 1272 3237 revocare,

194 3259 439 3338 quandocunque
458 3260 561 3332 lubet,
582 3259 740 3338 possimus.
764 3282 789 3319 c.
808 3256 860 3329 24.
903 3260 985 3320 Haec
1002 3270 1102 3321 autem
1115 3265 1272 3342 praeclara

193 3359 289 3418 animi
311 3362 359 3421 vis
387 3358 579 3439 quumnihil
600 3360 775 3421 inveniatur
795 3361 877 3421 unde
902 3363 976 3422 oriri
1000 3363 1113 3443 possit,
1136 3364 1274 3425 divinam

192 3460 343 3540 originem
365 3462 476 3522 habeat
496 3479 616 3520 necesse
640 3471 693 3521 est.
717 3483 742 3522 c.
763 3463 814 3530 25.
838 3464 863 3540 §.
882 3465 933 3532 60.
955 3466 1005 3532 61.
1049 3461 1087 3545 β)
1109 3465 1205 3526 Porro
1223 3487 1272 3527 re·

126 3596 127 3600 =
191 3561 295 3642 liquae
317 3564 410 3624 animi
431 3561 606 3638 sacrdtates,
636 3583 711 3641 quae
734 3572 781 3655 tot
803 3584 851 3625 res
874 3573 904 3623 et
918 3574 1017 3625 tantas
1034 3566 1188 3645 efficiunt,
1211 3588 1273 3628 non

192 3683 232 3725 ox
252 3663 311 3725 hae
337 3674 457 3726 terrena
480 3663 662 3741 mortalique
694 3674 725 3724 et
754 3646 868 3729 caduca
892 3676 1003 3725 natura
1029 3678 1189 3729 concretae
1213 3689 1273 3731 esse

189 3777 328 3847 possunt,
349 3765 403 3825 sed
421 3764 501 3824 clare
519 3765 690 3843 ostendunt,
713 3765 848 3826 divinam
868 3788 900 3826 se
912 3765 1024 3827 habere
1036 3769 1110 3846 vim,
1135 3771 1175 3830 ob
1192 3792 1273 3832 eam-

191 3886 250 3946 que
266 3887 331 3928 rem
347 3865 473 3927 interire
488 3886 551 3925 non
565 3886 662 3945 posse.
686 3888 711 3926 o.
728 3870 779 3936 25.
803 3867 830 3943 §.
847 3868 905 3935 62.⁴
924 3889 950 3927 c.
966 3869 1018 3938 26.
1031 3903 1074 3916 -
1090 3867 1119 3952 c)
1136 3872 1273 3933 Tertium

190 3977 417 4048 argumentum,
440 3989 457 4029 a
481 3967 611 4048 simplici
630 3969 723 4028 animi
746 3979 856 4050 natura
872 3969 1007 4029 ductum.
1051 3972 1180 4032 Animus
1199 3975 1272 4034 sim·

188 4070 262 4150 pler
279 4079 341 4130 est:
362 4070 404 4130 ita
420 4090 476 4131 nec
488 4070 587 4131 dividi
601 4079 713 4150 potest,
734 4091 792 4131 nec
803 4071 945 4148 interire,
970 4081 1015 4131 est
1034 4074 1114 4133 enim
1129 4074 1272 4135 interitus

188 4170 276 4248 qussi
296 4170 442 4234 discessus
459 4182 489 4233 et
506 4173 634 4235 secretio
649 4193 753 4234 earum
766 4174 910 4253 partium,
933 4194 1010 4253 quae
1028 4186 1097 4238 ante
1113 4176 1272 4239 interitum
