2640 4626
118 208 182 278 268
364 216 647 270 rosemavmuu
660 214 942 269 orsromrronou

119 365 204 437 quae
231 335 355 409 habent
374 336 416 408 ad
431 363 485 409 res
503 351 608 409 certas
624 334 777 407 vitiosam
794 333 1014 408 offensionem
1030 349 1130 432 atque
1141 331 1188 405 fa·

120 440 271 512 stidium:
298 438 419 511 deinde
442 437 701 536 aegrotationes,
727 464 811 536 quae
837 435 1089 538 appellantur—a
1102 434 1190 508 Stoi-

121 541 168 615 cis
204 542 470 657 dpdooctiporo,
496 539 644 639 bisque⁴
683 539 762 612 item
797 539 973 639 oppositae
1007 539 1189 612 contrariae

120 641 333 716 offensiones.
1053 724 1059 731 ,

222 746 294 817 Hoc
320 743 393 817 loco
406 742 545 815 nimium
563 770 683 842 operae
700 741 905 816 consumitur
921 770 940 814 a
956 740 1100 830 Stoicis,
1125 769 1190 815 ma·

29 926 32 934 ,
120 845 208 919 xime
234 875 253 918 a
277 846 486 949 Chrysippo,
519 845 598 917 dum
619 843 747 918 morbis
777 871 955 945 corporum
980 861 1192 943 comparatur

121 948 317 1021 morborum
342 948 444 1020 animi
466 946 658 1021 similitudo.
696 975 762 1046 qua
791 947 939 1021 oratione
960 946 1192 1046 praetermissa

119 1051 258 1124 minime
280 1049 483 1138 necessaria,
515 1078 570 1138 ea,
595 1077 680 1149 quae
701 1077 771 1123 rem
801 1049 988 1137 continent,
1013 1064 1191 1149 pertracte-

121 1180 205 1227 mus.
256 1158 314 1231 24.
340 1151 544 1250 Intelligatur
567 1150 685 1249 igitur,
717 1151 1017 1251 perturbationem,
1043 1149 1191 1223 iactanti·

121 1254 187 1328 bus
211 1281 247 1327 se
265 1254 482 1355 opinionibus
498 1253 724 1326 inconstanter
739 1270 771 1326 et
783 1253 934 1341 turbide,
959 1253 995 1327 in
1012 1269 1110 1326 motu
1124 1279 1191 1327 esse

122 1384 269 1456 semper:
296 1385 397 1459 quum
424 1374 533 1429 autem
558 1355 612 1429 bic
637 1355 746 1429 servor
768 1355 1009 1456 concitatioque
1025 1352 1131 1428 animi
1144 1352 1190 1427 in·

123 1458 334 1546 veteraverit,
367 1475 398 1531 et
422 1475 590 1557 tamquam
612 1456 647 1530 in
668 1457 760 1531 venis
783 1457 1002 1557 medullisque
1024 1456 1189 1544 insederit

121 1578 193 1633 tum
211 1560 338 1634 exsistit
353 1577 384 1633 et
400 1560 558 1651 morbus,
584 1575 616 1633 et
632 1560 829 1658 aegrotatio,
856 1576 887 1633 et
905 1559 1112 1634 offensiones
1129 1587 1188 1646 eae,

123 1692 208 1764 quae
227 1679 306 1735 sunt
324 1663 371 1734 eis
390 1662 518 1736 morbis
535 1661 880 1762 aegrotationibusque
898 1662 1095 1736 contrariae.

224 1766 285 1837 XI.
327 1765 434 1851 Haec,
468 1792 552 1864 quae
580 1764 674 1852 dieo,
707 1764 906 1862 cogitatione
928 1765 1016 1838 inter
1036 1792 1074 1838 se
1100 1761 1188 1837 dille·

124 1882 219 1953 runt,
249 1895 286 1940 re
306 1867 439 1966 quidem
465 1865 616 1966 copulata
640 1882 733 1953 sunt;
760 1894 862 1967 eaque
884 1866 1037 1939 oriuntur
1058 1894 1100 1940 ex
1121 1864 1189 1938 libi·

125 1968 204 2042 diue
227 1985 259 2041 ct
285 1967 415 2042 laetitia.
448 1997 525 2042 nam
546 1997 647 2067 quum
670 1985 720 2042 est
740 1968 915 2068 concupita
943 1968 1105 2069 pecnnia,
1134 1994 1188 2040 nec

125 2070 274 2144 adbibita
303 2071 460 2144 continuo
482 2070 586 2159 ratio,
611 2071 706 2170 quasi
727 2071 888 2171 quaedam
903 2069 1076 2145 Socratica
1093 2068 1188 2145 medi·

126 2173 220 2260 cina,
246 2201 331 2273 quae
354 2181 476 2247 sanet³
506 2201 576 2247 eam
592 2172 824 2272 cupiditatem3
849 2189 1023 2274 permanat
1036 2173 1075 2246 in
1087 2199 1188 2258 venas,

127 2291 159 2349 et
192 2275 341 2348 inhaeret
366 2276 401 2347 iu
421 2274 604 2348 visceribus
627 2274 711 2349 illud
734 2275 876 2362 malum,
901 2275 1095 2375 exsistitque
1108 2302 1188 2349 mor·

126 2377 190 2450 bus
219 2392 251 2450 et
274 2378 473 2475 aegrotatio,
499 2405 582 2476 qnae
605 2376 727 2467 evelli⁶
745 2377 922 2459 inveterata
944 2407 1013 2451 non
1034 2393 1188 2478 possunt;

128 2479 223 2578 eique
250 2480 368 2553 morbo
384 2506 506 2553 nomen
520 2495 570 2553 est
587 2478 729 2554 avaritia.
779 2488 837 2560 25.
864 2479 1080 2580 similiterque
1098 2477 1188 2554 ceteri

127 2581 252 2655 morbi:
284 2599 320 2652 ut
349 2583 489 2677 gloriae
513 2580 711 2679 cupiditas,
746 2599 782 2654 ut
809 2584 1049 2655 mulierositas
1076 2587 1127 2682 (ut
1150 2581 1188 2653 ita

128 2682 290 2784 appellem
317 2711 408 2770 eam,
434 2708 517 2782 quae
544 2683 669 2758 Graece
696 2685 882 2785 φιλογΰνεια
900 2685 1056 2781 dicitnr);
1084 2682 1189 2758 ceteri·

127 2815 191 2886 que
207 2785 359 2859 similiter
377 2786 486 2857 morbi
505 2776 809 2885 aegrotationesque
825 2804 1013 2860 nascuntur.
1039 2815 1124 2887 quae
1142 2814 1189 2859 au·
1228 2794 1230 2809 '

127 2905 195 2963 tem
224 2904 300 2961 sunt
328 2886 382 2960 bis
407 2889 588 2976 contraria,
622 2917 660 2963 ea
687 2888 779 2961 nasci
797 2906 956 2988 putantur
979 2919 998 2963 a
1019 2908 1130 2963 metu:
1159 2903 1190 2960 nt

128 2990 251 3063 odriim
278 2990 480 3077 mulierum,
513 2990 608 3090 quale
639 2990 675 3063 in
704 2991 864 3097 μισογύνῳ
884 2991 979 3065 Anili
1007 3008 1077 3081 est;·
1101 3009 1138 3064 ut
1159 2992 1191 3063 in

195 3175 376 3243 4Legendum
390 3194 412 3229 c.
426 3177 473 3229 stt.
488 3177 526 3229 iit
575 3213 582 3227 .
617 3176 757 3236 svmdn.
789 3177 865 3237 estc
880 3164 1016 3247 legendum
1028 3178 1097 3231 vidit
1111 3179 1192 3248 Wop-

129 3244 201 3296 kens.
220 3262 246 3314 p.
264 3248 305 3302 91.
323 3273 355 3283 -
372 3245 432 3296 Em.
454 3264 477 3297 c.
535 3263 560 3312 g.
579 3244 669 3296 avelli.

179 3346 222 3404 24.
240 3358 295 3397 tum
303 3346 395 3396 existit
404 3343 549 3413 ecmorbue)
557 3344 646 3396 Oratio
730 3346 789 3396 Gar.
804 3345 854 3396 xl,
879 3363 961 3423 eoque
982 3348 1114 3417 orimur)
1138 3345 1193 3398 Scil

131 3412 234 3481 obliqua
249 3413 353 3463 transiit
373 3414 400 3463 in
419 3424 524 3464 rectam.
558 3414 647 3464 Lucu·
680 3412 763 3464 morbi
779 3422 805 3463 et
821 3415 1016 3481 aegrotationes.

130 3481 227 3532 lentum
257 3481 398 3549 exemplum
429 3491 513 3532 exstet
536 3480 563 3531 in
589 3481 646 3532 nin.
730 3498 798 3550 quoe
814 3484 900 3549 sonet)
927 3482 969 3534 Sic
990 3483 1105 3534 correxit
1121 3485 1195 3534 Beat-

130 3551 180 3610 111,
200 3553 240 3606 15.
275 3549 303 3598 si
322 3550 440 3618 voluptas
455 3576 489 3590 -
505 3548 540 3598 sit
555 3549 582 3599 in
596 3550 647 3599 bo·
680 3548 745 3599 leius
769 3566 800 3598 ex
821 3566 872 3600 nno
889 3549 966 3614 cod,
991 3551 1019 3600 id
1041 3550 1196 3602 latinitatem

131 3616 187 3677 nis,
213 3614 315 3667 divitias
337 3634 437 3696 quoque
458 3616 577 3668 inbonis
594 3634 647 3668 esse
681 3617 788 3685 opinans
805 3616 954 3684 efflagitare.
995 3619 1082 3686 Vulgo
1105 3617 1197 3685 legitor

132 3682 276 3751 ponendes;
294 3685 594 3754 otersapientiebonnm
606 3683 648 3748 sit,
682 3696 805 3746 tonaret,
840 3684 977 3736 uodreote
991 3685 1105 3736 retinuit
1119 3688 1196 3737 Erne-

133 3766 186 3800 non
200 3751 285 3830 sequi,
302 3762 332 3802 ut
347 3751 423 3802 etiam
437 3751 539 3802 divitius
553 3753 648 3803 bonum
682 3751 753 3803 etius.
778 3702 1115 3820 Cliumpthowramm.
1130 3756 1196 3823 §.76

133 3834 187 3868 esse
212 3818 336 3870 dtcumus:
372 3836 454 3886 neque
479 3819 511 3869 ab
535 3820 589 3870 ulle
611 3837 648 3885 re,
681 3838 709 3889 p.
723 3820 783 3878 384.
796 3837 834 3888 sq.
851 3830 878 3870 et
893 3838 940 3871 nos
956 3820 990 3872 ed
1004 3823 1026 3872 Ι.
1041 3825 1074 3884 3,
1091 3826 1119 3880 7.

133 3903 198 3953 quae
215 3904 267 3938 non
283 3888 316 3938 eit
332 3887 359 3935 in
376 3885 466 3948 bonis,
491 3886 517 3935 id
531 3886 600 3955 quod
615 3885 650 3938 sit
733 3889 874 3958 existitque
882 3887 993 3956 atrorbus)
1008 3891 1099 3940 Senes.
1112 3906 1153 3958 ep.
1161 3893 1197 3947 75·

133 3953 160 4003 in
174 3952 257 4016 bonis,
275 3952 401 4006 contineri
410 3966 514 4022 potem
532 3956 565 4006 ob
578 3973 650 4006 eam-
684 3955 752 4023 (boc)
767 3954 834 4006 inter
846 3957 950 4007 morbos
963 3955 1044 4009 animi
1057 3956 1167 4009 interest
1176 3965 1198 4006 et

135 4039 183 4100 que
197 4039 324 4084 caussam,
338 4048 370 4059 -
389 4038 463 4088 quum
480 4021 584 4074 divitiae
597 4040 650 4074 non
684 4022 803 4085 effectur,
827 4033 857 4074 ut
876 4024 960 4075 morbi
984 4023 1040 4076 sint
1063 4024 1198 4076 inveterata

134 4088 319 4150 smtinbonis,
336 4087 406 4139 nulla
420 4105 460 4140 ers
474 4089 570 4141 divitiis
585 4108 651 4142 con·
684 4088 761 4141 vitia:
785 4090 891 4142 affectus
914 4109 990 4157 vero,
1016 4104 1103 4144 motus
1127 4088 1198 4144 anind

135 4156 210 4207 tinen'
233 4167 329 4226 potest.
375 4157 407 4208 V.
430 4158 512 4210 Bremi
538 4158 571 4209 ed
593 4159 651 4210 Fet.
685 4156 763 4211 subiti
781 4168 808 4208 et
823 4159 961 4223 concitati,
990 4160 1035 4230 qui
1059 4161 1198 4231 frqumter

136 4243 163 4292 p.
178 4229 222 4284 80.
685 4223 847 4295 neglectique
861 4228 946 4281 fecere
959 4228 1086 4281 morbum.
