2640 4626
463 201 642 279 ,tratre-t.
659 206 703 263 ta
786 224 788 229 ·
1082 193 1124 266 63

54 323 222 411 musicus,
238 322 400 421 ¹idemque
416 320 657 423 philosophus,
680 321 788 421 ipsius
803 318 955 421 corporis
968 320 1123 395 intentio-

54 456 132 500 nem
153 424 337 524 quandam3
361 423 412 498 rel
431 435 495 496 ut⁰
515 425 551 496 in
575 441 673 498 cantu
691 440 722 498 et
738 423 862 497 fidibus
887 451 970 598 quae
990 424 1124 498 harmo-

53 529 111 602 nia
134 528 274 615 dicitnr,
300 526 349 600 sic
366 556 405 601 ex
425 526 576 627 corporis
597 527 699 598 totius
713 543 830 598 natura
844 541 876 599 et
906 555 999 624 rgura
1011 529 1122 607 uanos

54 647 166 704 motus
181 630 271 717 cieri,
295 646 463 729 tamqnam
479 630 515 702 in
530 645 628 701 cantu
644 656 753 701 sonos.
779 628 892 701 hicah
907 629 1046 703 artifieio
1062 659 1123 703 sno

52 763 125 806 non
152 733 306 821 recessit,
322 748 363 806 et
382 749 493 805 tamen
518 731 601 809 dixit
624 730 767 831 aliquid,
790 730 882 831 quod
897 731 1007 831 ipsum
1027 732 1124 831 quale

56 852 153 925 esset,
180 851 249 911 erat
262 833 365 907 multo
384 852 458 907 ante
478 851 509 907 et
526 832 652 907 dictum
669 851 700 907 et
719 834 928 934 explanatum
944 863 962 907 a
978 833 1124 911 Platone.

53 942 261 1011 Xenocrates
274 937 389 1009 -animi
410 936 550 1034 figuram
571 952 603 1010 et
624 937 720 1036 quasi
745 963 867 1036 corpus
891 938 1022 1034 negavit
1042 965 1124 1026 esse,

55 1069 169 1113 verum
187 1067 362 1113 numerum
381 1039 464 1111 dixit
482 1066 570 1126 esse;
596 1038 775 1126 cuiusvis,
799 1056 837 1111 ut
852 1039 918 1112 iam
934 1041 1126 1144 ante1AI'y-

56 1143 214 1241 thagorae
230 1143 337 1215 visum
353 1158 441 1230 erat,
466 1141 502 1213 in
519 1157 636 1214 natura
653 1141 795 1213 maxima
819 1159 913 1214 esset.
963 1141 1045 1215 Eius
1058 1143 1125 1216 ›do-

57 1263 131 1318 ctor
149 1243 243 1318 Plato
259 1243 423 1344 triplicem
441 1242 536 1326 finxit
559 1242 706 1317 animum
718 1249 757 1317 2:
776 1243 870 1316 cuius
891 1243 1126 1344 principatum,

56 1348 94 1420 id
105 1363 161 1426 ⁴est
172 1346 344 1434 rationem,
370 1347 537 1445 incapite,
556 1346 642 1420 sicut
657 1346 693 1418 in
703 1374 787 1434 arce,
806 1345 936 1445 posuit3
963 1353 1023 1418 et³
1042 1348 1125 1421 duas

56 1449 163 1550 partis
178 1477 294 1549 parere
311 1447 424 1535 voluit,
447 1449 532 1521 iram
549 1465 582 1521 et
597 1448 828 1548 cupiditatem:
855 1474 938 1546 quas
957 1446 1039 1521 locis
1058 1450 1126 1522 dis-

58 1551 175 1634 clnsit:
208 1552 293 1631 iram
323 1550 359 1622 in
387 1567 540 1650 pectore,
580 1551 795 1651 cupiditatem
826 1550 941 1622 subter
971 1578 1126 1651 praecor-

57 1654 114 1726 dia
129 1653 255 1726 locavit.
305 1660 363 1730 21.
388 1652 613 1727 Dicaearchus
622 1669 731 1726 autem
746 1653 783 1725 in
793 1680 833 1726 eo
848 1674 1010 1740 sermone,
1026 1681 1126 1754 quem
1211 1652 1214 1659 ’

58 1755 211 1829 Corinthi
233 1755 384 1827 habitum
401 1755 509 1827 trihus
532 1753 627 1829 lib‘ris
649 1755 802 1854 exponit,
827 1754 1002 1828 doctorum
1017 1756 1126 1829 homi-

56 1888 137 1930 num
161 1856 421 1957 disputantium,
453 1857 563 1958 primo
587 1857 674 1930 libro
699 1857 820 1930 multos
845 1858 1010 1957 loquentis
1027 1859 1126 1935 facit:

58 1962 191 2041 duobus
210 1960 440 2033 Pherecratem
458 1961 640 2061 quendam,
665 1960 856 2036 Phthiotam
874 1988 1002 2048 senem,
1028 1990 1127 2061 quern

58 2065 106 2137 ait
126 2092 146 2135 a
167 2061 370 2135 Deucalione
391 2079 517 2150 ortum,
544 2063 761 2136 disserentem
782 2062 925 2150 inducit,
950 2062 1036 2136 nihil
1054 2092 1127 2138 esse

59 2165 198 2238 omnino
217 2165 381 2252 animum,
408 2182 440 2237 ct
459 2166 522 2257 hoc
545 2193 617 2238 esse
639 2193 763 2238 nomen
780 2181 887 2238 totum
911 2165 1026 2255 inane,
1057 2166 1128 2240 fru-

125 2335 191 2392 9V.
208 2333 273 2385 Adn.
309 2333 611 2393 1E1n.c.aliisantea.
646 2333 720 2392 2Sic
729 2333 795 2385 coni.
808 2334 891 2384 Bentl.
905 2362 939 2374 -
955 2337 1014 2386 Ern.
1025 2354 1047 2387 c.
1059 2335 1126 2404 vulg.

58 2404 184 2454 animm
217 2406 240 2460 3.
252 2405 315 2454 Dar.
331 2401 359 2453 in
376 2401 422 2452 Ed.
438 2403 469 2452 11.
485 2404 550 2454 coni.
567 2404 602 2454 ei.
619 2401 734 2469 Egregie.

110 2543 154 2595 20.
171 2537 289 2607 corporis
309 2539 495 2606 intentionem)
518 2537 577 2589 Scil.
613 2538 648 2606 (p.
664 2541 722 2596 195.
746 2535 777 2586 T.
800 2538 820 2586 Ι.
844 2536 913 2603 Bip.)
936 2535 1002 2587 hanc
1019 2536 1051 2587 de
1067 2536 1129 2588 har·

60 2605 172 2656 animum
182 2623 237 2654 esse
252 2606 379 2654 censebat.
413 2605 454 2654 Ad
461 2605 579 2656 hunclo-
612 2605 698 2656 monia
716 2602 861 2670 opinionem
877 2603 977 2654 elevare
989 2605 1094 2656 studuit.

59 2691 117 2724 cum
134 2674 205 2722 recte
218 2672 409 2738 intelligendum
421 2673 579 2724 multtnnlu-
662 2689 797 2722 numerum
820 2672 890 2721 dixit
911 2671 977 2738 esce)
1006 2672 1044 2722 Cf.
1069 2675 1130 2723 Ma-

58 2741 95 2792 cis
111 2739 238 2791 redundat
255 2757 286 2788 cx
298 2742 416 2789 Lactaut.
439 2741 497 2791 Div.
515 2743 577 2790 lust.
613 2740 682 2791 croh.
696 2739 723 2789 in
731 2742 815 2788 Somn.
824 2738 889 2807 Scip.
903 2741 923 2789 Ι.
935 2740 973 2797 14.
983 2745 1058 2807 p.68.
1074 2758 1129 2807 sqq.
1178 2761 1181 2766 ·

58 2810 114 2859 VII.
134 2811 179 2869 13,
198 2811 222 2865 9.
258 2806 326 2868 Quid
339 2807 516 2870 Aristoxenus,
535 2807 585 2874 qui
613 2808 653 2858 ed.
678 2807 733 2874 Bip.
749 2806 793 2855 ubi
813 2807 898 2856 variae
919 2807 1130 2875 philosophorum

58 2875 163 2941 negavit
177 2874 279 2924 omnino
295 2873 373 2924 ulleun
388 2893 441 2924 esse
458 2876 577 2935 animam,
612 2875 644 2924 de
659 2874 735 2924 animi
748 2884 838 2924 natura
844 2874 985 2924 sententiae
992 2868 1129 2931 recensen-

58 2944 137 2992 etiam
154 2960 229 3009 quum
244 2941 307 2991 vivit
321 2941 348 2991 in
368 2942 494 3009 corpore?
528 2936 578 2991 Sed
611 2953 660 2993 tur.

58 3008 263 3060 sicutinfidr'bus
279 3025 310 3058 ex
325 3007 470 3060 intentione
484 3027 579 3060 nervo-
661 3007 844 3077 Pythagorae)
870 3009 999 3060 Plutarch.
1028 3012 1131 3063 Decret.

57 3095 114 3127 rum
132 3074 199 3126 effici
216 3075 368 3126 concordem
390 3094 479 3126 sonmn
502 3087 578 3144 atque
611 3076 674 3144 phil.
687 3079 740 3136 IV,
759 3082 784 3133 2.
820 3075 994 3143 Πυθαγόρας
1006 3077 1131 3145 (α’πεφή-

59 3154 178 3203 cantnm,
196 3143 233 3193 ita
249 3145 276 3192 in
292 3160 398 3211 corpore
413 3162 444 3194 ex
458 3161 579 3211 compage
612 3162 681 3196 varo
696 3140 748 3210 τὴν
762 3141 871 3215 ψυχὴν)
888 3142 1013 3212 ἀριθμὸν
1030 3143 1131 3198 ἑαυτὸν

57 3212 184 3261 viscerum
199 3230 228 3260 ac
243 3210 330 3277 vigore
346 3212 514 3262 membrorum
528 3212 579 3261 virn
612 3213 761 3264 κινοῦντα·
776 3209 825 3262 τὸν
834 3209 864 3264 δὲ
873 3209 998 3279 ἀριθμὸν
1008 3209 1131 3267 u’rrlrori

58 3277 186 3336 sentiendi
214 3278 341 3328 exsistere.
376 3279 427 3329 cfr.
452 3279 520 3329 idem
547 3279 579 3329 do
611 3280 664 3331 voti
674 3279 809 3344 παραλαμ
829 3277 898 3330 ἄνει.
924 3280 955 3332 V.
965 3280 1130 3330 Tennemaun

58 3346 127 3414 opit.
143 3344 192 3395 Dei
206 3346 282 3406 XVI,
303 3349 335 3403 13
349 3375 381 3384 -
401 3351 441 3407 15.
613 3346 705 3398 Gesch.
720 3345 745 3395 d.
760 3346 780 3394 P
801 3346 854 3395 'oa
869 3346 900 3395 T.
918 3347 938 3396 l.
954 3365 980 3416 p·
997 3352 1056 3405 126.

108 3415 156 3464 vel
175 3413 212 3479 nt)
243 3413 285 3462 Sic
300 3412 401 3481 scripsit
421 3413 532 3464 Wolfins
547 3412 579 3463 de
663 3414 795 3483 triplicem
810 3413 898 3478 finxit
919 3414 1043 3477 animum)
1061 3415 1132 3464 Haec

58 3481 157 3531 Reislrii
165 3480 311 3531 coniectura
323 3499 370 3547 pro
379 3479 484 3546 vulgato
499 3481 579 3542 velut,
613 3481 646 3530 de
655 3481 738 3531 animo
751 3479 869 3530 doctrina
884 3481 1016 3530 aPlatone
1030 3481 1058 3530 in
1073 3482 1147 3532 dia-.

58 3546 130 3615 quod
155 3559 225 3598 recte
244 3558 269 3598 et
291 3548 397 3598 retinnit
420 3558 446 3598 et
464 3548 579 3598 defendit
612 3548 690 3615 logo,
708 3548 751 3615 qui
766 3547 885 3597 Timaeus
899 3547 1057 3611 inscribitur,
1077 3549 1132 3601 fuso

58 3617 177 3666 Orellius.
212 3615 336 3665 Nimirum
356 3616 482 3683 particula
507 3616 581 3666 velut
613 3624 792 3732 pertractatur.
811 3614 848 3665 cf.
865 3631 928 3681 quos
945 3615 1053 3666 Neidius
1073 3617 1132 3666 lau-

57 3683 173 3747 indicat,
200 3683 279 3733 verba
300 3685 331 3732 in
356 3696 436 3733 cantu
451 3713 484 3722 —
502 3701 580 3734 sonos
632 3693 673 3744 at,
705 3683 912 3733 Tennemamrum
946 3684 1051 3750 Syrtem
1069 3684 1133 3740 ,der

56 3763 183 3818 tanquam
198 3750 366 3819 appositionis
384 3751 444 3802 loco
461 3751 581 3802 adiuncta
610 3751 715 3820 platon.
731 3750 805 3801 Ptit.
823 3751 854 3800 T.
871 3752 954 3818 111.p.
972 3756 1029 3810 197.
1045 3770 1082 3818 sq.
1108 3763 1135 3803 et

57 3818 236 3870 antecedentis
261 3814 403 3869 sententiae
426 3819 580 3887 explicatio·
613 3818 813 3876 Tiedemannum
828 3817 856 3868 in
870 3822 972 3884 Argum.
989 3819 1133 3870 Dioll'lut.
1167 3864 1171 3873 .

58 3905 118 3936 nem
134 3885 279 3945 continere3
298 3887 320 3936 si
340 3904 401 3937 vero
422 3886 521 3937 divisim
536 3886 583 3937 vel
631 3887 712 3944 ..³134
747 3885 821 3935 Adde
836 3885 936 3953 Apulei.
958 3887 992 3937 de
1010 3888 1133 3938 Habitnd.

57 3968 88 4005 ut
101 3954 211 4020 legitur,
235 3971 319 4016 „nova
334 3955 472 4006 similitudo
487 3955 519 4005 ab
531 3955 579 4004 in·
611 3905 702 4004 itoctri
720 3990 727 4004 .
744 3953 844 4004 Platon.
859 3955 878 4002 Ι.
902 3972 927 4021 p.
946 3959 1003 4014 169.
1020 3955 1060 4005 ed.
1077 3955 1132 4022 sip.

57 4025 178 4072 tentione
192 4021 238 4070 illa
251 4022 408 4088 aliquantum
421 4023 520 4073 diversa
536 4022 578 4072 vi·-
611 4021 719 4088 Diogen.
742 4022 829 4072 Laert.
851 4021 928 4086 VIII,
951 4028 994 4082 30.
1018 4033 1045 4073 et
1069 4022 1136 4072 infru

57 4091 137 4140 detur
152 4088 253 4151 inferri,
268 4106 332 4156 quae
343 4102 430 4140 tamen
443 4090 514 4140 nulla
523 4107 579 4207 po-
611 4090 648 4152 Π,
667 4094 717 4154 21,
734 4091 775 4147 47.

58 4169 111 4208 teet
128 4161 216 4215 essc,“
234 4167 263 4205 ut
278 4168 349 4207 recte
361 4168 448 4208 monet
463 4158 522 4208 Orel
533 4159 580 4207 ins.
665 4160 706 4215 21.
725 4155 833 4221 duobos)
860 4156 918 4206 Scil.
942 4157 1054 4223 reliquis.
1072 4159 1134 4204 Ser-

113 4243 131 4275 a
162 4225 290 4292 Platone)
322 4225 365 4293 qui
394 4225 420 4276 in
445 4225 582 4276 Phaedone
615 4240 717 4276 monem
730 4223 971 4276 enimtrhtualihr'xa
984 4227 1154 4288 exposuerat.
