2640 4626
545 236 774 296 nrnnnrm.
876 270 879 275 -
973 303 978 314 .
1134 228 1190 292 107

116 341 159 442 ri,
180 370 321 452 quaeest
333 352 656 426 ministraetfamnla
672 356 833 454 corporis,
859 384 988 455 quomo
1003 352 1191 457 republica,

117 450 394 557 duumauegotio
405 455 696 529 omnisevocamus
705 457 866 530 animum?
876 452 1193 558 quidinqnam,tum

116 560 259 658 agimus,
284 558 349 630 nisi
367 557 511 630 animum
533 558 576 630 ad
590 586 625 632 se
641 559 751 658 ipsum
763 561 972 648 advocamus,
998 587 1109 634 secum
1122 590 1193 636 csse

117 662 281 759 cogimus,
298 661 504 760 maximeque
523 688 696 761 acorpore
714 662 933 736 abducimus?
948 691 1118 737 secernere
1136 693 1193 738 au-

114 781 186 838 tem
207 792 226 835 a
250 790 390 862 corpore
413 763 579 849 animum,
611 791 673 836 nec
690 765 876 865 quidquam·
898 765 1006 853 alind,
1033 782 1082 838 est
1106 768 1192 840 mori

118 864 251 941 disce‘re
264 877 292 937 1.
344 864 457 960 Quare
475 865 539 938 boc
561 866 819 940 commentemur
829 868 946 956 ,0mibi
973 868 1087 956 crede;
1124 870 1193 942 dis-

116 969 361 1066 iungamusque
376 996 470 1040 nasa
485 968 694 1067 corporibus,
720 969 756 1042 id
773 988 833 1058 est,
859 999 1112 1044 consuescamus
1122 1001 1193 1044 mo-

118 1072 161 1144 ri.
211 1071 283 1144 Hoc
302 1085 349 1156 et,
376 1070 457 1143 dum
472 1074 594 1143 erimus
610 1072 645 1142 in
663 1072 778 1157 terris,
813 1073 874 1145 erit
894 1072 941 1144 ilii
958 1072 1090 1146 coelesti
1108 1075 1193 1149 vitae

121 1172 248 1247 simile:
276 1189 323 1259 et,
349 1200 452 1272 quum
466 1172 543 1245 illuc
561 1202 600 1246 er
618 1173 671 1246 bis
687 1174 803 1247 vinclis
823 1175 936 1248 emissi
953 1175 1106 1263 feremur,
1131 1178 1193 1250 mi-

118 1303 184 1349 uus
200 1274 386 1349 tardabitur
405 1303 520 1348 cursus
539 1274 733 1349 animorum.
758 1306 835 1348 nam
855 1277 910 1376 qui
927 1277 961 1349 in
974 1280 1193 1377 compedibus

121 1377 275 1478 corporis
294 1405 425 1476 semper
440 1376 591 1466 suerunt,
618 1378 734 1465 etiam,
761 1407 862 1478 quum
887 1378 987 1451 soluti
1008 1397 1103 1468 sunt,
1128 1399 1193 1454 tar-

122 1481 202 1555 dius
225 1479 475 1578 ingrediuntur;
501 1495 538 1550 nt
560 1480 601 1567 ii,
629 1481 686 1578 qui
714 1480 804 1554 ferro
825 1481 928 1553 vincti
944 1481 1064 1554 multos
1089 1511 1194 1557 annos

118 1583 264 1656 suerunt.
316 1581 394 1678 Quo
418 1609 521 1681 quum
543 1583 746 1670 venerimus,
780 1600 849 1656 tum
877 1584 1019 1683 denique
1040 1584 1194 1658 vivemus.

119 1713 202 1758 nam
214 1685 295 1758 baec
312 1685 448 1785 quidem
464 1685 531 1756 vita
549 1712 640 1758 mors
657 1701 721 1758 est:
748 1714 848 1785 quam
865 1686 1037 1760 lamentari
1049 1715 1195 1788 possem,

120 1787 152 1861 si
171 1786 297 1861 liberet.
815 1810 818 1815 ’
1195 1790 1198 1797 ’

228 1898 285 1970 76.
310 1893 352 1962 Α.
376 1888 465 1961 Satis
481 1905 517 1959 tu
532 1889 695 1986 quidem²
716 1889 749 1961 in
767 1889 1002 1964 Consolatione
1022 1919 1057 1965 es
1073 1891 1195 1965 lamen-

120 2008 228 2066 tatus:
255 2020 354 2090 quam
376 2019 478 2091 quum
492 1991 577 2088 lego,
601 1990 686 2064 mbil
702 1993 807 2080 malo,
834 2018 933 2092 quam
949 1992 1010 2066 bas
1024 2022 1078 2067 res
1097 1994 1196 2069 relin-

123 2123 244 2195 quere;
270 2094 418 2167 hisvero
435 2093 537 2171 modo
555 2094 695 2181 auditis,
721 2095 825 2168 multo
840 2095 954 2194 magis.
1004 2101 1052 2169 M.
1077 2097 1197 2170 Veniet

121 2213 274 2297 tempus,
301 2195 483 2296 etquidem
505 2194 672 2284 celeriter3
706 2213 738 2269 et
757 2199 825 2270 sive
849 2198 1092 2285 retractabis³,
1128 2199 1196 2273 sive

121 2299 361 2401 properabis43
370 2297 457 2372 volat
465 2297 552 2371 enim
563 2314 658 2371 aetas.
670 2314 797 2393 taptum
809 2318 916 2374 autem
925 2301 1019 2373 abe'st
1027 2301 1088 2402 [ab
1101 2305 1196 2404 eo⁵,]

193 2474 209 2531 1
235 2470 277 2520 sic
299 2471 345 2521 W.
373 2487 395 2520 c.
420 2469 452 2518 D.
478 2469 510 2518 de
536 2468 619 2519 Bentl.
644 2469 710 2520 coni.
752 2471 783 2520 R.
802 2469 869 2520 enim
887 2479 914 2519 et
930 2469 996 2520 alter
1012 2468 1198 2536 antiquissimus

124 2537 245 2590 Bentleii.
257 2537 334 2589 aliud
343 2538 425 2587 emori
432 2537 542 2587 discere.
549 2538 608 2588 Ern.
617 2554 638 2587 c.
648 2537 690 2587 vul
709 2550 765 2587 .est
773 2556 851 2607 qnam
860 2538 941 2588 emori
949 2537 1060 2588 discere.
1075 2541 1197 2604 Apertum

124 2605 204 2674 gloss.
213 2609 276 2663 021.
293 2605 388 2656 babent
402 2605 458 2655 nisi
489 2622 614 2674 roqaam.
647 2611 665 2662 2
721 2605 764 2655 bh.
781 2616 808 2656 et
816 2609 874 2656 Em.
890 2624 911 2656 c.
921 2604 1002 2656 Codd.
1017 2604 1051 2655 ah'
1070 2641 1077 2655 .
1093 2605 1199 2674 quidem

123 2687 164 2726 tu.
198 2672 312 2731 Scodd.
330 2672 390 2740 aliq.
411 2681 438 2723 et
451 2623 539 2743 piures
554 2672 618 2723 Edd.
645 2682 708 2723 vett.
733 2673 892 2725 retardabis.
918 2677 953 2723 At
978 2673 1012 2723 cf.
1029 2621 1094 2723 ndu.
1130 2673 1196 2733 41).

124 2758 195 2809 susp.
201 2740 316 2812 parebis.
335 2743 370 2791 At
383 2758 407 2791 r.
417 2740 482 2790 ndu.
516 2744 533 2797 5
548 2741 607 2790 Em.
624 2741 720 2807 primus
735 2743 841 2793 uncinos
858 2741 966 2792 addidit.
980 2740 1038 2791 Sch.
1051 2739 1102 2791 dno
1119 2740 1197 2794 verba

123 2810 204 2878 plane
221 2809 403 2873 exterminavit.
422 2811 463 2858 Or.
481 2825 511 2858 ea
529 2817 556 2858 et
571 2807 672 2858 reduxit
689 2820 716 2858 et
730 2809 829 2889 uncinis
844 2809 970 2872 liberavit,
989 2818 1092 2859 auctore
1106 2808 1196 2860 Beiero

124 2877 161 2929 ad
170 2875 220 2926 Off.
228 2878 248 2926 1.
258 2877 299 2934 14.
317 2895 342 2943 p.
358 2881 414 2934 107.
487 2873 492 2879 ’

164 2979 241 3029 ¹(lm.
267 2978 371 3027 XXXI.
397 2983 438 3034 75.
466 2976 533 3027 miti
557 2977 643 3042 crede)
726 2980 768 3036 76.
785 2979 901 3045 haeres)
921 2979 1071 3040 Acestensis
1093 2995 1197 3047 expres-

124 3042 645 3110 Formulaasseverandis'poirudorinn·
677 3062 731 3095 sum
745 3063 807 3113 pro:
824 3063 865 3097 res
878 3051 905 3095 in
919 3046 959 3096 his
972 3045 1056 3110 terris,
1074 3046 1198 3097 hancvi-

124 3116 187 3168 θοῦ
194 3128 252 3180 μοι.
272 3111 479 3162 Observandaest
492 3122 576 3162 autem
582 3112 646 3162 haec
676 3122 738 3163 tam.

126 3182 264 3232 verborum
280 3179 435 3243 collocatio,
452 3197 527 3248 quam
539 3180 647 3230 firmiter
730 3193 757 3231 et
771 3183 828 3233 sive
843 3181 1010 3245 retractabis,
1029 3183 1087 3232 sive
1098 3198 1198 3252 prope-

121 3249 219 3301 'Cicero
230 3248 328 3308 tenuit,
353 3257 382 3296 ut
406 3247 544 3298 evitaretur
565 3248 647 3298 exitus
679 3248 767 3315 rabis)
799 3250 933 3300 Sententia
951 3249 1042 3299 horum
1064 3250 1198 3299 verborum

125 3315 283 3385 pentametri
313 3315 392 3365 crede
417 3314 492 3367 milri.
528 3315 565 3366 cf.
581 3315 648 3365 intra
680 3316 780 3368 videtur
796 3335 850 3368 esse
864 3318 943 3368 hacc:
968 3317 1021 3367 sive
1038 3314 1135 3367 invitus
1149 3316 1198 3367 hac

127 3403 152 3435 c.
168 3387 289 3446 43,103.
312 3384 343 3433 11.
364 3384 396 3444 ¹1,
416 3389 460 3441 20.
483 3383 539 3433 Fin.
557 3385 602 3434 VI.
619 3389 645 3445 2,
680 3385 734 3434 vita
757 3385 880 3448 excedes,
911 3385 964 3434 sive
984 3392 1084 3452 tempu's
1109 3383 1198 3433 mortis

126 3453 173 3512 34.
182 3453 216 3514 V,
231 3456 274 3508 30.
293 3449 376 3500 Divin.
390 3452 421 3513 11,
441 3454 481 3509 16.
501 3451 539 3500 Cf.
554 3452 647 3501 Rame-
680 3451 770 3520 cupide
782 3452 951 3520 exspectabis.
983 3455 1146 3501 Retractare
1160 3460 1198 3500 cst

126 3520 205 3577 horn,
229 3521 289 3568 liat.
315 3519 362 3568 Gr.
387 3521 409 3588 §.
425 3522 483 3577 197.
498 3522 524 3576 3.
542 3537 567 3586 p.
586 3521 646 3576 628.
678 3537 811 3580 recusare,
835 3519 1005 3587 tergiversari.
1045 3520 1077 3570 V.
1099 3517 1199 3568 Ernesti

126 3586 180 3638 Alii
195 3586 339 3653 scriptores,
356 3585 468 3664 inprimis
488 3596 589 3654 poetae,
606 3594 647 3635 et·
681 3587 751 3637 Glav.
779 3588 893 3637 Ciceron.
924 3605 944 3636 s.
965 3604 989 3636 v.
1013 3594 1040 3637 et
1061 3584 1199 3636 Forcellini

126 3656 181 3706 ianr
197 3655 276 3704 crede
289 3653 356 3703 miln
369 3654 498 3704 dicebant.
521 3655 554 3703 V.
565 3652 648 3704 Ochs-
680 3654 757 3705 Thes.
775 3648 861 3705 Latin.
888 3672 908 3703 s.
924 3672 947 3704 v.
964 3655 993 3704 In
1008 3653 1086 3703 verbo
1100 3670 1199 3724 prope-

127 3740 184 3774 ner.
202 3722 256 3772 Ecl.
274 3721 326 3772 Cic.
339 3740 364 3788 p.
379 3726 438 3780 231.
550 3737 553 3747 ·
681 3722 765 3775 randi
780 3723 848 3772 inest
863 3721 935 3773 notio
957 3720 1109 3789 expetendi,
1134 3739 1199 3772 con-

181 3793 238 3854 an
261 3807 337 3860 qnam
356 3791 505 3840 venerimus
528 3819 560 3827 -
591 3790 649 3840 vita
682 3790 842 3859 cupiscendi,
877 3790 1022 3859 exoptandi.
1058 3789 1100 3839 sto
1127 3788 1199 3856 Virg.

129 3876 203 3909 mors
217 3862 269 3923 est)
288 3856 408 3908 Geminus
422 3858 494 3908 locus
508 3857 602 3924 legitur
622 3857 649 3907 in
682 3861 746 3909 Aen.
767 3860 816 3908 IX.
838 3858 898 3917 401.
912 3887 946 3897 -
969 3876 1002 3909 an
1026 3874 1081 3907 sese
1101 3857 1199 3908 medios
1273 3916 1275 3920 μ

128 3925 236 3978 Somnio
260 3924 371 3992 Scipion.
395 3925 428 3975 de
450 3927 514 3993 Rep.
542 3926 586 3975 VI.
606 3926 649 3984 14.
683 3925 818 3977 moriturus
832 3926 859 3977 in
874 3925 961 3976 hostes
974 3926 1078 3990 Inferet,
1097 3925 1198 3993 etpnl-

129 3997 210 4044 Immo
225 4010 286 4043 vero
295 3993 314 4042 ii
328 3993 466 4056 —vivunt‚
484 3992 527 4061 qui
543 4010 574 4043 ex
590 4011 650 4043 cor·
684 3992 770 4044 ohram
801 4003 921 4062 properet
936 4011 983 4062 per
1005 3994 1111 4045 vulnera
1127 4009 1199 4043 mor·

128 4079 222 4130 porum
243 4058 350 4110 vinculis
370 4071 490 4129 tanquam
511 4077 526 4110 e
550 4077 650 4112 carcere
683 4061 757 4112 tem?
778 4091 811 4102 -
844 4062 972 4112 Particula
994 4073 1019 4112 et
1047 4060 1107 4111 hnic
1139 4060 1199 4110 loco

131 4129 312 4193 evolaverunt:
331 4137 414 4178 vestra
428 4144 489 4179 vero
504 4144 569 4196 quae
583 4128 651 4179 dici-
684 4128 768 4180 aliena
784 4130 887 4193 videtur
905 4148 958 4180 esse
978 4140 1053 4197 atque
1075 4127 1139 4179 adeo
1153 4144 1201 4176 ex-

130 4209 175 4249 tnr
198 4197 268 4258 vita,
299 4212 366 4244 mors
386 4204 440 4244 est:
465 4195 509 4246 ubi
534 4196 568 4246 cf.
589 4195 651 4247 Mai.
684 4198 827 4313 pungenda.
852 4196 938 4248 Facile
957 4214 986 4246 ea
1000 4214 1031 4247 cx
1039 4196 1128 4247 ultima
1145 4193 1200 4274 ayt-'-

132 4284 159 4333 p.
177 4269 237 4324 319.
273 4261 346 4313 Adde
368 4262 454 4313 Daris.
472 4262 504 4313 ad
518 4254 575 4314 hst.
696 4264 743 4317 aba
753 4265 821 4316 vocis
829 4280 990 4333 praegressae
998 4262 1120 4315 celeriter
1131 4278 1200 4312 exar-
