2640 4626
199 195 264 267 351
448 202 1028 256 ruscunnoauuumsrum'uouuu

202 354 301 412 num,
325 322 391 395 nisi
406 321 606 421 voluptatem
619 329 658 406 ⁷,
685 336 721 391 ut
733 318 917 420 Epicurus:
943 319 1029 393 nihil
1042 319 1189 408 honum,
1215 321 1279 394 uisi

203 428 398 505 vacuitatem
427 424 574 510 doloris,
599 439 636 495 ut
657 423 897 525 Hieronymus:
930 422 1015 495 nihil
1040 423 1189 511 honum,
1214 424 1280 497 nisi

202 548 339 605 naturae
354 527 473 628 primis
490 526 600 612 honis,
625 542 681 598 aut
696 526 852 597 omnihus
869 541 924 597 aut
941 525 1113 614 maximis,
1139 524 1220 613 srni,
1245 543 1280 598 ut

204 633 391 708 Carneades
408 645 524 704 eontra
539 628 671 703 Stoicos
691 627 883 700 disserebat
917 626 999 703 haec
1025 628 1127 726 igitur
1150 628 1280 729 simpli-

204 738 274 810 cia:
308 735 364 808 illa
397 733 507 807 mixta
565 737 624 810 85.
655 731 736 803 Tria
769 758 889 828 genera
916 730 1103 820 honorum3
1136 732 1280 805 maxima

204 839 323 927 animi,
349 834 494 911 secunda
515 834 684 933 corporis,
710 849 843 906 externa
866 833 979 920 tertia3
1004 849 1041 905 ut
1055 833 1280 935 Peripatetici,

202 971 263 1016 nec
282 940 386 1013 multo
403 954 528 1011 veteres
543 935 736 1010 Academici
759 963 872 1008 secus:
897 935 1096 1035 uoluptatem
1124 965 1204 1009 cum
1223 937 1279 1011 ho-

203 1060 328 1118 nestate
337 1040 566 1114 Dinomachus
585 1055 617 1112 et
626 1037 832 1138 Calliphou8
853 1037 1034 1137 copulavit:
1060 1038 1277 1115 indolentiam

204 1163 311 1219 autem
327 1143 492 1216 honestati
503 1140 741 1240 Peripateticus
749 1140 922 1213 Diodorus
939 1140 1096 1214 adiunxit.
1122 1142 1277 1216 Haesnnt

202 1247 393 1333 sententiae,
419 1273 502 1345 quae
517 1243 706 1317 stabilitatis
721 1241 847 1342 aliquid
864 1243 1022 1316 habeant:
1049 1272 1128 1317 nam
1148 1246 1275 1321 Aristo

129 1339 135 1352 ’
203 1352 273 1438 uis,
303 1348 508 1452 Pyrrhonis,
539 1346 673 1434 Herilli,
708 1344 1009 1446 nonnullorumque
1035 1345 1181 1420 aliorum
1210 1377 1275 1422 era-

200 1469 352 1526 nueruut.

303 1553 349 1627 Hi
369 1552 451 1653 quid
471 1551 603 1651 possint
632 1549 799 1636 obtinere,
825 1548 1015 1638 videamus,
1040 1550 1179 1625 omissis
1194 1551 1274 1624 Stoi-

117 1732 120 1737 ,
203 1658 278 1731 cist.
296 1683 437 1755 quorum
457 1655 536 1727 satis
554 1653 670 1726 videor
691 1651 881 1726 defendisse
903 1652 1108 1726 sententiam.
1160 1655 1206 1727 Et
1219 1656 1275 1728 Pe·

203 1759 452 1858 ripateticorum
469 1756 602 1855 quidem
620 1753 781 1854 explicata
796 1781 913 1828 caussa
929 1772 995 1843 est;
1020 1772 1156 1855 praeter
1170 1757 1274 1831 Theo

227 1862 394 1948 hrastum,
420 1859 496 1933 etsi
513 1858 570 1957 qui
588 1856 680 1929 illum
697 1858 819 1944 secuti,
846 1857 1043 1930 imbecillius
1060 1858 1205 1932 horrent
1220 1860 1273 1932 do·

203 1890 305 2036 lhrem
340 1978 372 2036 et
403 1960 635 2035 reformidant:
674 1959 811 2058 reliquis
837 1958 972 2058 quidem
994 1958 1069 2034 licet
1093 1959 1209 2036 facere
1233 1962 1273 2048 id,

203 2066 295 2165 quod
318 2064 387 2139 fere
414 2063 556 2148 faciunt,
581 2078 619 2134 ut
645 2061 837 2159 gravitatem
864 2061 1123 2161 dignitatemque
1144 2063 1271 2137 virtutis

205 2182 408 2266 exaggerent.
447 2194 545 2264 quam
563 2192 664 2263 quum
684 2163 727 2236 ad
743 2163 870 2237 coelum
889 2163 1082 2252 extulerint,
1107 2166 1206 2266 quod
1230 2165 1272 2238 i-

204 2298 277 2343 cere
295 2268 485 2369 eloquentes
502 2267 653 2340 homines
669 2265 804 2366 copiose
825 2263 949 2355 solent3
974 2267 1101 2367 reliqua
1120 2297 1164 2342 ex
1181 2268 1273 2342 colla·

270 2441 363 2497 7Ern.
381 2455 395 2487 e
413 2437 470 2489 cod.
489 2435 573 2488 Guell.
590 2436 713 2505 voluptas
733 2464 766 2474 -
789 2437 919 2486 vacuitas.
937 2439 970 2487 Et
989 2436 1028 2487 sic
1054 2438 1120 2495 011.
1148 2437 1227 2489 Male.
1256 2442 1272 2496 8

203 2507 245 2558 stc
259 2508 305 2557 W.
319 2508 379 2556 Ern.
395 2523 417 2556 o.
433 2504 503 2572 vidg.
519 2504 648 2573 Callipho.
663 2508 698 2553 At
712 2521 737 2553 v.
754 2502 819 2554 Adn.
836 2504 862 2553 in
877 2506 897 2554 1.
914 2505 963 2568 47,
983 2509 1039 2562 113.

253 2619 366 2657 naturae
393 2606 491 2678 primia
519 2603 613 2668 bonis)
652 2607 722 2654 Aca·
754 2615 869 2655 neutram
891 2605 919 2655 in
959 2615 1040 2655 artem
1070 2606 1187 2669 moveri,
1214 2623 1272 2675 qnae

204 2675 270 2725 dem.
298 2677 329 2725 [Ι.
357 2674 409 2736 42,
443 2679 499 2732 131.
543 2671 723 2723 introducebat
754 2671 913 2740 ἀδιαφορία
928 2624 960 2724 ah
969 2673 1025 2740 ipso
1041 2672 1146 2724 dicitnr.
1169 2676 1272 2738 Pyrrho

203 2742 281 2793 etiam
306 2741 461 2803 Carneades,
492 2757 542 2807 quo
574 2756 626 2789 non
658 2756 721 2806 pro-
754 2749 837 2790 autem
855 2758 885 2790 ea
900 2759 932 2791 ne
941 2741 1035 2790 sentire
1051 2738 1156 2808 quidem
1173 2743 1271 2812 sapien·

204 2810 293 2870 haret,
324 2809 369 2858 sed
402 2820 430 2859 ut
455 2816 597 2876 opponeret
621 2806 720 2868 Stoicis,
753 2817 821 2857 tem:
844 2825 908 2876 qnae
925 2807 1052 2861 ἀπάθεια
1068 2809 1228 2861 nominatur.
1242 2835 1272 2849 -

203 2893 325 2926 summum
341 2877 435 2927 bonum
453 2893 521 2937 esse,
546 2873 594 2924 frui
617 2872 656 2923 his
676 2891 721 2923 re-
753 2875 786 2925 de
801 2877 881 2943 Legg.
897 2877 918 2925 1.
936 2880 988 2938 21,
1012 2881 1054 2934 55.
1087 2878 1188 2927 Aristo
1204 2876 1271 2938 dixit,

203 2944 258 3007 bus,
293 2961 337 2993 uas
354 2944 434 3011 prima
450 2952 541 2993 natura
558 2941 721 2992 conciliavis-
752 2942 834 2993 solum
855 2943 949 2993 bonum
963 2960 1032 3006 esse,
1067 2942 1122 2992 nod
1141 2943 1270 2995 honestum
1313 2994 1315 3003 ,

203 3021 252 3061 set.
276 2962 554 3072 deuin.11.11,35.
589 3008 720 3070 Carneadi,
753 3021 826 3070 esset,
840 2959 1270 3079 malumque,quodturpe,eeteru

202 3077 253 3128 frui
266 3077 397 3146 principiis
422 3078 578 3128 natumlibus
592 3087 659 3126 esset
672 3094 720 3126 ex-
752 3094 792 3128 ree
807 3094 894 3128 omnes
910 3076 985 3145 plane
999 3094 1082 3145 parea,
1100 3094 1134 3128 ιο
1151 3097 1185 3130 ne
1199 3079 1270 3130 mini·

203 3154 319 3195 tremum.
353 3148 450 3194 Graece
466 3145 502 3196 τὰ
530 3145 626 3208 πρῶτα
647 3142 720 3195 κατὰ
752 3162 820 3195 mum
841 3145 958 3213 quidem,
982 3155 1066 3194 utrum
1083 3145 1269 3211 summm
1310 3150 1313 3159 '

203 3213 302 3275 φύσιν,
326 3211 406 3278 prima
432 3211 568 3261 secuudum
588 3221 719 3261 naturam:
752 3213 885 3272 abessent,
902 3212 1031 3262 interesse.
1058 3211 1091 3261 de
1109 3213 1168 3264 rin.
1184 3216 1216 3265 V.
1230 3219 1267 3273 25,

204 3280 231 3329 in
260 3278 350 3345 quibua
378 3289 510 3329 numerant
532 3278 719 3346 (philosophi)
751 3285 793 3338 73
813 3279 1074 3330 Herillmscienfiam
1089 3281 1268 3332 :nmmumbo-

203 3346 421 3408 incolumitatem,
454 3345 719 3413 conservationemque
750 3365 809 3399 unm
831 3365 885 3397 esse
905 3347 1036 3408 delendit,
1052 3362 1103 3396 nec
1119 3365 1176 3398 rem
1198 3348 1269 3400 ulln

202 3415 314 3464 omniurn
334 3414 443 3482 partium
460 3432 506 3462 -τ
523 3430 630 3492 quorum
645 3413 718 3462 simi-
751 3414 825 3466 aliam
841 3432 886 3483 per
900 3432 928 3464 ee
950 3413 1130 3483 expetendam.
1164 3417 1197 3467 V.
1214 3433 1268 3467 ent·

202 3482 236 3531 lia
251 3491 311 3531 sunt
324 3481 405 3549 prima
418 3482 444 3531 in
461 3481 563 3543 animis,
580 3482 650 3548 qnasi
663 3480 718 3530 vir-
750 3482 898 3533 ditissimam
917 3481 1112 3533 adnotationem
1135 3483 1218 3534 Beieri
1239 3481 1268 3532 ad

201 3559 291 3666 iiii.
306 3549 410 3666 iiiii
428 3560 461 3668 it
481 3548 603 3675 ili*
629 3558 660 3609 '¹³
682 3548 718 3599 ‘¹³‘
749 3550 912 3668 titii
931 3554 997 3675 ‘ii'
1013 3553 1054 3608 ¹⁵‘
1088 3549 1167 3603 Μ’
1186 3550 1267 3603 ”⁰⁸³¹

376 3635 410 3667 ι.
453 3653 460 3665 .
499 3653 506 3676 ,
787 3635 815 3668 ro
856 3636 869 3668 c
912 3636 938 3685 p.

251 3689 293 3741 85.
308 3686 459 3745 Aristonis,
478 3684 643 3749 Pyrrhonis,
658 3685 717 3733 He-
801 3719 841 3767 Η.
896 3718 920 3768 ,ά
1001 3717 1007 3729 .
1050 3716 1108 3769 oba.

201 3751 518 3816 rilli)ncade1n.11‚42.
541 3752 643 3811 Aristo,
661 3769 718 3800 cum
830 3738 839 3768 ¹
873 3736 898 3768 ω
930 3729 1061 3835 pmimffl
1108 3721 1183 3787 ”ml
1200 3721 1231 3771 fl
1246 3735 1264 3768 ε’

750 3801 842 3854 quomo
862 3795 1020 3836 osententla
1062 3803 1094 3848 a,
1111 3805 1165 3856 qna
1180 3797 1264 3838 virtute

201 3818 311 3868 Zenonis
325 3819 414 3869 fuisset
430 3819 540 3881 auditor,
555 3837 583 3896 re
598 3818 717 3886 probavit
749 3855 802 3903 vim
817 3852 892 3903 beata
906 3853 997 3903 confici
1011 3853 1116 3916 dicitur,
1133 3854 1262 3922 egued..

198 3887 498 4015 :talttffltlttlh
511 3886 717 4019 altmar,
747 3920 1260 4038 pgdsseiummwuioeeo

198 4021 246 4072 nisi
263 4021 332 4087 qnod
352 4020 441 4071 virtuti
463 4031 529 4070 esset
546 4021 714 4071 contrarium:

197 4089 224 4138 io
241 4089 330 4139 mediis
351 4105 382 4139 ea
404 4098 547 4149 momenta,
563 4104 629 4154 quae
643 4091 712 4137 Zeno
764 4138 773 4148 ,
798 4071 1021 4143 Tll‘OPl'me)
1042 4073 1075 4124 V·
1090 4072 1125 4124 de
1139 4072 1257 4125 ffissffl·
1298 4072 1302 4109 ¹

196 4156 292 4217 voluit,
322 4156 393 4207 nulla
418 4173 471 4205 esse
500 4155 604 4205 censuit.
645 4155 712 4205 Huic
745 4145 771 4203 5,
789 4144 830 4198 12·

196 4238 317 4274 summum
337 4224 432 4275 bonum
453 4233 507 4287 est,
531 4222 559 4272 in
578 4221 617 4272 hia
637 4223 712 4274 rebus
794 4223 871 4291 tices)
881 4240 1006 4276 exectum
1013 4223 1157 4295 principiis.
1171 4225 1255 4279 Neine.
