2640 4626
54 193 61 202 ⁸
118 192 162 260 26
522 200 784 251 PROLEGOMENA.

118 324 218 404 quod,
240 343 334 402 quum
353 322 494 381 videatur
514 323 687 401 praecaveri
709 322 859 401 potuisse,
888 325 913 382 si
932 324 1089 403 provisum
1108 334 1195 399 esset,

119 427 205 505 quasi
228 425 320 504 culpa
342 433 532 484 contractum
553 423 667 482 malum
688 424 906 503 aegritudinem
928 424 1074 484 acriorem
1094 425 1195 484 faciat.

119 529 210 604 Quod
226 528 268 586 ita
284 547 361 602 esve,
384 527 526 605 temporis
543 525 726 585 diuturnitas
743 526 894 601 declarat,
917 547 993 604 quae
1008 527 1050 585 ita
1066 527 1195 605 mitigat,
1238 561 1241 567 ι

118 640 170 706 ut,
198 629 305 689 iisdem
327 628 414 687 malis
436 627 644 702 manentibus,
676 648 739 686 non
761 627 850 687 modo
872 628 1004 687 leniatur
1027 629 1195 707 aegritudo,

119 724 218 793 ssd'in
231 731 385 810 plerisque
399 729 535 788 tollatur.
551 762 592 773 -
636 729 781 808 Exempla
796 729 974 806 afferuntur,
996 730 1108 808 quibus
1123 751 1196 790 sen-

110 834 215 894 -tentis
235 833 391 912 proposita
413 830 575 890 stabilitur.
599 852 625 889 c.
643 833 694 899 22.

204 934 356 1009 Quoniam
373 933 478 993 Cicero
494 932 614 1005 docuit,
636 941 784 992 vetustate
800 932 1017 1010 aegritudinem
1033 934 1131 992 minui
1145 935 1197 993 vel

120 1037 211 1117 plane
228 1035 314 1095 tolli:
337 1035 396 1093 iam
414 1034 451 1093 iis
461 1079 469 1110 ,
493 1033 546 1111 qui
564 1032 724 1108 obiiciant,
746 1034 772 1091 si
787 1043 906 1113 tempus
926 1055 1042 1094 omnem
1061 1035 1196 1113 aegritu-

120 1138 222 1198 dinem
245 1139 341 1212 levet,
367 1157 434 1218 'non
453 1155 530 1215 opus
553 1155 615 1205 esse
636 1135 755 1197 ratione
773 1145 827 1194 aut
846 1136 969 1195 omnino
990 1137 1196 1197 consolatione

119 1240 192 1314 illa,
216 1259 275 1317 qua
295 1239 456 1313 doceatur,
477 1236 557 1296 nihil
577 1246 717 1315 oportere
736 1237 927 1316 inopinatum
946 1238 1060 1314 videri,
1081 1240 1125 1297 ita
1144 1259 1196 1298 ren

120 1340 266 1420 spondet,
288 1349 323 1398 ut
343 1340 544 1413 demonstret,
566 1336 647 1396 hanc
672 1337 779 1397 animis
804 1339 945 1399 medendi
964 1343 1027 1398 vim
1050 1361 1113 1399 non
1134 1361 1197 1400 esse

120 1443 153 1501 in
166 1443 231 1522 ipsa
248 1441 449 1501 diuturnitate
465 1440 603 1520 positam,
625 1438 725 1499 sedin
741 1441 925 1517 cogitatione
940 1441 1094 1517 diuturna,
1118 1441 1198 1500 nihil

121 1564 183 1604 esse
196 1544 230 1603 in
247 1565 280 1603 re
295 1543 376 1602 mali.
390 1573 431 1588 ·-
476 1539 649 1601 Consolatio
666 1550 766 1599 eutem
779 1542 843 1618 illa,
865 1563 984 1602 necesse
1002 1563 1064 1603 esse
1078 1543 1198 1602 homini

120 1646 181 1706 tale
206 1645 280 1724 quid
302 1644 453 1718 accidere,
476 1643 559 1701 valet
579 1642 762 1721 plurimum
785 1664 855 1702 nom
871 1645 927 1703 etsi
944 1644 981 1703 de
999 1645 1065 1724 ipsa
1080 1666 1197 1704 summa

120 1747 193 1807 mali
218 1746 297 1806 nihil
320 1744 468 1818 detrahit,
489 1745 522 1802 id
542 1753 643 1803 tamen
663 1743 771 1818 efficit,
793 1755 830 1804 ut
847 1745 927 1804 nihil
951 1748 1071 1806 eveniat
1092 1748 1197 1826 inopi-

120 1859 233 1908 natum.
286 1849 364 1926 Ergo
388 1847 446 1906 ista
477 1846 655 1923 necopinata
686 1867 749 1905 non
771 1846 885 1911 habent
906 1857 1022 1906 tantam
1052 1849 1131 1924 vim,
1162 1859 1198 1908 ut

121 1949 279 2030 aegritudo
299 1949 394 2008 exiis
416 1947 514 2006 omnis
536 1948 668 2023 oriatur3
697 1949 811 2007 feriunt
835 1949 956 2027 quidem
979 1952 1106 2009 sortasse
1125 1971 1196 2027 gra-

120 2053 205 2126 vius,
238 2051 290 2109 sed
319 2071 382 2109 non
410 2049 443 2107 id
473 2047 626 2122 efficiunt,
656 2059 692 2108 ut
713 2071 763 2125 ea,
795 2070 870 2128 quae
900 2051 1056 2127 accidant,
1081 2054 1197 2111 maiora

120 2154 299 2219 rideantur:
332 2151 403 2229 quia
431 2150 563 2210 recentia
592 2160 680 2226 sunt,
710 2152 824 2211 maiora
844 2152 1006 2229 videntur,
1035 2174 1097 2212 non
1127 2155 1197 2232 quia

119 2256 286 2334 repentina.

203 2353 324 2434 ltaque,
347 2353 490 2433 quoniam
507 2374 571 2413 non
585 2354 650 2433 ipsa
669 2353 871 2430 diuturnitas,
894 2356 947 2415 sed
964 2356 1105 2435 cogitatio
1125 2357 1196 2415 diu-

119 2468 227 2534 turne,
256 2456 336 2517 nihil
358 2477 420 2516 esse
439 2456 472 2514 in
490 2476 524 2515 re
542 2456 631 2530 mali,
662 2455 761 2514 dolori
780 2456 934 2516 medetur:
964 2464 1199 2518 consentaneum

120 2571 181 2636 est,
212 2569 264 2634 ut,
294 2560 377 2637 quod
397 2576 470 2617 usus
494 2557 600 2631 docet,
630 2556 664 2627 id
691 2556 809 2615 ratione
837 2558 938 2619 statim
966 2560 1198 2638 praecipiamus.

121 2662 240 2742 Duplex
256 2669 301 2719 est
315 2669 414 2717 autem
431 2659 510 2718 ratio
526 2642 592 2718 veri
608 2657 796 2735 reperiendi,
818 2680 888 2718 nam
904 2670 959 2719 aut
971 2661 1066 2740 ipsius
1080 2663 1125 2720 rei
1140 2683 1199 2720 na-

120 2777 189 2825 tura
209 2762 306 2841 qualis
325 2770 354 2818 et
371 2769 485 2839 quanta
505 2760 545 2818 sit
563 2759 750 2836 quaerimus,
772 2764 825 2820 'aut
842 2784 858 2821 a
879 2761 1055 2841 disputandi
1072 2765 1199 2822 subtili-

120 2874 182 2925 tate
204 2864 372 2924 orationem
394 2862 433 2920 ad
456 2861 592 2939 exempla
614 2859 809 2921 traducimus.
833 2885 862 2922 c.
876 2868 926 2931 23.
944 2863 994 2932 24.
1038 2866 1200 2926 Refellitur

43 2976 45 2981 '
122 2965 307 3041 Carneades,
330 2964 383 3044 qui
400 2964 588 3044 propositam
606 2957 810 3023 necessitatem
832 2965 1016 3025 conditionis
1038 2965 1199 3043 humanm,

122 3067 493 3143 commemorationemque
515 3062 683 3123 alienorum
702 3066 850 3124 malorum
867 3068 905 3125 ad
920 3067 1080 3127 levandam
1099 3070 1200 3147 aegri·
1222 3068 1226 3075 ’

121 3171 259 3232 tudinem
280 3168 433 3249 pertinere
452 3167 588 3243 negabat·
612 3188 637 3226 c.
656 3169 707 3236 25.
731 3167 757 3242 §.
774 3170 825 3237 59.
842 3171 892 3236 60.

205 3272 269 3330 Iam
292 3271 398 3330 Cicero
426 3267 506 3327 redit
530 3266 766 3329 adsentantium
788 3289 878 3348 supra
900 3293 917 3328 a
939 3291 971 3330 se
999 3273 1199 3351 propositam,

121 3372 319 3453 aegritudinis
338 3391 474 3431 caussam
489 3371 605 3430 nullam
621 3371 712 3430 aliam
730 3391 809 3446 esse,
831 3371 889 3430 nisi
907 3371 1080 3451 opinionem
1100 3384 1131 3433 et
1146 3375 1200 3433 iu·

122 3477 237 3536 dicium
258 3474 366 3552 -magni
393 3473 558 3553 praesentis
587 3482 687 3565 atqua⁸
704 3473 840 3550 urgentis
868 3475 956 3532 mali:
987 3496 1047 3554 qua
1075 3475 1199 3553 quidem

123 3598 227 3638 caussa
240 3576 413 3650 intellecta,
437 3583 533 3633 totam
549 3566 870 3653 aegritudinem'evelli
885 3597 981 3655 posse.
1004 3579 1031 3656 §.
1048 3581 1100 3646 61.
1140 3577 1200 3636 Sed

123 3680 163 3738 ad
179 3678 260 3737 hanc
279 3677 451 3757 opinionem
471 3676 544 3735 mali
567 3697 670 3756 quum·
683 3676 738 3736 illa
757 3678 846 3736 etiam
869 3679 972 3757 opinio
992 3680 1134 3755 accessit,
1157 3680 1203 3739 ad

125 3783 267 3861 officium
285 3768 453 3859 pertinere,
475 3781 565 3856 ferre
589 3779 674 3838 illud
694 3800 806 3860 aegre,
834 3782 917 3860 quod
939 3783 1102 3841 acciderit:
1132 3791 1200 3840 tum

123 3883 255 3960 denique
267 3881 398 3940 efficitur
409 3880 465 3939 illa
480 3880 581 3958 gravis
598 3879 795 3958 aegritudinis
808 3883 1008 3961 perturbatio.
1051 3884 1201 3963 Exempla

123 3983 293 4044 afferuntur
308 3982 346 4042 da
360 3981 520 4042 hominum
533 3982 634 4042 dolori
648 3991 678 4042 et
689 3984 788 4043 luctui
800 3984 981 4066 indulgendi
993 3986 1201 4065 proclivitate,

122 4085 526 4164 equibusluculentissime
544 4093 686 4164 apparet,
712 4087 874 4146 -voluntate
897 4097 928 4146 et
947 4088 1061 4148 iudicio
1086 4088 1202 4168 suscipi

119 4158 368 4266 aegritudinem?
381 4206 469 4268 saepe
488 4194 569 4247 carto
586 4189 732 4271 temporis
748 4191 845 4271 spatio
860 4190 1035 4267 terminari,
1057 4200 1088 4250 et
1109 4192 1201 4252 aliam
