<?xml version="1.0" encoding="UTF-8"?>
<!DOCTYPE html PUBLIC "-//W3C//DTD XHTML 1.0 Transitional//EN"
    "http://www.w3.org/TR/xhtml1/DTD/xhtml1-transitional.dtd">
<html xmlns="http://www.w3.org/1999/xhtml" xml:lang="en" lang="en">
 <head>
  <title>
</title>
<meta http-equiv="Content-Type" content="text/html;charset=utf-8" />
  <meta name='ocr-system' content='tesseract 3.04.00' />
  <meta name='ocr-capabilities' content='ocr_page ocr_carea ocr_par ocr_line ocrx_word'/>
</head>
<body>
  <div class='ocr_page' id='page_1' title='image "./mtulliiciceroni18cicegoog_0266.png"; bbox 0 0 2640 4626; ppageno 0'>
   <div class='ocr_carea' id='block_1_1' title="bbox 200 179 1027 255">
    <p class='ocr_par' dir='ltr' id='par_1_1' title="bbox 200 179 1027 255">
     <span class='ocr_line' id='line_1_1' title="bbox 200 179 1027 255; baseline -0.011 0"><span class='ocrx_word' id='word_1_1' title='bbox 200 179 267 255; x_wconf 78' lang='lat' dir='ltr'><strong>ato</strong></span> <span class='ocrx_word' id='word_1_2' title='bbox 448 194 729 249; x_wconf 80' lang='lat' dir='ltr'><strong>ruscmsusunn</strong></span> <span class='ocrx_word' id='word_1_3' title='bbox 745 196 1027 249; x_wconf 77' lang='lat' dir='ltr'><strong>nnrorsrrouun</strong></span> 
     </span>
    </p>
   </div>
   <div class='ocr_carea' id='block_1_2' title="bbox 202 310 1318 828">
    <p class='ocr_par' dir='ltr' id='par_1_2' title="bbox 202 310 1318 828">
     <span class='ocr_line' id='line_1_2' title="bbox 203 310 1318 414; baseline -0.001 -28"><span class='ocrx_word' id='word_1_4' title='bbox 203 313 246 388; x_wconf 87' lang='lat' dir='ltr'><strong>tis</strong></span> <span class='ocrx_word' id='word_1_5' title='bbox 269 330 403 414; x_wconf 90' lang='lat' dir='ltr'><strong>putent,</strong></span> <span class='ocrx_word' id='word_1_6' title='bbox 436 312 561 388; x_wconf 89' lang='lat' dir='ltr'><strong>malum</strong></span> <span class='ocrx_word' id='word_1_7' title='bbox 587 312 671 389; x_wconf 87' lang='lat' dir='ltr'><strong>illud</strong></span> <span class='ocrx_word' id='word_1_8' title='bbox 694 313 832 387; x_wconf 90' lang='lat' dir='ltr'><strong>omnino</strong></span> <span class='ocrx_word' id='word_1_9' title='bbox 853 341 924 385; x_wconf 91' lang='lat' dir='ltr'><strong>non</strong></span> <span class='ocrx_word' id='word_1_10' title='bbox 946 340 1035 398; x_wconf 89' lang='lat' dir='ltr'><strong>esse,</strong></span> <span class='ocrx_word' id='word_1_11' title='bbox 1066 329 1104 385; x_wconf 91' lang='lat' dir='ltr'><strong>ut</strong></span> <span class='ocrx_word' id='word_1_12' title='bbox 1126 310 1277 388; x_wconf 76' lang='lat' dir='ltr'><strong>Cleanthi</strong></span> <span class='ocrx_word' id='word_1_13' title='bbox 1316 328 1318 385; x_wconf 66' lang='lat' dir='ltr'><strong>t</strong></span> 
     </span>
     <span class='ocr_line' id='line_1_3' title="bbox 202 413 1277 522; baseline 0.001 -33"><span class='ocrx_word' id='word_1_14' title='bbox 202 415 319 518; x_wconf 89' lang='lat' dir='ltr'><strong>placet.</strong></span> <span class='ocrx_word' id='word_1_15' title='bbox 351 431 429 489; x_wconf 91' lang='lat' dir='ltr'><strong>sunt</strong></span> <span class='ocrx_word' id='word_1_16' title='bbox 454 416 533 517; x_wconf 89' lang='lat' dir='ltr'><strong>qui,</strong></span> <span class='ocrx_word' id='word_1_17' title='bbox 557 445 627 490; x_wconf 91' lang='lat' dir='ltr'><strong>non</strong></span> <span class='ocrx_word' id='word_1_18' title='bbox 652 444 809 515; x_wconf 76' lang='lat' dir='ltr'><strong>maguum</strong></span> <span class='ocrx_word' id='word_1_19' title='bbox 829 413 971 504; x_wconf 87' lang='lat' dir='ltr'><strong>malum,</strong></span> <span class='ocrx_word' id='word_1_20' title='bbox 997 431 1033 489; x_wconf 89' lang='lat' dir='ltr'><strong>ut</strong></span> <span class='ocrx_word' id='word_1_21' title='bbox 1057 413 1277 522; x_wconf 68' lang='lat' dir='ltr'><strong>Peripatetici.</strong></span> 
     </span>
     <span class='ocr_line' id='line_1_4' title="bbox 202 512 1318 618; baseline 0.003 -26"><span class='ocrx_word' id='word_1_22' title='bbox 202 537 280 592; x_wconf 86' lang='lat' dir='ltr'><strong>sunt</strong></span> <span class='ocrx_word' id='word_1_23' title='bbox 302 519 360 618; x_wconf 91' lang='lat' dir='ltr'><strong>qui</strong></span> <span class='ocrx_word' id='word_1_24' title='bbox 388 517 555 593; x_wconf 90' lang='lat' dir='ltr'><strong>abducant</strong></span> <span class='ocrx_word' id='word_1_25' title='bbox 581 547 600 593; x_wconf 92' lang='lat' dir='ltr'><strong>a</strong></span> <span class='ocrx_word' id='word_1_26' title='bbox 628 517 723 592; x_wconf 87' lang='lat' dir='ltr'><strong>malis</strong></span> <span class='ocrx_word' id='word_1_27' title='bbox 745 519 788 593; x_wconf 90' lang='lat' dir='ltr'><strong>ad</strong></span> <span class='ocrx_word' id='word_1_28' title='bbox 813 518 921 606; x_wconf 90' lang='lat' dir='ltr'><strong>bona,</strong></span> <span class='ocrx_word' id='word_1_29' title='bbox 946 533 983 590; x_wconf 91' lang='lat' dir='ltr'><strong>ut</strong></span> <span class='ocrx_word' id='word_1_30' title='bbox 999 517 1177 618; x_wconf 75' lang='lat' dir='ltr'>Epicurus.</span> <span class='ocrx_word' id='word_1_31' title='bbox 1204 536 1278 595; x_wconf 86' lang='lat' dir='ltr'><strong>suut</strong></span> <span class='ocrx_word' id='word_1_32' title='bbox 1315 512 1318 549; x_wconf 83' lang='lat'><strong>¹</strong></span> 
     </span>
     <span class='ocr_line' id='line_1_5' title="bbox 203 619 1278 722; baseline 0.004 -29"><span class='ocrx_word' id='word_1_33' title='bbox 203 621 262 721; x_wconf 90' lang='lat' dir='ltr'><strong>qni</strong></span> <span class='ocrx_word' id='word_1_34' title='bbox 298 622 378 695; x_wconf 89' lang='lat' dir='ltr'><strong>satis</strong></span> <span class='ocrx_word' id='word_1_35' title='bbox 406 639 541 722; x_wconf 91' lang='lat' dir='ltr'><strong>putent,</strong></span> <span class='ocrx_word' id='word_1_36' title='bbox 575 621 770 709; x_wconf 75' lang='lat' dir='ltr'><strong>ostendere,</strong></span> <span class='ocrx_word' id='word_1_37' title='bbox 805 619 890 694; x_wconf 89' lang='lat' dir='ltr'><strong>nihil</strong></span> <span class='ocrx_word' id='word_1_38' title='bbox 917 619 1084 721; x_wconf 90' lang='lat' dir='ltr'><strong>inopinati</strong></span> <span class='ocrx_word' id='word_1_39' title='bbox 1105 621 1278 712; x_wconf 85' lang='lat' dir='ltr'><strong>accidisse,</strong></span> 
     </span>
     <span class='ocr_line' id='line_1_6' title="bbox 204 723 1317 828; baseline 0.003 -32"><span class='ocrx_word' id='word_1_40' title='bbox 204 725 261 825; x_wconf 92' lang='lat' dir='ltr'><strong>[ut</strong></span> <span class='ocrx_word' id='word_1_41' title='bbox 284 724 459 828; x_wconf 86' lang='lat' dir='ltr'><strong>Cyrenaici</strong></span> <span class='ocrx_word' id='word_1_42' title='bbox 472 726 520 827; x_wconf 84' lang='lat'><strong>¹.]</strong></span> <span class='ocrx_word' id='word_1_43' title='bbox 574 723 792 827; x_wconf 87' lang='lat' dir='ltr'><strong>Chrysippus</strong></span> <span class='ocrx_word' id='word_1_44' title='bbox 814 739 925 798; x_wconf 79' lang='lat' dir='ltr'><strong>autent</strong></span> <span class='ocrx_word' id='word_1_45' title='bbox 949 740 1048 823; x_wconf 89' lang='lat' dir='ltr'><strong>caput</strong></span> <span class='ocrx_word' id='word_1_46' title='bbox 1071 750 1147 799; x_wconf 90' lang='lat' dir='ltr'><strong>esse</strong></span> <span class='ocrx_word' id='word_1_47' title='bbox 1170 742 1276 799; x_wconf 86' lang='lat' dir='ltr'><strong>censet</strong></span> <span class='ocrx_word' id='word_1_48' title='bbox 1312 758 1317 815; x_wconf 51' lang='grc' dir='ltr'><strong>τ,</strong></span> 
     </span>
    </p>
   </div>
   <div class='ocr_carea' id='block_1_3' title="bbox 270 826 1318 947">
    <p class='ocr_par' dir='ltr' id='par_1_3' title="bbox 270 826 1318 947">
     <span class='ocr_line' id='line_1_7' title="bbox 270 826 1318 947; baseline -0.007 -10"><span class='ocrx_word' id='word_1_49' title='bbox 270 881 286 937; x_wconf 89' lang='grc'><strong>1</strong></span> <span class='ocrx_word' id='word_1_50' title='bbox 303 879 335 930; x_wconf 80' lang='lat' dir='ltr'><strong>V.</strong></span> <span class='ocrx_word' id='word_1_51' title='bbox 353 877 418 930; x_wconf 81' lang='lat' dir='ltr'><strong>sdn.</strong></span> <span class='ocrx_word' id='word_1_52' title='bbox 1313 826 1318 947; x_wconf 65' lang='lat' dir='ltr'><strong>i</strong></span> 
     </span>
    </p>
   </div>
   <div class='ocr_carea' id='block_1_4' title="bbox 151 968 1318 3080">
    <p class='ocr_par' dir='ltr' id='par_1_4' title="bbox 151 968 1318 3080">
     <span class='ocr_line' id='line_1_8' title="bbox 254 968 1318 1059; baseline 0.003 -31"><span class='ocrx_word' id='word_1_53' title='bbox 254 981 296 1038; x_wconf 82' lang='lat'><strong>76.</strong></span> <span class='ocrx_word' id='word_1_54' title='bbox 324 978 406 1040; x_wconf 77' lang='lat' dir='ltr'><strong>Sunt,</strong></span> <span class='ocrx_word' id='word_1_55' title='bbox 431 978 476 1050; x_wconf 84' lang='lat' dir='ltr'><strong>qui</strong></span> <span class='ocrx_word' id='word_1_56' title='bbox 497 1006 530 1018; x_wconf 90' lang='lat'><strong>-··</strong></span> <span class='ocrx_word' id='word_1_57' title='bbox 550 980 658 1048; x_wconf 76' lang='lat' dir='ltr'><strong>putent)</strong></span> <span class='ocrx_word' id='word_1_58' title='bbox 682 980 726 1030; x_wconf 84' lang='lat' dir='ltr'><strong>Sic</strong></span> <span class='ocrx_word' id='word_1_59' title='bbox 758 979 862 1031; x_wconf 81' lang='lat' dir='ltr'><strong>Sallust.</strong></span> <span class='ocrx_word' id='word_1_60' title='bbox 882 977 956 1029; x_wconf 83' lang='lat' dir='ltr'><strong>catil.</strong></span> <span class='ocrx_word' id='word_1_61' title='bbox 975 995 997 1029; x_wconf 88' lang='lat' dir='ltr'><strong>c.</strong></span> <span class='ocrx_word' id='word_1_62' title='bbox 1015 982 1055 1037; x_wconf 92' lang='grc'><strong>18</strong></span> <span class='ocrx_word' id='word_1_63' title='bbox 1083 978 1153 1029; x_wconf 69' lang='lat' dir='ltr'><strong>Sunt</strong></span> <span class='ocrx_word' id='word_1_64' title='bbox 1176 979 1275 1059; x_wconf 75' lang='lat' dir='ltr'><strong>quiite</strong></span> <span class='ocrx_word' id='word_1_65' title='bbox 1313 968 1318 1021; x_wconf 77' lang='lat' dir='ltr'><strong>i</strong></span> 
     </span>
     <span class='ocr_line' id='line_1_9' title="bbox 204 1045 1274 1114; baseline 0.003 -18"><span class='ocrx_word' id='word_1_66' title='bbox 204 1045 281 1113; x_wconf 80' lang='lat' dir='ltr'><strong>vulgo</strong></span> <span class='ocrx_word' id='word_1_67' title='bbox 295 1046 397 1113; x_wconf 79' lang='lat' dir='ltr'><strong>legitur.</strong></span> <span class='ocrx_word' id='word_1_68' title='bbox 415 1045 531 1098; x_wconf 75' lang='lat' dir='ltr'><strong>Davisius</strong></span> <span class='ocrx_word' id='word_1_69' title='bbox 545 1065 577 1097; x_wconf 85' lang='lat' dir='ltr'><strong>ex</strong></span> <span class='ocrx_word' id='word_1_70' title='bbox 589 1047 682 1098; x_wconf 83' lang='lat' dir='ltr'><strong>Elisus.</strong></span> <span class='ocrx_word' id='word_1_71' title='bbox 691 1049 723 1099; x_wconf 84' lang='grc' dir='ltr'><strong>Π.</strong></span> <span class='ocrx_word' id='word_1_72' title='bbox 758 1048 866 1098; x_wconf 82' lang='lat' dir='ltr'><strong>dicunt:</strong></span> <span class='ocrx_word' id='word_1_73' title='bbox 883 1063 959 1114; x_wconf 86' lang='lat' dir='ltr'><strong>quam</strong></span> <span class='ocrx_word' id='word_1_74' title='bbox 969 1045 1107 1097; x_wconf 65' lang='lat' dir='ltr'><strong>lection·</strong></span> <span class='ocrx_word' id='word_1_75' title='bbox 1120 1046 1226 1105; x_wconf 78' lang='lat' dir='ltr'><strong>Coruus</strong></span> <span class='ocrx_word' id='word_1_76' title='bbox 1238 1065 1274 1099; x_wconf 85' lang='lat' dir='ltr'><strong>re·</strong></span> 
     </span>
     <span class='ocr_line' id='line_1_10' title="bbox 205 1112 1273 1194; baseline 0.003 -31"><span class='ocrx_word' id='word_1_77' title='bbox 205 1112 277 1163; x_wconf 87' lang='lat' dir='ltr'><strong>dedit</strong></span> <span class='ocrx_word' id='word_1_78' title='bbox 291 1126 405 1185; x_wconf 80' lang='lat' dir='ltr'><strong>putant,</strong></span> <span class='ocrx_word' id='word_1_79' title='bbox 430 1114 489 1194; x_wconf 89' lang='lat' dir='ltr'><strong>quia</strong></span> <span class='ocrx_word' id='word_1_80' title='bbox 509 1115 536 1165; x_wconf 93' lang='lat' dir='ltr'><strong>in</strong></span> <span class='ocrx_word' id='word_1_81' title='bbox 561 1115 725 1182; x_wconf 78' lang='lat' dir='ltr'><strong>sequentibus</strong></span> <span class='ocrx_word' id='word_1_82' title='bbox 758 1114 874 1183; x_wconf 76' lang='lat' dir='ltr'><strong>scripsit,</strong></span> <span class='ocrx_word' id='word_1_83' title='bbox 893 1112 1004 1164; x_wconf 88' lang='lat' dir='ltr'><strong>omnium</strong></span> <span class='ocrx_word' id='word_1_84' title='bbox 1020 1113 1074 1163; x_wconf 84' lang='lat' dir='ltr'><strong>fere</strong></span> <span class='ocrx_word' id='word_1_85' title='bbox 1088 1112 1171 1165; x_wconf 85' lang='lat' dir='ltr'><strong>Codd.</strong></span> <span class='ocrx_word' id='word_1_86' title='bbox 1189 1125 1273 1177; x_wconf 77' lang='lat' dir='ltr'><strong>aucto7</strong></span> 
     </span>
     <span class='ocr_line' id='line_1_11' title="bbox 204 1181 1318 1252; baseline 0.002 -21"><span class='ocrx_word' id='word_1_87' title='bbox 204 1181 357 1232; x_wconf 82' lang='lat' dir='ltr'><strong>indicativus</strong></span> <span class='ocrx_word' id='word_1_88' title='bbox 388 1192 488 1250; x_wconf 77' lang='lat' dir='ltr'><strong>positus</strong></span> <span class='ocrx_word' id='word_1_89' title='bbox 511 1183 557 1233; x_wconf 90' lang='lat' dir='ltr'><strong>sit:</strong></span> <span class='ocrx_word' id='word_1_90' title='bbox 593 1195 656 1233; x_wconf 83' lang='lat' dir='ltr'><strong>sunt</strong></span> <span class='ocrx_word' id='word_1_91' title='bbox 680 1184 725 1252; x_wconf 83' lang='lat' dir='ltr'><strong>qui</strong></span> <span class='ocrx_word' id='word_1_92' title='bbox 757 1183 835 1233; x_wconf 79' lang='lat' dir='ltr'><strong>ritate</strong></span> <span class='ocrx_word' id='word_1_93' title='bbox 857 1181 939 1240; x_wconf 87' lang='lat' dir='ltr'><strong>uisus;</strong></span> <span class='ocrx_word' id='word_1_94' title='bbox 968 1198 998 1232; x_wconf 87' lang='lat' dir='ltr'><strong>ac</strong></span> <span class='ocrx_word' id='word_1_95' title='bbox 1015 1190 1086 1231; x_wconf 82' lang='lat' dir='ltr'><strong>recte</strong></span> <span class='ocrx_word' id='word_1_96' title='bbox 1121 1181 1210 1232; x_wconf 90' lang='lat' dir='ltr'><strong>uidem</strong></span> <span class='ocrx_word' id='word_1_97' title='bbox 1226 1200 1274 1233; x_wconf 82' lang='lat' dir='ltr'><strong>rus·</strong></span> <span class='ocrx_word' id='word_1_98' title='bbox 1315 1210 1318 1237; x_wconf 64' lang='grc' dir='ltr'>ι</span> 
     </span>
     <span class='ocr_line' id='line_1_12' title="bbox 205 1246 1318 1321; baseline 0.001 -22"><span class='ocrx_word' id='word_1_99' title='bbox 205 1248 355 1311; x_wconf 79' lang='lat' dir='ltr'><strong>abducunt,</strong></span> <span class='ocrx_word' id='word_1_100' title='bbox 380 1261 443 1300; x_wconf 81' lang='lat' dir='ltr'><strong>sunt</strong></span> <span class='ocrx_word' id='word_1_101' title='bbox 464 1251 510 1318; x_wconf 81' lang='lat' dir='ltr'><strong>qui</strong></span> <span class='ocrx_word' id='word_1_102' title='bbox 533 1251 604 1301; x_wconf 80' lang='lat' dir='ltr'><strong>sacis</strong></span> <span class='ocrx_word' id='word_1_103' title='bbox 617 1262 725 1321; x_wconf 80' lang='lat' dir='ltr'><strong>putant,</strong></span> <span class='ocrx_word' id='word_1_104' title='bbox 757 1251 825 1302; x_wconf 83' lang='lat' dir='ltr'><strong>xime</strong></span> <span class='ocrx_word' id='word_1_105' title='bbox 847 1251 881 1300; x_wconf 92' lang='lat' dir='ltr'><strong>ob</strong></span> <span class='ocrx_word' id='word_1_106' title='bbox 905 1247 1018 1299; x_wconf 87' lang='lat' dir='ltr'><strong>additam</strong></span> <span class='ocrx_word' id='word_1_107' title='bbox 1039 1266 1087 1301; x_wconf 81' lang='lat' dir='ltr'><strong>voc</strong></span> <span class='ocrx_word' id='word_1_108' title='bbox 1117 1266 1158 1299; x_wconf 86' lang='lat' dir='ltr'><strong>am</strong></span> <span class='ocrx_word' id='word_1_109' title='bbox 1184 1251 1234 1301; x_wconf 84' lang='lat' dir='ltr'><strong>ita.</strong></span> <span class='ocrx_word' id='word_1_110' title='bbox 1248 1279 1274 1289; x_wconf 92' lang='lat'><em>-</em></span> <span class='ocrx_word' id='word_1_111' title='bbox 1315 1246 1318 1289; x_wconf 74' lang='lat' dir='ltr'><strong>i</strong></span> 
     </span>
     <span class='ocr_line' id='line_1_13' title="bbox 206 1315 1273 1388; baseline 0.001 -21"><span class='ocrx_word' id='word_1_112' title='bbox 206 1329 269 1367; x_wconf 79' lang='lat' dir='ltr'><strong>sunt</strong></span> <span class='ocrx_word' id='word_1_113' title='bbox 283 1319 377 1380; x_wconf 83' lang='lat' dir='ltr'><strong>etiam,</strong></span> <span class='ocrx_word' id='word_1_114' title='bbox 402 1318 447 1386; x_wconf 85' lang='lat' dir='ltr'><strong>qui</strong></span> <span class='ocrx_word' id='word_1_115' title='bbox 461 1316 608 1388; x_wconf 77' lang='lat' dir='ltr'><strong>colligunt:</strong></span> <span class='ocrx_word' id='word_1_116' title='bbox 633 1335 725 1385; x_wconf 88' lang='lat' dir='ltr'><strong>quam·</strong></span> <span class='ocrx_word' id='word_1_117' title='bbox 758 1317 815 1369; x_wconf 78' lang='lat' dir='ltr'><strong>Alia</strong></span> <span class='ocrx_word' id='word_1_118' title='bbox 833 1335 872 1367; x_wconf 88' lang='lat' dir='ltr'><strong>res</strong></span> <span class='ocrx_word' id='word_1_119' title='bbox 887 1326 939 1378; x_wconf 92' lang='lat' dir='ltr'><strong>est,</strong></span> <span class='ocrx_word' id='word_1_120' title='bbox 963 1315 985 1366; x_wconf 89' lang='lat' dir='ltr'><strong>si</strong></span> <span class='ocrx_word' id='word_1_121' title='bbox 1005 1316 1083 1367; x_wconf 88' lang='lat' dir='ltr'><strong>verbo</strong></span> <span class='ocrx_word' id='word_1_122' title='bbox 1105 1329 1171 1367; x_wconf 79' lang='lat' dir='ltr'><strong>sunt</strong></span> <span class='ocrx_word' id='word_1_123' title='bbox 1193 1318 1273 1368; x_wconf 88' lang='lat' dir='ltr'><strong>subie-</strong></span> 
     </span>
     <span class='ocr_line' id='line_1_14' title="bbox 205 1383 1318 1455; baseline 0.003 -21"><span class='ocrx_word' id='word_1_124' title='bbox 205 1401 280 1452; x_wconf 87' lang='lat' dir='ltr'><strong>quam</strong></span> <span class='ocrx_word' id='word_1_125' title='bbox 296 1385 366 1454; x_wconf 92' lang='lat' dir='ltr'><strong>apud</strong></span> <span class='ocrx_word' id='word_1_126' title='bbox 381 1384 502 1434; x_wconf 87' lang='lat' dir='ltr'><strong>Orellium</strong></span> <span class='ocrx_word' id='word_1_127' title='bbox 518 1403 601 1454; x_wconf 88' lang='lat' dir='ltr'><strong>neque</strong></span> <span class='ocrx_word' id='word_1_128' title='bbox 618 1385 645 1436; x_wconf 89' lang='lat' dir='ltr'><strong>iu</strong></span> <span class='ocrx_word' id='word_1_129' title='bbox 662 1403 725 1437; x_wconf 87' lang='lat' dir='ltr'><strong>voce</strong></span> <span class='ocrx_word' id='word_1_130' title='bbox 758 1396 826 1436; x_wconf 86' lang='lat' dir='ltr'><strong>ctum</strong></span> <span class='ocrx_word' id='word_1_131' title='bbox 841 1384 883 1434; x_wconf 86' lang='lat' dir='ltr'><strong>vel</strong></span> <span class='ocrx_word' id='word_1_132' title='bbox 898 1383 1072 1451; x_wconf 84' lang='lat' dir='ltr'><strong>praedicatum</strong></span> <span class='ocrx_word' id='word_1_133' title='bbox 1096 1383 1218 1436; x_wconf 68' lang='lat' dir='ltr'><strong>adffltum</strong></span> <span class='ocrx_word' id='word_1_134' title='bbox 1236 1395 1275 1436; x_wconf 85' lang='lat' dir='ltr'><strong>est.</strong></span> <span class='ocrx_word' id='word_1_135' title='bbox 1316 1418 1318 1455; x_wconf 48' lang='grc' dir='ltr'>ἰ</span> 
     </span>
     <span class='ocr_line' id='line_1_15' title="bbox 205 1439 1318 1523; baseline 0 -20"><span class='ocrx_word' id='word_1_136' title='bbox 205 1452 347 1515; x_wconf 80' lang='lat' dir='ltr'><strong>abducant,</strong></span> <span class='ocrx_word' id='word_1_137' title='bbox 363 1439 486 1520; x_wconf 69' lang='lat' dir='ltr'><strong>usquein</strong></span> <span class='ocrx_word' id='word_1_138' title='bbox 500 1470 571 1520; x_wconf 87' lang='lat' dir='ltr'><strong>seqq.</strong></span> <span class='ocrx_word' id='word_1_139' title='bbox 588 1455 659 1504; x_wconf 78' lang='lat' dir='ltr'><strong>satis</strong></span> <span class='ocrx_word' id='word_1_140' title='bbox 669 1471 725 1523; x_wconf 82' lang='lat' dir='ltr'><strong>pu-</strong></span> <span class='ocrx_word' id='word_1_141' title='bbox 757 1456 787 1505; x_wconf 82' lang='lat' dir='ltr'><strong>In</strong></span> <span class='ocrx_word' id='word_1_142' title='bbox 805 1451 928 1503; x_wconf 88' lang='lat' dir='ltr'><strong>eiusmodi</strong></span> <span class='ocrx_word' id='word_1_143' title='bbox 945 1450 1008 1503; x_wconf 91' lang='lat' dir='ltr'><strong>locis</strong></span> <span class='ocrx_word' id='word_1_144' title='bbox 1026 1460 1053 1500; x_wconf 93' lang='lat' dir='ltr'><strong>et</strong></span> <span class='ocrx_word' id='word_1_145' title='bbox 1067 1449 1237 1505; x_wconf 81' lang='lat' dir='ltr'><strong>indicativum</strong></span> <span class='ocrx_word' id='word_1_146' title='bbox 1252 1463 1275 1503; x_wconf 85' lang='lat' dir='ltr'><strong>st</strong></span> <span class='ocrx_word' id='word_1_147' title='bbox 1316 1468 1318 1485; x_wconf 84' lang='lat'><strong>¹</strong></span> 
     </span>
     <span class='ocr_line' id='line_1_16' title="bbox 205 1518 1276 1585; baseline -0.001 -14"><span class='ocrx_word' id='word_1_148' title='bbox 205 1532 262 1571; x_wconf 77' lang='lat' dir='ltr'><strong>tens</strong></span> <span class='ocrx_word' id='word_1_149' title='bbox 278 1521 330 1571; x_wconf 90' lang='lat' dir='ltr'><strong>ulla</strong></span> <span class='ocrx_word' id='word_1_150' title='bbox 346 1519 483 1570; x_wconf 89' lang='lat' dir='ltr'><strong>adnotatur</strong></span> <span class='ocrx_word' id='word_1_151' title='bbox 498 1521 617 1573; x_wconf 87' lang='lat' dir='ltr'><strong>lectionis</strong></span> <span class='ocrx_word' id='word_1_152' title='bbox 638 1520 725 1571; x_wconf 86' lang='lat' dir='ltr'><strong>varie-</strong></span> <span class='ocrx_word' id='word_1_153' title='bbox 757 1520 944 1570; x_wconf 89' lang='lat' dir='ltr'><strong>subiunctivum</strong></span> <span class='ocrx_word' id='word_1_154' title='bbox 968 1518 1054 1585; x_wconf 89' lang='lat' dir='ltr'><strong>sequi,</strong></span> <span class='ocrx_word' id='word_1_155' title='bbox 1081 1528 1159 1571; x_wconf 75' lang='lat' dir='ltr'><strong>extra</strong></span> <span class='ocrx_word' id='word_1_156' title='bbox 1183 1537 1276 1572; x_wconf 84' lang='lat' dir='ltr'><strong>ornnem</strong></span> 
     </span>
     <span class='ocr_line' id='line_1_17' title="bbox 205 1584 1276 1659; baseline 0 -20"><span class='ocrx_word' id='word_1_157' title='bbox 205 1597 255 1639; x_wconf 83' lang='lat' dir='ltr'><strong>tas.</strong></span> <span class='ocrx_word' id='word_1_158' title='bbox 273 1591 308 1639; x_wconf 81' lang='lat' dir='ltr'><strong>At</strong></span> <span class='ocrx_word' id='word_1_159' title='bbox 320 1587 487 1638; x_wconf 89' lang='lat' dir='ltr'><strong>indicativum</strong></span> <span class='ocrx_word' id='word_1_160' title='bbox 501 1589 631 1659; x_wconf 78' lang='lat' dir='ltr'><strong>colligunt</strong></span> <span class='ocrx_word' id='word_1_161' title='bbox 643 1588 724 1639; x_wconf 83' lang='lat' dir='ltr'><strong>Codd.</strong></span> <span class='ocrx_word' id='word_1_162' title='bbox 758 1586 942 1638; x_wconf 81' lang='lat' dir='ltr'><strong>dubitationem</strong></span> <span class='ocrx_word' id='word_1_163' title='bbox 963 1584 1074 1654; x_wconf 89' lang='lat' dir='ltr'><strong>positum</strong></span> <span class='ocrx_word' id='word_1_164' title='bbox 1092 1595 1140 1637; x_wconf 90' lang='lat' dir='ltr'><strong>est.</strong></span> <span class='ocrx_word' id='word_1_165' title='bbox 1178 1589 1221 1639; x_wconf 73' lang='lat' dir='ltr'><strong>Sic</strong></span> <span class='ocrx_word' id='word_1_166' title='bbox 1237 1605 1276 1639; x_wconf 85' lang='lat' dir='ltr'><strong>su-</strong></span> 
     </span>
     <span class='ocr_line' id='line_1_18' title="bbox 204 1654 1318 1724; baseline 0.001 -18"><span class='ocrx_word' id='word_1_167' title='bbox 204 1655 304 1706; x_wconf 87' lang='lat' dir='ltr'><strong>etEdd.</strong></span> <span class='ocrx_word' id='word_1_168' title='bbox 314 1665 377 1705; x_wconf 90' lang='lat' dir='ltr'><strong>vett.</strong></span> <span class='ocrx_word' id='word_1_169' title='bbox 390 1654 543 1706; x_wconf 83' lang='lat' dir='ltr'><strong>mordacitas</strong></span> <span class='ocrx_word' id='word_1_170' title='bbox 556 1665 653 1707; x_wconf 90' lang='lat' dir='ltr'><strong>tenent.</strong></span> <span class='ocrx_word' id='word_1_171' title='bbox 673 1658 724 1721; x_wconf 75' lang='lat' dir='ltr'><strong>Res</strong></span> <span class='ocrx_word' id='word_1_172' title='bbox 776 1674 805 1705; x_wconf 88' lang='lat' dir='ltr'><strong>ra</strong></span> <span class='ocrx_word' id='word_1_173' title='bbox 819 1657 863 1705; x_wconf 88' lang='lat'><strong>111.</strong></span> <span class='ocrx_word' id='word_1_174' title='bbox 878 1659 927 1717; x_wconf 84' lang='grc'><strong>26,</strong></span> <span class='ocrx_word' id='word_1_175' title='bbox 943 1658 985 1713; x_wconf 77' lang='grc'><strong>63.</strong></span> <span class='ocrx_word' id='word_1_176' title='bbox 1003 1666 1065 1704; x_wconf 81' lang='lat' dir='ltr'><strong>sunt</strong></span> <span class='ocrx_word' id='word_1_177' title='bbox 1081 1654 1133 1711; x_wconf 80' lang='lat' dir='ltr'><strong>alii</strong></span> <span class='ocrx_word' id='word_1_178' title='bbox 1148 1672 1217 1724; x_wconf 76' lang='lat' dir='ltr'><strong>qrsos</strong></span> <span class='ocrx_word' id='word_1_179' title='bbox 1233 1657 1276 1707; x_wconf 81' lang='lat' dir='ltr'><strong>de·</strong></span> <span class='ocrx_word' id='word_1_180' title='bbox 1316 1706 1318 1723; x_wconf 72' lang='grc'><strong>,</strong></span> 
     </span>
     <span class='ocr_line' id='line_1_19' title="bbox 205 1675 1278 1789; baseline 0.003 -17"><span class='ocrx_word' id='word_1_181' title='bbox 205 1721 254 1773; x_wconf 89' lang='lat' dir='ltr'><strong>hac</strong></span> <span class='ocrx_word' id='word_1_182' title='bbox 284 1722 384 1772; x_wconf 85' lang='lat' dir='ltr'><strong>ratione</strong></span> <span class='ocrx_word' id='word_1_183' title='bbox 415 1721 515 1772; x_wconf 85' lang='lat' dir='ltr'><strong>videtur</strong></span> <span class='ocrx_word' id='word_1_184' title='bbox 537 1723 723 1774; x_wconf 89' lang='lat' dir='ltr'><strong>constituenda.</strong></span> <span class='ocrx_word' id='word_1_185' title='bbox 758 1675 848 1773; x_wconf 71' lang='lat' dir='ltr'><strong>iectus.</strong></span> <span class='ocrx_word' id='word_1_186' title='bbox 893 1723 971 1773; x_wconf 88' lang='lat' dir='ltr'><strong>Porro</strong></span> <span class='ocrx_word' id='word_1_187' title='bbox 996 1738 1012 1771; x_wconf 88' lang='lat' dir='ltr'><strong>a</strong></span> <span class='ocrx_word' id='word_1_188' title='bbox 1037 1737 1129 1789; x_wconf 86' lang='lat' dir='ltr'><strong>prosas</strong></span> <span class='ocrx_word' id='word_1_189' title='bbox 1159 1723 1278 1774; x_wconf 86' lang='lat' dir='ltr'><strong>orationis</strong></span> 
     </span>
     <span class='ocr_line' id='line_1_20' title="bbox 205 1788 1278 1859; baseline 0.004 -20"><span class='ocrx_word' id='word_1_190' title='bbox 205 1790 269 1840; x_wconf 91' lang='lat' dir='ltr'><strong>Post</strong></span> <span class='ocrx_word' id='word_1_191' title='bbox 281 1801 343 1840; x_wconf 76' lang='lat' dir='ltr'><strong>sunt</strong></span> <span class='ocrx_word' id='word_1_192' title='bbox 373 1790 403 1839; x_wconf 86' lang='lat' dir='ltr'><strong>ni</strong></span> <span class='ocrx_word' id='word_1_193' title='bbox 416 1799 443 1841; x_wconf 88' lang='lat' dir='ltr'><strong>et</strong></span> <span class='ocrx_word' id='word_1_194' title='bbox 456 1790 609 1841; x_wconf 75' lang='lat' dir='ltr'><strong>indicativus</strong></span> <span class='ocrx_word' id='word_1_195' title='bbox 623 1791 724 1842; x_wconf 90' lang='lat' dir='ltr'><strong>etsub-</strong></span> <span class='ocrx_word' id='word_1_196' title='bbox 757 1789 922 1857; x_wconf 88' lang='lat' dir='ltr'><strong>scriptoribus</strong></span> <span class='ocrx_word' id='word_1_197' title='bbox 938 1788 1087 1839; x_wconf 84' lang='lat' dir='ltr'><strong>secernendi</strong></span> <span class='ocrx_word' id='word_1_198' title='bbox 1100 1799 1166 1840; x_wconf 88' lang='lat' dir='ltr'><strong>suut</strong></span> <span class='ocrx_word' id='word_1_199' title='bbox 1181 1802 1278 1859; x_wconf 86' lang='lat' dir='ltr'><strong>poetae,</strong></span> 
     </span>
     <span class='ocr_line' id='line_1_21' title="bbox 205 1806 1318 1928; baseline -0.001 -22"><span class='ocrx_word' id='word_1_200' title='bbox 205 1857 339 1918; x_wconf 69' lang='lat' dir='ltr'><strong>innodius,</strong></span> <span class='ocrx_word' id='word_1_201' title='bbox 356 1806 454 1907; x_wconf 75' lang='lat' dir='ltr'><strong>diversa</strong></span> <span class='ocrx_word' id='word_1_202' title='bbox 464 1868 548 1909; x_wconf 88' lang='lat' dir='ltr'><strong>tamen</strong></span> <span class='ocrx_word' id='word_1_203' title='bbox 558 1858 659 1910; x_wconf 86' lang='lat' dir='ltr'><strong>ratione</strong></span> <span class='ocrx_word' id='word_1_204' title='bbox 670 1873 722 1926; x_wconf 92' lang='lat' dir='ltr'><strong>po-</strong></span> <span class='ocrx_word' id='word_1_205' title='bbox 756 1858 799 1925; x_wconf 90' lang='lat' dir='ltr'><strong>qui</strong></span> <span class='ocrx_word' id='word_1_206' title='bbox 817 1856 957 1908; x_wconf 88' lang='lat' dir='ltr'><strong>indicativo</strong></span> <span class='ocrx_word' id='word_1_207' title='bbox 981 1866 1008 1907; x_wconf 89' lang='lat' dir='ltr'><strong>et</strong></span> <span class='ocrx_word' id='word_1_208' title='bbox 1028 1856 1195 1910; x_wconf 87' lang='lat' dir='ltr'><strong>subiunctivo</strong></span> <span class='ocrx_word' id='word_1_209' title='bbox 1217 1877 1277 1928; x_wconf 88' lang='lat' dir='ltr'><strong>pro-</strong></span> <span class='ocrx_word' id='word_1_210' title='bbox 1313 1850 1318 1905; x_wconf 84' lang='lat' dir='ltr'><strong>i</strong></span> 
     </span>
     <span class='ocr_line' id='line_1_22' title="bbox 205 1910 1318 1993; baseline 0.004 -20"><span class='ocrx_word' id='word_1_211' title='bbox 205 1923 281 1977; x_wconf 88' lang='lat' dir='ltr'><strong>uitur.</strong></span> <span class='ocrx_word' id='word_1_212' title='bbox 315 1923 470 1975; x_wconf 89' lang='lat' dir='ltr'><strong>Iudicutivus</strong></span> <span class='ocrx_word' id='word_1_213' title='bbox 494 1943 520 1975; x_wconf 93' lang='lat' dir='ltr'><strong>se</strong></span> <span class='ocrx_word' id='word_1_214' title='bbox 539 1927 622 1988; x_wconf 91' lang='lat' dir='ltr'><strong>uitur,</strong></span> <span class='ocrx_word' id='word_1_215' title='bbox 647 1943 723 1993; x_wconf 90' lang='lat' dir='ltr'><strong>quum</strong></span> <span class='ocrx_word' id='word_1_216' title='bbox 754 1925 849 1975; x_wconf 87' lang='lat' dir='ltr'><strong>mis&#39;cue</strong></span> <span class='ocrx_word' id='word_1_217' title='bbox 869 1934 984 1975; x_wconf 88' lang='lat' dir='ltr'><strong>utuntur.</strong></span> <span class='ocrx_word' id='word_1_218' title='bbox 1020 1924 1141 1975; x_wconf 86' lang='lat' dir='ltr'><strong>Ceterum</strong></span> <span class='ocrx_word' id='word_1_219' title='bbox 1156 1925 1225 1978; x_wconf 89' lang='lat' dir='ltr'><strong>hanc</strong></span> <span class='ocrx_word' id='word_1_220' title='bbox 1238 1926 1277 1977; x_wconf 78' lang='lat' dir='ltr'><strong>di·</strong></span> <span class='ocrx_word' id='word_1_221' title='bbox 1315 1910 1318 1961; x_wconf 76' lang='grc' dir='ltr'>Ι</span> 
     </span>
     <span class='ocr_line' id='line_1_23' title="bbox 205 1943 1318 2060; baseline 0.004 -18"><span class='ocrx_word' id='word_1_222' title='bbox 205 1990 315 2059; x_wconf 82' lang='lat' dir='ltr'><strong>scriptor</strong></span> <span class='ocrx_word' id='word_1_223' title='bbox 344 2001 427 2042; x_wconf 91' lang='lat' dir='ltr'><strong>certos</strong></span> <span class='ocrx_word' id='word_1_224' title='bbox 453 1943 575 2060; x_wconf 77' lang='lat' dir='ltr'><strong>quosdam</strong></span> <span class='ocrx_word' id='word_1_225' title='bbox 599 1991 723 2055; x_wconf 91' lang='lat' dir='ltr'><strong>homiues,</strong></span> <span class='ocrx_word' id='word_1_226' title='bbox 756 1993 831 2043; x_wconf 90' lang='lat' dir='ltr'><strong>cendi</strong></span> <span class='ocrx_word' id='word_1_227' title='bbox 848 1991 973 2042; x_wconf 88' lang='lat' dir='ltr'><strong>rationem</strong></span> <span class='ocrx_word' id='word_1_228' title='bbox 994 1991 1043 2041; x_wconf 89' lang='lat' dir='ltr'><strong>viri</strong></span> <span class='ocrx_word' id='word_1_229' title='bbox 1063 1990 1137 2044; x_wconf 89' lang='lat' dir='ltr'><strong>docti</strong></span> <span class='ocrx_word' id='word_1_230' title='bbox 1163 1995 1277 2045; x_wconf 82' lang='lat' dir='ltr'><strong>certatim</strong></span> <span class='ocrx_word' id='word_1_231' title='bbox 1316 1994 1318 2011; x_wconf 93' lang='lat'>&#39;</span> 
     </span>
     <span class='ocr_line' id='line_1_24' title="bbox 204 2058 1276 2121; baseline 0.004 -12"><span class='ocrx_word' id='word_1_232' title='bbox 204 2058 257 2109; x_wconf 90' lang='lat' dir='ltr'><strong>sive</strong></span> <span class='ocrx_word' id='word_1_233' title='bbox 272 2059 291 2109; x_wconf 90' lang='lat' dir='ltr'><strong>ii</strong></span> <span class='ocrx_word' id='word_1_234' title='bbox 306 2069 381 2110; x_wconf 90' lang='lat' dir='ltr'><strong>autea</strong></span> <span class='ocrx_word' id='word_1_235' title='bbox 391 2060 442 2110; x_wconf 87' lang='lat' dir='ltr'><strong>iam</strong></span> <span class='ocrx_word' id='word_1_236' title='bbox 453 2061 644 2112; x_wconf 89' lang='lat' dir='ltr'><strong>commemorati</strong></span> <span class='ocrx_word' id='word_1_237' title='bbox 656 2070 722 2121; x_wconf 86' lang='lat' dir='ltr'><strong>suut,</strong></span> <span class='ocrx_word' id='word_1_238' title='bbox 757 2061 890 2111; x_wconf 81' lang='lat' dir='ltr'><strong>enucleare</strong></span> <span class='ocrx_word' id='word_1_239' title='bbox 907 2069 934 2109; x_wconf 89' lang='lat' dir='ltr'><strong>et</strong></span> <span class='ocrx_word' id='word_1_240' title='bbox 948 2059 1076 2110; x_wconf 87' lang='lat' dir='ltr'><strong>illustrare</strong></span> <span class='ocrx_word' id='word_1_241' title='bbox 1098 2062 1192 2113; x_wconf 84' lang='lat' dir='ltr'><strong>conati</strong></span> <span class='ocrx_word' id='word_1_242' title='bbox 1207 2072 1276 2113; x_wconf 87' lang='lat' dir='ltr'><strong>suut:</strong></span> 
     </span>
     <span class='ocr_line' id='line_1_25' title="bbox 205 2126 1278 2197; baseline 0.004 -20"><span class='ocrx_word' id='word_1_243' title='bbox 205 2126 259 2177; x_wconf 89' lang='lat' dir='ltr'><strong>&#39;sive</strong></span> <span class='ocrx_word' id='word_1_244' title='bbox 282 2126 361 2178; x_wconf 90' lang='lat' dir='ltr'><strong>menti</strong></span> <span class='ocrx_word' id='word_1_245' title='bbox 386 2128 567 2190; x_wconf 85' lang='lat' dir='ltr'><strong>obversantur,</strong></span> <span class='ocrx_word' id='word_1_246' title='bbox 600 2128 723 2178; x_wconf 81' lang='lat' dir='ltr'><strong>denotare</strong></span> <span class='ocrx_word' id='word_1_247' title='bbox 756 2145 862 2197; x_wconf 90' lang='lat' dir='ltr'><strong>quorum</strong></span> <span class='ocrx_word' id='word_1_248' title='bbox 894 2126 1033 2177; x_wconf 84' lang='lat' dir='ltr'><strong>sententias</strong></span> <span class='ocrx_word' id='word_1_249' title='bbox 1066 2126 1184 2179; x_wconf 87' lang='lat' dir='ltr'><strong>diversas</strong></span> <span class='ocrx_word' id='word_1_250' title='bbox 1215 2131 1278 2181; x_wconf 88' lang='lat' dir='ltr'><strong>inter</strong></span> 
     </span>
     <span class='ocr_line' id='line_1_26' title="bbox 151 2191 1277 2263; baseline 0.005 -20"><span class='ocrx_word' id='word_1_251' title='bbox 151 2191 154 2199; x_wconf 87' lang='lat'>&#39;</span> <span class='ocrx_word' id='word_1_252' title='bbox 205 2194 268 2244; x_wconf 88' lang='lat' dir='ltr'><strong>vult.</strong></span> <span class='ocrx_word' id='word_1_253' title='bbox 309 2194 488 2246; x_wconf 79' lang='lat' dir='ltr'><strong>Subiunctivus</strong></span> <span class='ocrx_word' id='word_1_254' title='bbox 508 2206 594 2247; x_wconf 89' lang='lat' dir='ltr'><strong>autem</strong></span> <span class='ocrx_word' id='word_1_255' title='bbox 610 2196 721 2263; x_wconf 89' lang='lat' dir='ltr'><strong>ponitur,</strong></span> <span class='ocrx_word' id='word_1_256' title='bbox 756 2213 833 2263; x_wconf 90' lang='lat' dir='ltr'><strong>seque</strong></span> <span class='ocrx_word' id='word_1_257' title='bbox 856 2194 1043 2262; x_wconf 86' lang='lat' dir='ltr'><strong>discrepantes,</strong></span> <span class='ocrx_word' id='word_1_258' title='bbox 1070 2194 1235 2249; x_wconf 86' lang='lat' dir='ltr'><strong>dinumerare</strong></span> <span class='ocrx_word' id='word_1_259' title='bbox 1254 2208 1277 2248; x_wconf 87' lang='lat' dir='ltr'><strong>et</strong></span> 
     </span>
     <span class='ocr_line' id='line_1_27' title="bbox 205 2261 1278 2340; baseline 0.006 -29"><span class='ocrx_word' id='word_1_260' title='bbox 205 2279 282 2329; x_wconf 89' lang='lat' dir='ltr'><strong>quum</strong></span> <span class='ocrx_word' id='word_1_261' title='bbox 312 2262 423 2331; x_wconf 89' lang='lat' dir='ltr'><strong>scriptor</strong></span> <span class='ocrx_word' id='word_1_262' title='bbox 447 2262 577 2315; x_wconf 88' lang='lat' dir='ltr'><strong>indefinite</strong></span> <span class='ocrx_word' id='word_1_263' title='bbox 603 2264 628 2314; x_wconf 95' lang='lat' dir='ltr'><strong>lo</strong></span> <span class='ocrx_word' id='word_1_264' title='bbox 647 2264 722 2314; x_wconf 90' lang='lat' dir='ltr'><strong>uitur.</strong></span> <span class='ocrx_word' id='word_1_265' title='bbox 756 2281 888 2314; x_wconf 88' lang='lat' dir='ltr'><strong>recensere</strong></span> <span class='ocrx_word' id='word_1_266' title='bbox 911 2279 987 2340; x_wconf 90' lang='lat' dir='ltr'><strong>quum</strong></span> <span class='ocrx_word' id='word_1_267' title='bbox 1009 2262 1041 2312; x_wconf 86' lang='lat' dir='ltr'><strong>ab</strong></span> <span class='ocrx_word' id='word_1_268' title='bbox 1062 2261 1196 2316; x_wconf 89' lang='lat' dir='ltr'><strong>hocloco</strong></span> <span class='ocrx_word' id='word_1_269' title='bbox 1217 2265 1278 2316; x_wconf 84' lang='lat' dir='ltr'><strong>alie·</strong></span> 
     </span>
     <span class='ocr_line' id='line_1_28' title="bbox 204 2329 1318 2398; baseline 0.004 -19"><span class='ocrx_word' id='word_1_270' title='bbox 204 2329 382 2380; x_wconf 73' lang='lat' dir='ltr'><strong>Subiunctivus</strong></span> <span class='ocrx_word' id='word_1_271' title='bbox 404 2341 490 2381; x_wconf 88' lang='lat' dir='ltr'><strong>autem</strong></span> <span class='ocrx_word' id='word_1_272' title='bbox 513 2331 609 2383; x_wconf 87' lang='lat' dir='ltr'><strong>idcirco</strong></span> <span class='ocrx_word' id='word_1_273' title='bbox 668 2348 723 2381; x_wconf 91' lang='lat' dir='ltr'><strong>cum</strong></span> <span class='ocrx_word' id='word_1_274' title='bbox 756 2349 816 2381; x_wconf 88' lang='lat' dir='ltr'><strong>num</strong></span> <span class='ocrx_word' id='word_1_275' title='bbox 832 2347 886 2380; x_wconf 85' lang='lat' dir='ltr'><strong>esse</strong></span> <span class='ocrx_word' id='word_1_276' title='bbox 900 2329 1031 2392; x_wconf 79' lang='lat' dir='ltr'><strong>videatur,</strong></span> <span class='ocrx_word' id='word_1_277' title='bbox 1049 2329 1143 2398; x_wconf 91' lang='lat' dir='ltr'><strong>siquis</strong></span> <span class='ocrx_word' id='word_1_278' title='bbox 1159 2350 1203 2382; x_wconf 90' lang='lat' dir='ltr'><strong>eas</strong></span> <span class='ocrx_word' id='word_1_279' title='bbox 1219 2351 1277 2384; x_wconf 84' lang='lat' dir='ltr'><strong>exa·</strong></span> <span class='ocrx_word' id='word_1_280' title='bbox 1314 2366 1318 2383; x_wconf 87' lang='lat'><strong>.</strong></span> 
     </span>
     <span class='ocr_line' id='line_1_29' title="bbox 204 2397 1276 2465; baseline 0.005 -18"><span class='ocrx_word' id='word_1_281' title='bbox 204 2397 318 2460; x_wconf 90' lang='lat' dir='ltr'><strong>obtinet,</strong></span> <span class='ocrx_word' id='word_1_282' title='bbox 353 2397 412 2465; x_wconf 88' lang='lat' dir='ltr'><strong>quia</strong></span> <span class='ocrx_word' id='word_1_283' title='bbox 442 2416 495 2449; x_wconf 93' lang='lat' dir='ltr'><strong>nou</strong></span> <span class='ocrx_word' id='word_1_284' title='bbox 525 2398 590 2451; x_wconf 89' lang='lat' dir='ltr'><strong>certi</strong></span> <span class='ocrx_word' id='word_1_285' title='bbox 620 2398 724 2465; x_wconf 89' lang='lat' dir='ltr'><strong>quidam</strong></span> <span class='ocrx_word' id='word_1_286' title='bbox 756 2399 853 2449; x_wconf 89' lang='lat' dir='ltr'><strong>minare</strong></span> <span class='ocrx_word' id='word_1_287' title='bbox 863 2397 933 2458; x_wconf 87' lang='lat' dir='ltr'><strong>velit,</strong></span> <span class='ocrx_word' id='word_1_288' title='bbox 952 2398 1037 2461; x_wconf 82' lang='lat' dir='ltr'><strong>adeat,</strong></span> <span class='ocrx_word' id='word_1_289' title='bbox 1054 2407 1084 2447; x_wconf 90' lang='lat' dir='ltr'><strong>ut</strong></span> <span class='ocrx_word' id='word_1_290' title='bbox 1094 2398 1162 2450; x_wconf 88' lang='lat' dir='ltr'><strong>ulios</strong></span> <span class='ocrx_word' id='word_1_291' title='bbox 1172 2410 1276 2460; x_wconf 88' lang='lat' dir='ltr'><strong>taceurn,</strong></span> 
     </span>
     <span class='ocr_line' id='line_1_30' title="bbox 203 2463 1276 2533; baseline 0.003 -18"><span class='ocrx_word' id='word_1_292' title='bbox 203 2463 318 2516; x_wconf 88' lang='lat' dir='ltr'><strong>homiues</strong></span> <span class='ocrx_word' id='word_1_293' title='bbox 342 2464 534 2533; x_wconf 86' lang='lat' dir='ltr'><strong>intelliguntur,</strong></span> <span class='ocrx_word' id='word_1_294' title='bbox 567 2466 613 2516; x_wconf 92' lang='lat' dir='ltr'><strong>sed</strong></span> <span class='ocrx_word' id='word_1_295' title='bbox 637 2465 724 2516; x_wconf 92' lang='lat' dir='ltr'><strong>homi·</strong></span> <span class='ocrx_word' id='word_1_296' title='bbox 755 2466 881 2519; x_wconf 75' lang='lat' dir='ltr'><strong>bremium</strong></span> <span class='ocrx_word' id='word_1_297' title='bbox 898 2464 931 2516; x_wconf 90' lang='lat' dir='ltr'><strong>ad</strong></span> <span class='ocrx_word' id='word_1_298' title='bbox 945 2465 1024 2516; x_wconf 85' lang='lat' dir='ltr'><strong>Cicer.</strong></span> <span class='ocrx_word' id='word_1_299' title='bbox 1042 2464 1074 2515; x_wconf 88' lang='lat' dir='ltr'><strong>de</strong></span> <span class='ocrx_word' id='word_1_300' title='bbox 1089 2466 1176 2519; x_wconf 81' lang='lat' dir='ltr'><strong>Finib.</strong></span> <span class='ocrx_word' id='word_1_301' title='bbox 1193 2470 1221 2532; x_wconf 87' lang='lat'><strong>1,</strong></span> <span class='ocrx_word' id='word_1_302' title='bbox 1239 2473 1276 2527; x_wconf 68' lang='grc'><strong>211</strong></span> 
     </span>
     <span class='ocr_line' id='line_1_31' title="bbox 203 2532 1318 2602; baseline 0.005 -20"><span class='ocrx_word' id='word_1_303' title='bbox 203 2549 265 2595; x_wconf 87' lang='lat' dir='ltr'><strong>nes,</strong></span> <span class='ocrx_word' id='word_1_304' title='bbox 288 2532 455 2598; x_wconf 88' lang='lat' dir='ltr'><strong>quiitasuut</strong></span> <span class='ocrx_word' id='word_1_305' title='bbox 473 2532 628 2602; x_wconf 88' lang='lat' dir='ltr'><strong>comparati,</strong></span> <span class='ocrx_word' id='word_1_306' title='bbox 644 2532 723 2601; x_wconf 79' lang='lat' dir='ltr'><strong>aqui</strong></span> <span class='ocrx_word' id='word_1_307' title='bbox 756 2552 782 2602; x_wconf 91' lang='lat' dir='ltr'><strong>p.</strong></span> <span class='ocrx_word' id='word_1_308' title='bbox 799 2537 841 2592; x_wconf 80' lang='lat'><strong>97.</strong></span> <span class='ocrx_word' id='word_1_309' title='bbox 858 2551 896 2600; x_wconf 92' lang='lat' dir='ltr'><strong>sq.</strong></span> <span class='ocrx_word' id='word_1_310' title='bbox 941 2532 1082 2584; x_wconf 87' lang='lat' dir='ltr'><strong>Gerubard.</strong></span> <span class='ocrx_word' id='word_1_311' title='bbox 1105 2533 1142 2584; x_wconf 90' lang='lat' dir='ltr'><strong>ad</strong></span> <span class='ocrx_word' id='word_1_312' title='bbox 1164 2534 1239 2587; x_wconf 83' lang='lat' dir='ltr'><strong>offic.</strong></span> <span class='ocrx_word' id='word_1_313' title='bbox 1259 2539 1278 2587; x_wconf 88' lang='grc' dir='ltr'><strong>Ι.</strong></span> <span class='ocrx_word' id='word_1_314' title='bbox 1312 2568 1318 2577; x_wconf 86' lang='grc'>·</span> 
     </span>
     <span class='ocr_line' id='line_1_32' title="bbox 204 2599 1275 2669; baseline 0.005 -19"><span class='ocrx_word' id='word_1_315' title='bbox 204 2599 327 2650; x_wconf 91' lang='lat' dir='ltr'><strong>eiusmodi</strong></span> <span class='ocrx_word' id='word_1_316' title='bbox 350 2611 423 2663; x_wconf 90' lang='lat' dir='ltr'><strong>sunt,</strong></span> <span class='ocrx_word' id='word_1_317' title='bbox 451 2611 488 2652; x_wconf 92' lang='lat' dir='ltr'><strong>ut.</strong></span> <span class='ocrx_word' id='word_1_318' title='bbox 541 2600 629 2653; x_wconf 89' lang='lat' dir='ltr'><strong>Veluti</strong></span> <span class='ocrx_word' id='word_1_319' title='bbox 652 2613 722 2663; x_wconf 74' lang='lat' dir='ltr'><strong>sunt,</strong></span> <span class='ocrx_word' id='word_1_320' title='bbox 755 2608 787 2665; x_wconf 92' lang='lat'><strong>2,</strong></span> <span class='ocrx_word' id='word_1_321' title='bbox 804 2609 829 2659; x_wconf 84' lang='lat'><strong>5.</strong></span> <span class='ocrx_word' id='word_1_322' title='bbox 856 2620 880 2669; x_wconf 92' lang='lat' dir='ltr'><strong>p.</strong></span> <span class='ocrx_word' id='word_1_323' title='bbox 896 2604 922 2660; x_wconf 90' lang='grc'><strong>8.</strong></span> <span class='ocrx_word' id='word_1_324' title='bbox 966 2600 1100 2652; x_wconf 81' lang='lat' dir='ltr'><strong>Heindorf.</strong></span> <span class='ocrx_word' id='word_1_325' title='bbox 1127 2601 1164 2653; x_wconf 90' lang='lat' dir='ltr'><strong>ad</strong></span> <span class='ocrx_word' id='word_1_326' title='bbox 1185 2604 1275 2655; x_wconf 84' lang='lat' dir='ltr'><strong>Horat.</strong></span> 
     </span>
     <span class='ocr_line' id='line_1_33' title="bbox 205 2667 1275 2746; baseline 0.005 -29"><span class='ocrx_word' id='word_1_327' title='bbox 205 2669 251 2746; x_wconf 82' lang='lat' dir='ltr'><strong>qui</strong></span> <span class='ocrx_word' id='word_1_328' title='bbox 271 2667 364 2717; x_wconf 77' lang='lat' dir='ltr'><strong>dicant</strong></span> <span class='ocrx_word' id='word_1_329' title='bbox 381 2679 420 2718; x_wconf 91' lang='lat' dir='ltr'><strong>est</strong></span> <span class='ocrx_word' id='word_1_330' title='bbox 438 2681 499 2719; x_wconf 77' lang='lat' dir='ltr'><strong>sunt</strong></span> <span class='ocrx_word' id='word_1_331' title='bbox 517 2668 651 2730; x_wconf 79' lang='lat' dir='ltr'><strong>homines,</strong></span> <span class='ocrx_word' id='word_1_332' title='bbox 677 2669 723 2738; x_wconf 82' lang='lat' dir='ltr'><strong>qui</strong></span> <span class='ocrx_word' id='word_1_333' title='bbox 756 2671 808 2719; x_wconf 84' lang='lat' dir='ltr'><strong>Sat.</strong></span> <span class='ocrx_word' id='word_1_334' title='bbox 827 2671 847 2719; x_wconf 87' lang='lat'><strong>1.</strong></span> <span class='ocrx_word' id='word_1_335' title='bbox 862 2671 893 2729; x_wconf 79' lang='grc'><strong>4,</strong></span> <span class='ocrx_word' id='word_1_336' title='bbox 910 2668 952 2725; x_wconf 70' lang='grc'><strong>21.</strong></span> <span class='ocrx_word' id='word_1_337' title='bbox 977 2687 1003 2736; x_wconf 94' lang='lat' dir='ltr'><strong>p.</strong></span> <span class='ocrx_word' id='word_1_338' title='bbox 1021 2672 1062 2727; x_wconf 84' lang='lat'><strong>92.</strong></span> <span class='ocrx_word' id='word_1_339' title='bbox 1080 2669 1158 2720; x_wconf 86' lang='lat' dir='ltr'><strong>etad</strong></span> <span class='ocrx_word' id='word_1_340' title='bbox 1174 2671 1230 2721; x_wconf 86' lang='lat' dir='ltr'><strong>cic.</strong></span> <span class='ocrx_word' id='word_1_341' title='bbox 1246 2672 1275 2722; x_wconf 83' lang='lat' dir='ltr'><strong>N.</strong></span> 
     </span>
     <span class='ocr_line' id='line_1_34' title="bbox 203 2736 1275 2804; baseline 0.002 -18"><span class='ocrx_word' id='word_1_342' title='bbox 203 2747 246 2786; x_wconf 74' lang='lat' dir='ltr'><strong>sta</strong></span> <span class='ocrx_word' id='word_1_343' title='bbox 258 2737 406 2804; x_wconf 68' lang='lat' dir='ltr'><strong>comparati</strong></span> <span class='ocrx_word' id='word_1_344' title='bbox 417 2749 493 2797; x_wconf 80' lang='lat' dir='ltr'><strong>suns,</strong></span> <span class='ocrx_word' id='word_1_345' title='bbox 511 2749 541 2789; x_wconf 67' lang='lat' dir='ltr'><strong>ut</strong></span> <span class='ocrx_word' id='word_1_346' title='bbox 554 2737 655 2787; x_wconf 78' lang='lat' dir='ltr'><strong>dicant.</strong></span> <span class='ocrx_word' id='word_1_347' title='bbox 682 2736 721 2788; x_wconf 84' lang='lat' dir='ltr'><strong>Cf.</strong></span> <span class='ocrx_word' id='word_1_348' title='bbox 754 2737 787 2786; x_wconf 90' lang='lat' dir='ltr'><strong>D.</strong></span> <span class='ocrx_word' id='word_1_349' title='bbox 799 2737 838 2799; x_wconf 86' lang='lat'><strong>11,</strong></span> <span class='ocrx_word' id='word_1_350' title='bbox 854 2741 897 2794; x_wconf 83' lang='grc'><strong>82.</strong></span> <span class='ocrx_word' id='word_1_351' title='bbox 912 2752 937 2802; x_wconf 84' lang='lat' dir='ltr'><strong>p.</strong></span> <span class='ocrx_word' id='word_1_352' title='bbox 953 2739 1009 2794; x_wconf 81' lang='grc'><strong>195.</strong></span> <span class='ocrx_word' id='word_1_353' title='bbox 1027 2736 1108 2787; x_wconf 80' lang='lat' dir='ltr'><strong>Beier.</strong></span> <span class='ocrx_word' id='word_1_354' title='bbox 1123 2738 1161 2789; x_wconf 87' lang='lat' dir='ltr'><strong>ad</strong></span> <span class='ocrx_word' id='word_1_355' title='bbox 1172 2738 1275 2791; x_wconf 74' lang='lat' dir='ltr'><strong>offici.</strong></span> 
     </span>
     <span class='ocr_line' id='line_1_35' title="bbox 203 2802 1276 2873; baseline 0.003 -20"><span class='ocrx_word' id='word_1_356' title='bbox 203 2802 332 2854; x_wconf 86' lang='lat' dir='ltr'><strong>Bremiad</strong></span> <span class='ocrx_word' id='word_1_357' title='bbox 348 2804 448 2854; x_wconf 81' lang='lat' dir='ltr'><strong>Goruel.</strong></span> <span class='ocrx_word' id='word_1_358' title='bbox 464 2804 532 2873; x_wconf 87' lang='lat' dir='ltr'><strong>Nep.</strong></span> <span class='ocrx_word' id='word_1_359' title='bbox 549 2805 619 2856; x_wconf 85' lang='lat' dir='ltr'><strong>Milt.</strong></span> <span class='ocrx_word' id='word_1_360' title='bbox 635 2805 720 2865; x_wconf 85' lang='lat' dir='ltr'><strong>III,2.</strong></span> <span class='ocrx_word' id='word_1_361' title='bbox 754 2809 787 2867; x_wconf 86' lang='lat'><strong>2,</strong></span> <span class='ocrx_word' id='word_1_362' title='bbox 803 2811 828 2862; x_wconf 84' lang='lat'><strong>5.</strong></span> <span class='ocrx_word' id='word_1_363' title='bbox 856 2822 881 2872; x_wconf 92' lang='lat' dir='ltr'><strong>p.</strong></span> <span class='ocrx_word' id='word_1_364' title='bbox 900 2808 940 2862; x_wconf 88' lang='grc'><strong>11.</strong></span> <span class='ocrx_word' id='word_1_365' title='bbox 974 2803 1126 2856; x_wconf 79' lang='lat' dir='ltr'><strong>liamshoru.</strong></span> <span class='ocrx_word' id='word_1_366' title='bbox 1147 2809 1212 2858; x_wconf 69' lang='lat' dir='ltr'><strong>aas.</strong></span> <span class='ocrx_word' id='word_1_367' title='bbox 1231 2808 1276 2857; x_wconf 81' lang='lat' dir='ltr'><strong>Gr.</strong></span> 
     </span>
     <span class='ocr_line' id='line_1_36' title="bbox 203 2871 1278 2951; baseline 0.005 -31"><span class='ocrx_word' id='word_1_368' title='bbox 203 2888 230 2938; x_wconf 94' lang='lat' dir='ltr'><strong>p.</strong></span> <span class='ocrx_word' id='word_1_369' title='bbox 254 2875 294 2928; x_wconf 88' lang='grc'><strong>18.</strong></span> <span class='ocrx_word' id='word_1_370' title='bbox 334 2874 387 2921; x_wconf 87' lang='lat' dir='ltr'><strong>Iam</strong></span> <span class='ocrx_word' id='word_1_371' title='bbox 413 2888 489 2935; x_wconf 87' lang='lat' dir='ltr'><strong>vero,</strong></span> <span class='ocrx_word' id='word_1_372' title='bbox 515 2871 635 2940; x_wconf 85' lang='lat' dir='ltr'><strong>quoniam</strong></span> <span class='ocrx_word' id='word_1_373' title='bbox 656 2871 722 2922; x_wconf 88' lang='lat' dir='ltr'><strong>haec</strong></span> <span class='ocrx_word' id='word_1_374' title='bbox 755 2873 778 2941; x_wconf 85' lang='lat'><strong>§.</strong></span> <span class='ocrx_word' id='word_1_375' title='bbox 791 2872 851 2929; x_wconf 84' lang='grc'><strong>184.</strong></span> <span class='ocrx_word' id='word_1_376' title='bbox 863 2890 892 2951; x_wconf 87' lang='lat' dir='ltr'><strong>p.</strong></span> <span class='ocrx_word' id='word_1_377' title='bbox 906 2877 966 2929; x_wconf 86' lang='grc'><strong>550.</strong></span> <span class='ocrx_word' id='word_1_378' title='bbox 981 2888 1033 2939; x_wconf 88' lang='lat' dir='ltr'><strong>sq.:</strong></span> <span class='ocrx_word' id='word_1_379' title='bbox 1052 2871 1096 2940; x_wconf 90' lang='lat' dir='ltr'><strong>qui</strong></span> <span class='ocrx_word' id='word_1_380' title='bbox 1111 2874 1198 2925; x_wconf 71' lang='lat' dir='ltr'><strong>noemi</strong></span> <span class='ocrx_word' id='word_1_381' title='bbox 1213 2891 1278 2943; x_wconf 89' lang='lat' dir='ltr'><strong>quo-</strong></span> 
     </span>
     <span class='ocr_line' id='line_1_37' title="bbox 204 2937 1262 3007; baseline 0.005 -20"><span class='ocrx_word' id='word_1_382' title='bbox 204 2937 304 2987; x_wconf 88' lang='lat' dir='ltr'><strong>diceudi</strong></span> <span class='ocrx_word' id='word_1_383' title='bbox 320 2937 429 2990; x_wconf 76' lang='lat' dir='ltr'><strong>formula</strong></span> <span class='ocrx_word' id='word_1_384' title='bbox 445 2939 481 2989; x_wconf 90' lang='lat' dir='ltr'><strong>ibi</strong></span> <span class='ocrx_word' id='word_1_385' title='bbox 496 2938 559 3007; x_wconf 91' lang='lat' dir='ltr'><strong>poui</strong></span> <span class='ocrx_word' id='word_1_386' title='bbox 572 2939 654 2999; x_wconf 88' lang='lat' dir='ltr'><strong>solet,</strong></span> <span class='ocrx_word' id='word_1_387' title='bbox 679 2938 721 2990; x_wconf 92' lang='lat' dir='ltr'><strong>ubi</strong></span> <span class='ocrx_word' id='word_1_388' title='bbox 754 2954 804 3007; x_wconf 86' lang='lat' dir='ltr'><strong>que</strong></span> <span class='ocrx_word' id='word_1_389' title='bbox 819 2938 871 2989; x_wconf 84' lang='lat' dir='ltr'><strong>locs</strong></span> <span class='ocrx_word' id='word_1_390' title='bbox 885 2938 1011 2990; x_wconf 87' lang='lat' dir='ltr'><strong>rationem</strong></span> <span class='ocrx_word' id='word_1_391' title='bbox 1025 2938 1139 2991; x_wconf 83' lang='lat' dir='ltr'><strong>enodare</strong></span> <span class='ocrx_word' id='word_1_392' title='bbox 1154 2941 1262 2992; x_wconf 87' lang='lat' dir='ltr'><strong>studuit.</strong></span> 
     </span>
     <span class='ocr_line' id='line_1_38' title="bbox 203 3003 1277 3080; baseline 0.005 -26"><span class='ocrx_word' id='word_1_393' title='bbox 203 3021 256 3055; x_wconf 90' lang='lat' dir='ltr'><strong>uon</strong></span> <span class='ocrx_word' id='word_1_394' title='bbox 270 3015 353 3055; x_wconf 86' lang='lat' dir='ltr'><strong>certos</strong></span> <span class='ocrx_word' id='word_1_395' title='bbox 370 3006 493 3073; x_wconf 85' lang='lat' dir='ltr'><strong>quosdam</strong></span> <span class='ocrx_word' id='word_1_396' title='bbox 509 3006 624 3058; x_wconf 90' lang='lat' dir='ltr'><strong>homiues</strong></span> <span class='ocrx_word' id='word_1_397' title='bbox 639 3006 721 3074; x_wconf 79' lang='lat' dir='ltr'><strong>signi·</strong></span> <span class='ocrx_word' id='word_1_398' title='bbox 804 3024 884 3058; x_wconf 83' lang='lat' dir='ltr'><strong>unum</strong></span> <span class='ocrx_word' id='word_1_399' title='bbox 904 3003 1023 3075; x_wconf 64' lang='lat' dir='ltr'><strong>efficium</strong></span> <span class='ocrx_word' id='word_1_400' title='bbox 1043 3009 1213 3061; x_wconf 71' lang='lat' dir='ltr'><strong>consolantis</strong></span> <span class='ocrx_word' id='word_1_401' title='bbox 1226 3027 1277 3080; x_wconf 86' lang='lat' dir='ltr'><strong>pu·</strong></span> 
     </span>
    </p>
   </div>
   <div class='ocr_carea' id='block_1_5' title="bbox 110 3071 1278 3144">
    <p class='ocr_par' dir='ltr' id='par_1_5' title="bbox 110 3071 1278 3144">
     <span class='ocr_line' id='line_1_39' title="bbox 110 3071 1278 3144; baseline 0.005 -24"><span class='ocrx_word' id='word_1_402' title='bbox 110 3098 117 3106; x_wconf 37' lang='grc' dir='ltr'><em>κ</em></span> <span class='ocrx_word' id='word_1_403' title='bbox 203 3071 315 3135; x_wconf 87' lang='lat' dir='ltr'><strong>ficamus,</strong></span> <span class='ocrx_word' id='word_1_404' title='bbox 330 3071 426 3139; x_wconf 90' lang='lat' dir='ltr'><strong>liquide</strong></span> <span class='ocrx_word' id='word_1_405' title='bbox 441 3084 556 3143; x_wconf 86' lang='lat' dir='ltr'><strong>apparet,</strong></span> <span class='ocrx_word' id='word_1_406' title='bbox 574 3075 660 3125; x_wconf 91' lang='lat' dir='ltr'><strong>curin</strong></span> <span class='ocrx_word' id='word_1_407' title='bbox 672 3074 721 3125; x_wconf 87' lang='lat' dir='ltr'><strong>huc</strong></span> <span class='ocrx_word' id='word_1_408' title='bbox 754 3075 819 3142; x_wconf 74' lang='lat' dir='ltr'><strong>tent)</strong></span> <span class='ocrx_word' id='word_1_409' title='bbox 838 3077 899 3126; x_wconf 88' lang='lat' dir='ltr'><strong>Post</strong></span> <span class='ocrx_word' id='word_1_410' title='bbox 911 3086 1007 3144; x_wconf 80' lang='lat' dir='ltr'><strong>putent</strong></span> <span class='ocrx_word' id='word_1_411' title='bbox 1019 3074 1155 3141; x_wconf 82' lang='lat' dir='ltr'><strong>Davisius,</strong></span> <span class='ocrx_word' id='word_1_412' title='bbox 1173 3077 1278 3129; x_wconf 80' lang='lat' dir='ltr'><strong>lambi·</strong></span> 
     </span>
    </p>
   </div>
   <div class='ocr_carea' id='block_1_6' title="bbox 198 3142 1278 4292">
    <p class='ocr_par' dir='ltr' id='par_1_6' title="bbox 198 3142 1278 4292">
     <span class='ocr_line' id='line_1_40' title="bbox 203 3142 1278 3211; baseline 0.007 -22"><span class='ocrx_word' id='word_1_413' title='bbox 203 3148 330 3190; x_wconf 86' lang='lat' dir='ltr'><strong>structura</strong></span> <span class='ocrx_word' id='word_1_414' title='bbox 352 3142 432 3192; x_wconf 88' lang='lat' dir='ltr'><strong>multo</strong></span> <span class='ocrx_word' id='word_1_415' title='bbox 450 3142 548 3193; x_wconf 90' lang='lat' dir='ltr'><strong>crebior</strong></span> <span class='ocrx_word' id='word_1_416' title='bbox 563 3143 598 3194; x_wconf 92' lang='lat' dir='ltr'><strong>sit</strong></span> <span class='ocrx_word' id='word_1_417' title='bbox 614 3142 721 3192; x_wconf 91' lang='lat' dir='ltr'><strong>subiuu-</strong></span> <span class='ocrx_word' id='word_1_418' title='bbox 754 3160 815 3193; x_wconf 88' lang='lat' dir='ltr'><strong>num</strong></span> <span class='ocrx_word' id='word_1_419' title='bbox 829 3142 1021 3210; x_wconf 83' lang='lat' dir='ltr'><strong>Bendeiumque</strong></span> <span class='ocrx_word' id='word_1_420' title='bbox 1037 3152 1179 3211; x_wconf 86' lang='lat' dir='ltr'><strong>sequutus,</strong></span> <span class='ocrx_word' id='word_1_421' title='bbox 1207 3144 1278 3196; x_wconf 85' lang='lat' dir='ltr'><strong>adie-</strong></span> 
     </span>
     <span class='ocr_line' id='line_1_41' title="bbox 203 3205 1276 3276; baseline 0.007 -21"><span class='ocrx_word' id='word_1_422' title='bbox 203 3205 300 3268; x_wconf 90' lang='lat' dir='ltr'><strong>ctivus,</strong></span> <span class='ocrx_word' id='word_1_423' title='bbox 318 3224 393 3276; x_wconf 88' lang='lat' dir='ltr'><strong>quam</strong></span> <span class='ocrx_word' id='word_1_424' title='bbox 409 3210 568 3261; x_wconf 87' lang='lat' dir='ltr'><strong>indicativus.</strong></span> <span class='ocrx_word' id='word_1_425' title='bbox 602 3210 721 3261; x_wconf 85' lang='lat' dir='ltr'><strong>Illustra-</strong></span> <span class='ocrx_word' id='word_1_426' title='bbox 755 3210 792 3261; x_wconf 89' lang='lat' dir='ltr'><strong>cit</strong></span> <span class='ocrx_word' id='word_1_427' title='bbox 805 3210 914 3267; x_wconf 70' lang='lat' dir='ltr'><strong>docem</strong></span> <span class='ocrx_word' id='word_1_428' title='bbox 930 3209 981 3261; x_wconf 89' lang='lat' dir='ltr'><strong>boo</strong></span> <span class='ocrx_word' id='word_1_429' title='bbox 994 3209 1060 3261; x_wconf 90' lang='lat' dir='ltr'><strong>euim</strong></span> <span class='ocrx_word' id='word_1_430' title='bbox 1073 3210 1117 3261; x_wconf 85' lang='lat' dir='ltr'><strong>vel</strong></span> <span class='ocrx_word' id='word_1_431' title='bbox 1129 3210 1217 3263; x_wconf 82' lang='lat' dir='ltr'><strong>simile</strong></span> <span class='ocrx_word' id='word_1_432' title='bbox 1232 3229 1276 3263; x_wconf 85' lang='lat' dir='ltr'><strong>vo-</strong></span> 
     </span>
     <span class='ocr_line' id='line_1_42' title="bbox 203 3273 1277 3348; baseline 0.007 -24"><span class='ocrx_word' id='word_1_433' title='bbox 203 3273 281 3333; x_wconf 81' lang='lat' dir='ltr'><strong>tionis</strong></span> <span class='ocrx_word' id='word_1_434' title='bbox 297 3292 385 3326; x_wconf 87' lang='lat' dir='ltr'><strong>caussa</strong></span> <span class='ocrx_word' id='word_1_435' title='bbox 400 3278 523 3328; x_wconf 88' lang='lat' dir='ltr'><strong>nonnulla</strong></span> <span class='ocrx_word' id='word_1_436' title='bbox 543 3277 658 3345; x_wconf 83' lang='lat' dir='ltr'><strong>exempla</strong></span> <span class='ocrx_word' id='word_1_437' title='bbox 678 3277 721 3327; x_wconf 82' lang='lat' dir='ltr'><strong>ai·</strong></span> <span class='ocrx_word' id='word_1_438' title='bbox 754 3278 872 3329; x_wconf 84' lang='lat' dir='ltr'><strong>rabulum</strong></span> <span class='ocrx_word' id='word_1_439' title='bbox 894 3277 983 3328; x_wconf 86' lang='lat' dir='ltr'><strong>deesse</strong></span> <span class='ocrx_word' id='word_1_440' title='bbox 1009 3277 1121 3329; x_wconf 90' lang='lat' dir='ltr'><strong>orationi</strong></span> <span class='ocrx_word' id='word_1_441' title='bbox 1143 3281 1277 3348; x_wconf 81' lang='lat' dir='ltr'><strong>compleu-</strong></span> 
     </span>
     <span class='ocr_line' id='line_1_43' title="bbox 203 3341 1276 3407; baseline 0.006 -16"><span class='ocrx_word' id='word_1_442' title='bbox 203 3342 271 3393; x_wconf 78' lang='lat' dir='ltr'><strong>fcrrs</strong></span> <span class='ocrx_word' id='word_1_443' title='bbox 293 3341 389 3395; x_wconf 89' lang='lat' dir='ltr'><strong>licebit.</strong></span> <span class='ocrx_word' id='word_1_444' title='bbox 417 3345 449 3396; x_wconf 90' lang='lat' dir='ltr'><strong>de</strong></span> <span class='ocrx_word' id='word_1_445' title='bbox 469 3346 542 3397; x_wconf 81' lang='lat' dir='ltr'><strong>Otiic.</strong></span> <span class='ocrx_word' id='word_1_446' title='bbox 565 3348 585 3396; x_wconf 90' lang='lat'><strong>1.</strong></span> <span class='ocrx_word' id='word_1_447' title='bbox 609 3346 660 3407; x_wconf 85' lang='grc'><strong>24,</strong></span> <span class='ocrx_word' id='word_1_448' title='bbox 676 3350 718 3403; x_wconf 86' lang='grc'><strong>82.</strong></span> <span class='ocrx_word' id='word_1_449' title='bbox 754 3345 810 3396; x_wconf 89' lang='lat' dir='ltr'><strong>dae.</strong></span> <span class='ocrx_word' id='word_1_450' title='bbox 844 3351 880 3395; x_wconf 79' lang='lat' dir='ltr'><strong>At</strong></span> <span class='ocrx_word' id='word_1_451' title='bbox 896 3344 959 3395; x_wconf 85' lang='lat' dir='ltr'><strong>nihil</strong></span> <span class='ocrx_word' id='word_1_452' title='bbox 976 3345 1154 3407; x_wconf 70' lang='lat' dir='ltr'><strong>desideratura</strong></span> <span class='ocrx_word' id='word_1_453' title='bbox 1178 3347 1276 3399; x_wconf 86' lang='lat' dir='ltr'><strong>namin</strong></span> 
     </span>
     <span class='ocr_line' id='line_1_44' title="bbox 204 3409 1276 3493; baseline 0.007 -34"><span class='ocrx_word' id='word_1_454' title='bbox 204 3411 241 3460; x_wconf 90' lang='lat' dir='ltr'><strong>Ut</strong></span> <span class='ocrx_word' id='word_1_455' title='bbox 253 3409 319 3460; x_wconf 85' lang='lat' dir='ltr'><strong>euim</strong></span> <span class='ocrx_word' id='word_1_456' title='bbox 333 3425 402 3475; x_wconf 80' lang='lat' dir='ltr'><strong>sunt,</strong></span> <span class='ocrx_word' id='word_1_457' title='bbox 420 3412 631 3493; x_wconf 88' lang='lat' dir='ltr'><strong>quemadmodum</strong></span> <span class='ocrx_word' id='word_1_458' title='bbox 644 3430 721 3481; x_wconf 90' lang='lat' dir='ltr'><strong>supra</strong></span> <span class='ocrx_word' id='word_1_459' title='bbox 753 3430 817 3464; x_wconf 87' lang='lat' dir='ltr'><strong>voce</strong></span> <span class='ocrx_word' id='word_1_460' title='bbox 837 3415 1000 3464; x_wconf 77' lang='lat' dir='ltr'><strong>consolantis</strong></span> <span class='ocrx_word' id='word_1_461' title='bbox 1022 3413 1087 3464; x_wconf 87' lang='lat' dir='ltr'><strong>illud</strong></span> <span class='ocrx_word' id='word_1_462' title='bbox 1109 3415 1197 3483; x_wconf 85' lang='lat' dir='ltr'><strong>ipsum</strong></span> <span class='ocrx_word' id='word_1_463' title='bbox 1219 3432 1276 3466; x_wconf 89' lang='lat' dir='ltr'><strong>ver-</strong></span> 
     </span>
     <span class='ocr_line' id='line_1_45' title="bbox 202 3476 1275 3561; baseline 0.004 -32"><span class='ocrx_word' id='word_1_464' title='bbox 202 3476 270 3540; x_wconf 74' lang='lat' dir='ltr'><strong>dixi,</strong></span> <span class='ocrx_word' id='word_1_465' title='bbox 288 3481 334 3548; x_wconf 85' lang='lat' dir='ltr'><strong>qui</strong></span> <span class='ocrx_word' id='word_1_466' title='bbox 348 3481 449 3532; x_wconf 87' lang='lat' dir='ltr'><strong>urbams</strong></span> <span class='ocrx_word' id='word_1_467' title='bbox 461 3483 536 3533; x_wconf 88' lang='lat' dir='ltr'><strong>rebus</strong></span> <span class='ocrx_word' id='word_1_468' title='bbox 549 3480 653 3532; x_wconf 88' lang='lat' dir='ltr'><strong>bellicas</strong></span> <span class='ocrx_word' id='word_1_469' title='bbox 667 3499 720 3530; x_wconf 81' lang='lat' dir='ltr'><strong>aa·</strong></span> <span class='ocrx_word' id='word_1_470' title='bbox 753 3482 821 3543; x_wconf 90' lang='lat' dir='ltr'><strong>bum,</strong></span> <span class='ocrx_word' id='word_1_471' title='bbox 837 3481 906 3549; x_wconf 92' lang='lat' dir='ltr'><strong>quod</strong></span> <span class='ocrx_word' id='word_1_472' title='bbox 921 3483 946 3532; x_wconf 92' lang='lat' dir='ltr'><strong>h.</strong></span> <span class='ocrx_word' id='word_1_473' title='bbox 956 3481 974 3531; x_wconf 86' lang='lat' dir='ltr'><strong>l.</strong></span> <span class='ocrx_word' id='word_1_474' title='bbox 991 3480 1086 3548; x_wconf 89' lang='lat' dir='ltr'><strong>requiri</strong></span> <span class='ocrx_word' id='word_1_475' title='bbox 1101 3493 1181 3561; x_wconf 88' lang='lat' dir='ltr'><strong>putat</strong></span> <span class='ocrx_word' id='word_1_476' title='bbox 1195 3485 1227 3536; x_wconf 86' lang='lat' dir='ltr'><strong>V.</strong></span> <span class='ocrx_word' id='word_1_477' title='bbox 1237 3485 1275 3544; x_wconf 82' lang='lat' dir='ltr'><strong>D,</strong></span> 
     </span>
     <span class='ocr_line' id='line_1_46' title="bbox 201 3548 1275 3668; baseline 0.005 -73"><span class='ocrx_word' id='word_1_478' title='bbox 201 3557 339 3663; x_wconf 48' lang='lat' dir='ltr'><strong>peponum:</strong></span> <span class='ocrx_word' id='word_1_479' title='bbox 348 3549 393 3666; x_wconf 68' lang='lat' dir='ltr'><strong>ualic</strong></span> <span class='ocrx_word' id='word_1_480' title='bbox 407 3549 518 3618; x_wconf 85' lang='lat' dir='ltr'><strong>reperias</strong></span> <span class='ocrx_word' id='word_1_481' title='bbox 518 3549 642 3668; x_wconf 61' lang='lat' dir='ltr'><strong>,ffilm&#39;</strong></span> <span class='ocrx_word' id='word_1_482' title='bbox 660 3549 721 3666; x_wconf 56' lang='lat' dir='ltr'><strong>qul}-</strong></span> <span class='ocrx_word' id='word_1_483' title='bbox 752 3548 825 3668; x_wconf 50' lang='lat' dir='ltr'><strong>qqitet.</strong></span> <span class='ocrx_word' id='word_1_484' title='bbox 845 3548 994 3668; x_wconf 46' lang='lat' dir='ltr'><strong>Cousoqatip</strong></span> <span class='ocrx_word' id='word_1_485' title='bbox 1008 3549 1148 3629; x_wconf 72' lang='lat' dir='ltr'><strong>euimsrna</strong></span> <span class='ocrx_word' id='word_1_486' title='bbox 1159 3550 1275 3602; x_wconf 82' lang='lat' dir='ltr'><strong>doctrina</strong></span> 
     </span>
     <span class='ocr_line' id='line_1_47' title="bbox 201 3625 1273 3753; baseline 0.006 -24"><span class='ocrx_word' id='word_1_487' title='bbox 201 3631 346 3746; x_wconf 58' lang='lat' dir='ltr'><strong>qiiietriiereltc</strong></span> <span class='ocrx_word' id='word_1_488' title='bbox 365 3627 485 3750; x_wconf 45' lang='lat' dir='ltr'><strong>obigitaiis</strong></span> <span class='ocrx_word' id='word_1_489' title='bbox 503 3636 529 3736; x_wconf 63' lang='lat' dir='ltr'><strong>dt</strong></span> <span class='ocrx_word' id='word_1_490' title='bbox 545 3634 720 3753; x_wconf 65' lang='lat' dir='ltr'><strong>spieucdidibr:</strong></span> <span class='ocrx_word' id='word_1_491' title='bbox 752 3635 841 3736; x_wconf 58' lang='lat' dir='ltr'><strong>moituei</strong></span> <span class='ocrx_word' id='word_1_492' title='bbox 858 3633 984 3736; x_wconf 59' lang='lat' dir='ltr'><strong>prqqpiqu</strong></span> <span class='ocrx_word' id='word_1_493' title='bbox 1012 3625 1119 3685; x_wconf 49' lang='grc' dir='ltr'><strong>ΜΨ,</strong></span> <span class='ocrx_word' id='word_1_494' title='bbox 1154 3628 1185 3670; x_wconf 59' lang='lat' dir='ltr'><strong>nt</strong></span> <span class='ocrx_word' id='word_1_495' title='bbox 1209 3628 1273 3670; x_wconf 58' lang='lat' dir='ltr'><strong>mu</strong></span> 
     </span>
     <span class='ocr_line' id='line_1_48' title="bbox 201 3748 1271 3819; baseline 0.007 -24"><span class='ocrx_word' id='word_1_496' title='bbox 201 3755 229 3796; x_wconf 86' lang='lat' dir='ltr'><strong>et</strong></span> <span class='ocrx_word' id='word_1_497' title='bbox 244 3748 339 3800; x_wconf 86' lang='lat' dir='ltr'><strong>maiora</strong></span> <span class='ocrx_word' id='word_1_498' title='bbox 354 3751 496 3803; x_wconf 87' lang='lat' dir='ltr'><strong>videantur.</strong></span> <span class='ocrx_word' id='word_1_499' title='bbox 531 3755 565 3803; x_wconf 88' lang='lat' dir='ltr'><strong>H.</strong></span> <span class='ocrx_word' id='word_1_500' title='bbox 580 3753 599 3803; x_wconf 93' lang='lat' dir='ltr'><strong>l.</strong></span> <span class='ocrx_word' id='word_1_501' title='bbox 617 3752 719 3803; x_wconf 88' lang='lat' dir='ltr'><strong>iudicu—</strong></span> <span class='ocrx_word' id='word_1_502' title='bbox 803 3765 833 3803; x_wconf 80' lang='lat' dir='ltr'><strong>ut</strong></span> <span class='ocrx_word' id='word_1_503' title='bbox 848 3753 1006 3819; x_wconf 71' lang='lat' dir='ltr'><strong>Cyrenaici)</strong></span> <span class='ocrx_word' id='word_1_504' title='bbox 1034 3753 1107 3803; x_wconf 87' lang='lat' dir='ltr'><strong>Haeo</strong></span> <span class='ocrx_word' id='word_1_505' title='bbox 1131 3752 1271 3805; x_wconf 84' lang='lat' dir='ltr'><strong>emendatio</strong></span> 
     </span>
     <span class='ocr_line' id='line_1_49' title="bbox 202 3814 1272 3887; baseline 0.007 -23"><span class='ocrx_word' id='word_1_506' title='bbox 202 3814 269 3865; x_wconf 89' lang='lat' dir='ltr'><strong>tivus</strong></span> <span class='ocrx_word' id='word_1_507' title='bbox 285 3827 355 3868; x_wconf 88' lang='lat' dir='ltr'><strong>recte</strong></span> <span class='ocrx_word' id='word_1_508' title='bbox 370 3836 425 3870; x_wconf 85' lang='lat' dir='ltr'><strong>sese</strong></span> <span class='ocrx_word' id='word_1_509' title='bbox 445 3819 538 3882; x_wconf 91' lang='lat' dir='ltr'><strong>habet,</strong></span> <span class='ocrx_word' id='word_1_510' title='bbox 563 3820 622 3887; x_wconf 92' lang='lat' dir='ltr'><strong>quia</strong></span> <span class='ocrx_word' id='word_1_511' title='bbox 638 3820 719 3871; x_wconf 87' lang='lat' dir='ltr'><strong>intel·</strong></span> <span class='ocrx_word' id='word_1_512' title='bbox 770 3820 886 3871; x_wconf 78' lang='lat' dir='ltr'><strong>rusciano</strong></span> <span class='ocrx_word' id='word_1_513' title='bbox 907 3838 938 3871; x_wconf 90' lang='lat' dir='ltr'><strong>ac</strong></span> <span class='ocrx_word' id='word_1_514' title='bbox 959 3819 1088 3871; x_wconf 89' lang='lat' dir='ltr'><strong>verissima</strong></span> <span class='ocrx_word' id='word_1_515' title='bbox 1103 3820 1272 3874; x_wconf 80' lang='lat' dir='ltr'><strong>debettuso-</strong></span> 
     </span>
     <span class='ocr_line' id='line_1_50' title="bbox 200 3839 1270 3966; baseline 0.007 -36"><span class='ocrx_word' id='word_1_516' title='bbox 200 3880 321 3948; x_wconf 81' lang='lat' dir='ltr'><strong>liguntnr,</strong></span> <span class='ocrx_word' id='word_1_517' title='bbox 336 3884 369 3935; x_wconf 88' lang='lat' dir='ltr'><strong>de</strong></span> <span class='ocrx_word' id='word_1_518' title='bbox 381 3887 471 3954; x_wconf 92' lang='lat' dir='ltr'><strong>quibus</strong></span> <span class='ocrx_word' id='word_1_519' title='bbox 481 3905 558 3966; x_wconf 83' lang='lat' dir='ltr'><strong>supra</strong></span> <span class='ocrx_word' id='word_1_520' title='bbox 570 3888 719 3938; x_wconf 68' lang='lat' dir='ltr'><strong>dixerat-</strong></span> <span class='ocrx_word' id='word_1_521' title='bbox 751 3839 842 3939; x_wconf 73' lang='lat' dir='ltr'><strong>iertiae</strong></span> <span class='ocrx_word' id='word_1_522' title='bbox 858 3897 884 3938; x_wconf 89' lang='lat' dir='ltr'><strong>et</strong></span> <span class='ocrx_word' id='word_1_523' title='bbox 899 3888 1009 3939; x_wconf 89' lang='lat' dir='ltr'><strong>acumini</strong></span> <span class='ocrx_word' id='word_1_524' title='bbox 1023 3887 1131 3940; x_wconf 78' lang='lat' dir='ltr'><strong>Davisii.</strong></span> <span class='ocrx_word' id='word_1_525' title='bbox 1149 3889 1270 3941; x_wconf 79' lang='lat' dir='ltr'><strong>Esnestim</strong></span> 
     </span>
     <span class='ocr_line' id='line_1_51' title="bbox 202 3948 1268 4036; baseline 0.005 -37"><span class='ocrx_word' id='word_1_526' title='bbox 202 3948 265 4028; x_wconf 64' lang='lat' dir='ltr'><strong>{bid</strong></span> <span class='ocrx_word' id='word_1_527' title='bbox 282 3952 304 4018; x_wconf 76' lang='lat'><strong>§.</strong></span> <span class='ocrx_word' id='word_1_528' title='bbox 319 3956 361 4009; x_wconf 83' lang='lat'><strong>82.</strong></span> <span class='ocrx_word' id='word_1_529' title='bbox 388 3954 456 4004; x_wconf 79' lang='lat' dir='ltr'><strong>Sunt</strong></span> <span class='ocrx_word' id='word_1_530' title='bbox 473 3971 553 4016; x_wconf 88' lang='lat' dir='ltr'><strong>emm,</strong></span> <span class='ocrx_word' id='word_1_531' title='bbox 571 3957 631 4024; x_wconf 82' lang='lat' dir='ltr'><strong>qai,</strong></span> <span class='ocrx_word' id='word_1_532' title='bbox 649 3953 719 4024; x_wconf 93' lang='lat' dir='ltr'><strong>quod</strong></span> <span class='ocrx_word' id='word_1_533' title='bbox 752 3973 809 4007; x_wconf 90' lang='lat' dir='ltr'><strong>cum</strong></span> <span class='ocrx_word' id='word_1_534' title='bbox 824 3956 892 4022; x_wconf 85' lang='lat' dir='ltr'><strong>vulg.</strong></span> <span class='ocrx_word' id='word_1_535' title='bbox 909 3956 974 4036; x_wconf 66' lang='lat' dir='ltr'><strong>legit</strong></span> <span class='ocrx_word' id='word_1_536' title='bbox 988 3957 1063 4006; x_wconf 78' lang='lat' dir='ltr'><strong>nibil</strong></span> <span class='ocrx_word' id='word_1_537' title='bbox 1076 3954 1159 4008; x_wconf 80' lang='lat' dir='ltr'><strong>mali:</strong></span> <span class='ocrx_word' id='word_1_538' title='bbox 1183 3958 1211 4008; x_wconf 86' lang='lat' dir='ltr'><strong>iu</strong></span> <span class='ocrx_word' id='word_1_539' title='bbox 1225 3972 1268 4031; x_wconf 73' lang='lat' dir='ltr'><strong>qus</strong></span> 
     </span>
     <span class='ocr_line' id='line_1_52' title="bbox 199 4018 1267 4093; baseline 0.007 -26"><span class='ocrx_word' id='word_1_540' title='bbox 199 4026 327 4079; x_wconf 82' lang='lat' dir='ltr'><strong>seutsunt,</strong></span> <span class='ocrx_word' id='word_1_541' title='bbox 345 4018 457 4071; x_wconf 89' lang='lat' dir='ltr'><strong>etiamsi</strong></span> <span class='ocrx_word' id='word_1_542' title='bbox 472 4021 593 4090; x_wconf 89' lang='lat' dir='ltr'><strong>optimum</strong></span> <span class='ocrx_word' id='word_1_543' title='bbox 608 4023 658 4086; x_wconf 91' lang='lat' dir='ltr'><strong>sit,</strong></span> <span class='ocrx_word' id='word_1_544' title='bbox 674 4032 719 4073; x_wconf 86' lang='lat' dir='ltr'><strong>ta-</strong></span> <span class='ocrx_word' id='word_1_545' title='bbox 751 4040 870 4093; x_wconf 84' lang='lat' dir='ltr'><strong>pervsrsa</strong></span> <span class='ocrx_word' id='word_1_546' title='bbox 879 4023 991 4075; x_wconf 74' lang='lat' dir='ltr'><strong>lectione</strong></span> <span class='ocrx_word' id='word_1_547' title='bbox 1001 4041 1089 4075; x_wconf 81' lang='lat' dir='ltr'><strong>omues</strong></span> <span class='ocrx_word' id='word_1_548' title='bbox 1098 4025 1182 4081; x_wconf 80' lang='lat' dir='ltr'><strong>codd.</strong></span> <span class='ocrx_word' id='word_1_549' title='bbox 1192 4026 1267 4075; x_wconf 78' lang='lat' dir='ltr'><strong>stass</strong></span> 
     </span>
     <span class='ocr_line' id='line_1_53' title="bbox 198 4084 1266 4146; baseline 0.008 -11"><span class='ocrx_word' id='word_1_550' title='bbox 198 4102 258 4136; x_wconf 89' lang='lat' dir='ltr'><strong>meu</strong></span> <span class='ocrx_word' id='word_1_551' title='bbox 277 4084 387 4137; x_wconf 88' lang='lat' dir='ltr'><strong>invidiae</strong></span> <span class='ocrx_word' id='word_1_552' title='bbox 403 4099 473 4140; x_wconf 89' lang='lat' dir='ltr'><strong>metu</strong></span> <span class='ocrx_word' id='word_1_553' title='bbox 489 4107 541 4140; x_wconf 92' lang='lat' dir='ltr'><strong>nou</strong></span> <span class='ocrx_word' id='word_1_554' title='bbox 560 4091 660 4141; x_wconf 80' lang='lat' dir='ltr'><strong>audent</strong></span> <span class='ocrx_word' id='word_1_555' title='bbox 675 4090 719 4141; x_wconf 91' lang='lat' dir='ltr'><strong>di·</strong></span> <span class='ocrx_word' id='word_1_556' title='bbox 750 4090 904 4142; x_wconf 89' lang='lat' dir='ltr'><strong>unanimiter</strong></span> <span class='ocrx_word' id='word_1_557' title='bbox 935 4092 1106 4143; x_wconf 88' lang='lat' dir='ltr'><strong>consentiunt.</strong></span> <span class='ocrx_word' id='word_1_558' title='bbox 1158 4091 1266 4146; x_wconf 73' lang='lat' dir='ltr'><strong>0rsllius,</strong></span> 
     </span>
     <span class='ocr_line' id='line_1_54' title="bbox 199 4153 1265 4230; baseline 0.008 -28"><span class='ocrx_word' id='word_1_559' title='bbox 199 4169 269 4204; x_wconf 87' lang='lat' dir='ltr'><strong>cere:</strong></span> <span class='ocrx_word' id='word_1_560' title='bbox 287 4153 330 4205; x_wconf 93' lang='lat' dir='ltr'><strong>ubi</strong></span> <span class='ocrx_word' id='word_1_561' title='bbox 342 4162 428 4207; x_wconf 89' lang='lat' dir='ltr'><strong>tamen</strong></span> <span class='ocrx_word' id='word_1_562' title='bbox 441 4158 579 4220; x_wconf 87' lang='lat' dir='ltr'><strong>Ernestius,</strong></span> <span class='ocrx_word' id='word_1_563' title='bbox 596 4175 648 4209; x_wconf 92' lang='lat' dir='ltr'><strong>uuo</strong></span> <span class='ocrx_word' id='word_1_564' title='bbox 661 4158 719 4209; x_wconf 85' lang='lat' dir='ltr'><strong>suf·</strong></span> <span class='ocrx_word' id='word_1_565' title='bbox 752 4159 800 4211; x_wconf 88' lang='lat' dir='ltr'><strong>etsi</strong></span> <span class='ocrx_word' id='word_1_566' title='bbox 816 4159 882 4211; x_wconf 90' lang='lat' dir='ltr'><strong>hanc</strong></span> <span class='ocrx_word' id='word_1_567' title='bbox 896 4159 1032 4212; x_wconf 86' lang='lat' dir='ltr'><strong>lectionem</strong></span> <span class='ocrx_word' id='word_1_568' title='bbox 1048 4171 1197 4230; x_wconf 77' lang='lat' dir='ltr'><strong>corruptam</strong></span> <span class='ocrx_word' id='word_1_569' title='bbox 1210 4175 1265 4210; x_wconf 86' lang='lat' dir='ltr'><strong>oea-</strong></span> 
     </span>
     <span class='ocr_line' id='line_1_55' title="bbox 198 4221 1263 4292; baseline 0.003 -20"><span class='ocrx_word' id='word_1_570' title='bbox 198 4221 315 4288; x_wconf 77' lang='lat' dir='ltr'><strong>fragante</strong></span> <span class='ocrx_word' id='word_1_571' title='bbox 345 4224 414 4290; x_wconf 75' lang='lat' dir='ltr'><strong>Ma,</strong></span> <span class='ocrx_word' id='word_1_572' title='bbox 449 4225 562 4277; x_wconf 81' lang='lat' dir='ltr'><strong>correxit</strong></span> <span class='ocrx_word' id='word_1_573' title='bbox 591 4226 717 4279; x_wconf 73' lang='lat' dir='ltr'><strong>audeant.</strong></span> <span class='ocrx_word' id='word_1_574' title='bbox 751 4236 804 4292; x_wconf 89' lang='lat' dir='ltr'><strong>set,</strong></span> <span class='ocrx_word' id='word_1_575' title='bbox 823 4245 878 4279; x_wconf 86' lang='lat' dir='ltr'><strong>cam</strong></span> <span class='ocrx_word' id='word_1_576' title='bbox 891 4236 978 4280; x_wconf 78' lang='lat' dir='ltr'><strong>tamen</strong></span> <span class='ocrx_word' id='word_1_577' title='bbox 992 4226 1107 4291; x_wconf 68' lang='lat' dir='ltr'><strong>munuc,</strong></span> <span class='ocrx_word' id='word_1_578' title='bbox 1124 4226 1263 4281; x_wconf 79' lang='lat' dir='ltr'><strong>etsicfm·</strong></span> 
     </span>
    </p>
   </div>
   <div class='ocr_carea' id='block_1_7' title="bbox 0 0 1324 4626">
    <p class='ocr_par' dir='ltr' id='par_1_7' title="bbox 0 0 1324 4626">
     <span class='ocr_line' id='line_1_56' title="bbox 0 0 1324 4626; baseline 0 0"><span class='ocrx_word' id='word_1_579' title='bbox 0 0 1324 4626; x_wconf 95' lang='lat' dir='ltr'><strong> </strong></span> 
     </span>
    </p>
   </div>
  </div>
 </body>
</html>
