2640 4626
112 195 174 266 152
357 203 936 259 ruscuuauanuuurseuramouuu

4 322 6 327 ’
39 401 42 407 ,
112 354 152 402 ac
160 325 227 400 vita
235 321 444 411 constitutus,
459 338 495 395 ut
505 322 591 395 ratio
599 321 766 424 postulat?
791 323 850 423 qui
865 323 1079 425 disciplinam
1096 351 1193 398 suam

112 456 182 503 nou
191 423 444 509 ostentationem
452 423 620 514 scientiae,
632 424 804 524 sedlegem
811 426 895 523 vitae
910 428 1027 526 putet?
1053 426 1115 528 qui
1131 427 1192 500 ob-

111 522 368 631 temperetsipse
389 526 474 616 sibi,
499 543 531 599 et
554 527 695 601 decretis
710 528 780 601 suis
795 530 931 629 pareat?
983 537 1040 609 12.
1065 529 1193 604 Videre

90 685 93 688 -
112 633 190 707 licet
208 629 290 704 alios
307 645 398 703 tanta
412 627 541 703 levitate
561 645 593 702 et
606 628 801 719 iactatione,
827 630 869 704 iis
888 647 925 703 ut
939 629 1039 704 fuerit
1052 660 1127 704 non
1142 631 1192 705 di-

107 733 236 811 ‚uicisse
260 728 395 811 inelius:
421 730 504 804 alios
527 732 687 832 pecuniae
712 731 872 832 cupidos,
897 731 1022 832 gloriae
1046 733 1192 807 nonnul·

112 834 183 926 los,
207 834 329 909 multos
346 833 525 907 libidinum
540 861 669 923 servos3
692 851 732 931 ut
748 863 822 908 cum
838 863 952 909 eorum
968 834 1035 908 vita
1051 835 1191 910 mirabi-

113 938 189 1027 liter
208 954 334 1038 pugnet
357 935 481 1011 oratio:
508 936 601 1035 qnod
623 936 757 1036 quidem
780 937 864 1010 milti
880 937 1011 1010 videtur
1028 965 1105 1013 esse
1125 955 1191 1011 tnr-

6 1096 16 1107 .
112 1040 299 1144 pissimum.
337 1041 395 1111 ⁴Ut
411 1038 519 1126 enim,
545 1038 575 1111 si
591 1040 841 1137 grammaticum
859 1066 896 1114 se
910 1039 1085 1140 professus
1102 1040 1192 1140 quis-

112 1144 205 1244 piam
227 1140 371 1216 barbare
395 1138 567 1239 loquatur,
594 1157 649 1214 aut
673 1141 704 1215 si
730 1142 874 1216 absurde
895 1158 991 1216 canat
1007 1142 1054 1232 is,
1083 1143 1143 1243 qui
1158 1171 1192 1219 se

114 1242 232 1319 haberi
257 1243 335 1319 velit
355 1242 536 1331 musicum,
561 1242 626 1316 hoc
655 1244 787 1344 turpior
808 1245 871 1333 sit,
896 1246 988 1344 quod
1003 1245 1039 1318 in
1057 1273 1101 1319 eo
1117 1245 1192 1347 ipso

114 1363 246 1449 peccet,
271 1346 365 1421 cuius
389 1344 590 1445 profitetur⁸
616 1345 806 1420 scientiam:
833 1346 882 1420 sic
907 1346 1193 1448 philosophusiu

114 1450 242 1523 ratione
256 1448 371 1522 vitae⁹
395 1474 557 1548 peccans,
582 1447 647 1521 hoc
665 1449 796 1549 turpior
816 1464 881 1537 est,
906 1449 998 1549 quod
1015 1449 1052 1524 in
1070 1448 1194 1538 officio,

115 1551 209 1627 cuius
233 1550 392 1648 magister
413 1576 485 1623 esse
500 1548 588 1637 volt,
604 1544 751 1640 labitur,
777 1567 944 1651 artemque
960 1553 1045 1627 vitae
1061 1552 1194 1654 profes-

116 1682 192 1742 sus,
218 1650 381 1751 delinquit
398 1650 435 1722 in
449 1650 523 1723 vita.
761 1730 765 1739 ,
979 1710 983 1719 .
1071 1726 1076 1734 ,

217 1756 257 1826 V.
281 1757 321 1827 A.
339 1754 459 1826 Nonne
474 1752 653 1827 verendum
670 1763 746 1828 est1
769 1754 888 1852 igitur,
914 1754 944 1828 si
961 1771 1011 1828 est
1025 1754 1075 1829 ita
1089 1771 1128 1829 ut
1146 1755 1194 1829 di-

117 1857 184 1944 cis,
204 1883 247 1928 ne
260 1853 510 1955 philosophiam
526 1853 609 1928 falsa
623 1854 728 1954 gloria
744 1857 907 1932 exornes?
933 1856 1025 1956 quod
1039 1873 1093 1931 est
1106 1858 1194 1934 enim

116 1957 224 2032 mains
240 1972 480 2057 argumentum,
505 1957 590 2031 nihil
613 1986 685 2065 eam
700 1959 879 2059 prodesse,
905 1987 1006 2060 quam
1022 1960 1190 2061 quosdam

182 2131 201 2187 8
223 2128 282 2179 um.
298 2123 466 2205 'profiteqtur
486 2126 519 2177 de
534 2127 611 2207 coni..
625 2127 703 2179 Male.
744 2131 821 2186 90r.
839 2146 862 2178 c.
880 2128 913 2179 fl.
931 2126 1039 2196 aliisque
1057 2128 1144 2208 qud.
1160 2131 1192 2181 D.

116 2195 325 2314 dliahdhmone·
365 2196 439 2253 1810
462 2195 494 2249 ll.
518 2194 543 2247 b.
568 2194 613 2246 alu
636 2195 716 2248 Codd.
733 2196 766 2246 D.
782 2223 817 2236 -
832 2197 891 2248 Em.
911 2213 934 2247 c.
952 2195 1131 2273 vulg-omisit
1147 2210 1193 2250 eet.

116 2405 151 2420 -·
165 2380 207 2432 ita
221 2390 346 2433 notatus.
361 2378 441 2433 Acud.
459 2383 486 2444 1,
500 2385 526 2440 9.
544 2379 635 2433 'lireo-
715 2394 819 2454 pugnet
837 2381 932 2449 oratio)
950 2378 1074 2432 Similiter
1088 2379 1123 2432 de
1137 2380 1193 2434 Fir.

116 2446 233 2516 phrastus
247 2458 341 2511 autem,
357 2448 397 2499 vir
408 2459 435 2499 et
443 2449 560 2500 oratione
573 2466 634 2500 suu·
661 2450 701 2501 11.
716 2456 758 2508 25.
776 2460 840 2500 extr.
874 2450 914 2500 Ita
936 2449 1002 2499 enim
1019 2448 1113 2500 vivunt
1135 2449 1193 2518 qui-

116 2515 155 2565 uis
171 2515 247 2568 etita
263 2526 392 2579 moratus,
409 2526 439 2566 ut
452 2533 513 2594 prae
526 2533 554 2566 se
570 2534 635 2584 pro·
669 2517 743 2581 dam,
761 2527 893 2569 uteorum
909 2516 964 2567 vita
977 2516 1115 2567 refellatur
1133 2534 1193 2569 ora·

116 2581 226 2635 bitatem
245 2581 372 2651 quondam
405 2592 432 2633 et
453 2582 636 2650 ingenuitatem
668 2584 715 2636 tio.
750 2585 910 2637 Vocabulum
924 2583 1194 2634 oratioultimumse-

116 2648 192 2700 ferat.
208 2651 241 2702 V.
252 2649 372 2700 Ochsner.
382 2649 471 2715 uelog.
481 2650 533 2700 uic.
542 2655 635 2717 p.309.
670 2651 728 2702 dem
755 2661 881 2719 occupat,
905 2651 965 2719 quia
989 2651 1017 2701 in
1039 2669 1072 2703 eo
1087 2651 1193 2703 maxime

165 2716 213 2786 qui
226 2715 308 2769 obtem
326 2728 382 2766 eret
402 2717 413 2766 ι’
431 2734 459 2766 se
475 2716 528 2767 sibi
547 2729 573 2768 et
588 2718 637 2769 de-
669 2719 805 2788 visposita
821 2728 869 2769 cst.

117 2785 199 2835 cretis
215 2793 264 2835 etc.
323 2783 371 2834 arti
415 2801 431 2833 a
446 2796 472 2834 ec
487 2785 637 2852 explicative
722 2786 837 2838 absurde
850 2786 943 2851 canat)
960 2785 1087 2838 Absurde
1100 2797 1131 2838 et
1147 2784 1193 2838 ab·

39 2845 43 2856 ’
116 2851 202 2919 posita
218 2850 387 2916 significatid
400 2862 449 2900 est.
465 2853 498 2904 V.
513 2869 588 2919 supra
604 2853 638 2904 ud
670 2855 768 2906 surdus
777 2854 892 2906 Ciceroni
902 2852 1021 2904 dicuntur
1029 2851 1193 2934 euquaecihi

116 2919 201 2980 tat,
216 2921 260 2976 82·
669 2923 784 2991 ipsanou
798 2921 860 2971 satis
870 2921 1032 2972 conveniunt.
1052 2923 1192 2991 Hrnopm-

170 2988 210 3041 12.
227 2983 307 3034 inani
318 2983 429 3056 levitate
442 2998 468 3037 et
482 2986 634 3057 iactatione)
668 2988 723 3059 prie
733 2988 827 3039 dicitur
833 2988 865 3039 de
871 3006 943 3052 sono,
959 2987 1077 3039 absurde
1086 3006 1193 3051 canere,

33 3052 39 3075 ⁵
117 3050 227 3102 Gravius
240 3051 336 3102 dictum
344 3049 635 3124 perdvdtdduoivpro
668 3074 749 3108 sonus
763 3055 911 3121 absurdus,
928 3074 980 3107 vox
995 3068 1075 3107 extra
1089 3057 1194 3107 modum

117 3117 173 3169 levi
178 3118 331 3169 iactatione.
348 3121 380 3172 V.
389 3119 520 3173 Adnotatu
527 3123 555 3173 in
561 3125 581 3174 1.
591 3129 634 3187 25,
668 3124 769 3175 absona
781 3135 807 3174 et
821 3124 947 3186 absurda,
964 3134 993 3174 ut
1008 3123 1041 3174 dc
1059 3127 1134 3176 Orat.
1151 3124 1193 3175 ut

116 3189 162 3244 62.
179 3185 303 3251 variffte
324 3196 352 3236 et
364 3197 456 3239 natura
472 3198 600 3242 sonorum.
670 3194 758 3255 11,41.
777 3192 840 3258 (Nos
848 3191 953 3245 dicimus
961 3191 1192 3258 untammtisct)

137 3252 206 3370 illitl'is
221 3251 357 3372 ptfuetrit)
373 3254 416 3373 Stin
432 3255 528 3374 eliphius.
543 3260 576 3374 ΙΙΙ.
593 3261 633 3316 10-
667 3261 699 3312 V.
715 3259 799 3337 Bremi
813 3259 895 3378 edhgle,
909 3261 973 3337 Fato
991 3262 1055 3376 οἰδ.
1103 3263 1161 3378 ³7.

117 3336 179 3467 ἔρῳ
192 3337 381 3439 ullheiliegielhrriii¹
407 3341 528 3467 Jnfrltvllll.
543 3325 635 3454 mg.
668 3343 826 3445 otivdilhdl.
850 3345 948 3462 positrds
965 3327 1113 3461 ditiaque
1134 3342 1194 3444 ¹till:

117 3454 182 3505 mlul
194 3464 224 3505 ut
249 3456 311 3507 osuit
326 3474 424 3523 negem.
443 3458 482 3508 cf.
496 3458 531 3508 ib.
541 3462 583 3521 15,
592 3462 634 3516 32.
668 3460 795 3512 sententia
809 3460 987 3523 ὑποθετικῶς
1002 3478 1125 3528 expressa
1147 3469 1193 3521 est,

116 3521 178 3601 ihiq.
203 3474 271 3574 edu.
294 3524 444 3576 Rumshcrn.
473 3543 499 3593 p.
520 3529 578 3584 630.
595 3543 645 3592 sq..
667 3545 727 3579 mox
749 3530 824 3580 cuius
838 3530 967 3599 magister
990 3544 1050 3578 esse
1067 3529 1128 3580 vult
1150 3528 1192 3579 iu-

116 3588 151 3640 rb.
187 3593 234 3652 18,
258 3592 300 3649 42.
352 3592 415 3643 nivis
445 3601 474 3641 ut
499 3592 634 3660 intelligat.
668 3595 791 3645 dicativus
809 3596 894 3648 locum
906 3596 992 3658 hahet,
1010 3595 1071 3662 quia
1084 3607 1192 3649 senteu-

116 3655 152 3706 ib.
170 3660 221 3720 21,
238 3661 281 3716 51.
297 3677 315 3710 n
352 3674 394 3710 tun
409 3667 439 3709 ut
450 3669 579 3710 certamen
591 3660 635 3710 in·
668 3663 705 3713 tia
719 3662 882 3730 simpliciter,
900 3664 955 3714 sine
971 3662 1024 3713 ulla
1041 3662 1192 3715 conditione

117 3722 230 3774 stitutum.
247 3726 291 3777 tv.
308 3733 343 3788 2,
366 3736 392 3787 5.
410 3725 486 3777 facile
503 3738 533 3778 nt
552 3746 635 3795 appa·
668 3729 780 3799 ponitur.

117 3800 183 3841 reat.
233 3793 266 3844 V.
293 3794 413 3845 Ochsner.
439 3794 527 3862 Eclog.
554 3795 634 3846 Cicer.
719 3797 779 3848 Car.
804 3799 836 3851 V.
869 3799 966 3850 Nonne
988 3797 1137 3849 uerendum
1154 3808 1191 3848 m

118 3860 210 3937 p192.
236 3860 340 3913 Scilicet
356 3859 502 3911 coniunctio
516 3872 636 3942 utpostj
667 3865 767 3944 igitur)
775 3867 814 3916 De
822 3866 882 3917 sede
889 3865 1055 3936 vocieigitur
1063 3883 1089 3918 v.
1098 3865 1189 3917 Aduo-

116 3935 291 4047 ilidiidtuii
307 3944 455 4063 psrpcegqrm
468 3946 636 4065 pidslpdhnithii
669 3941 769 4050 meoli1
778 3934 916 4072 igiicirffii
933 4001 981 4068 est)
999 4001 1109 4080 Saepius
1124 3999 1188 4051 idem

117 4060 187 4111 Infra
206 4066 296 4123 c.13‚
316 4064 362 4119 30.
383 4061 426 4112 vix
442 4064 511 4132 qnod
531 4064 636 4115 ferri-
671 4067 789 4130 verbnm,
818 4086 869 4120 nno
891 4067 932 4121 vel
948 4067 1036 4137 paucis
1050 4066 1188 4120 interiectis

137 4127 375 4190 ossit111.15,32.
393 4130 582 4183 ubiuhdnot.
598 4131 637 4183 Cf.
671 4135 817 4199 vocubulis,
847 4135 954 4188 recurrit
981 4135 1051 4205 opud
1080 4135 1187 4204 opetum

113 4145 269 4269 hemthorp.
283 4197 344 4248 Dat.
361 4198 408 4249 Gr.
432 4200 455 4270 1.
471 4202 529 4259 197.
546 4217 572 4270 p.
579 4201 638 4260 661.
672 4202 817 4281 scriptores.
