2640 4626
111 219 172 287 loo
355 226 634 311 rusquumanuu
652 224 933 278 unruramonun

112 366 223 421 tamen
250 344 384 420 excellet
408 343 508 433 illud,
533 344 626 447 quod
640 360 729 418 recte
747 343 976 444 amplexantur
991 340 1065 430 isti,
1093 341 1185 442 quod

113 451 300 537 honestum,
314 448 406 548 quod
419 461 555 534 rectum,
572 446 664 547 quod
678 446 836 521 decorum
850 443 1066 546 appellamus,
1093 444 1186 544 quod

114 552 202 626 idem
232 550 399 624 interdum
423 549 553 623 virtutis
575 548 712 623 nominc
738 548 984 649 amplectimur,
1007 564 1048 623 ut
1072 545 1185 621 omnia

114 670 293 753 praeterea,
318 681 402 753 quae
416 651 507 726 bona
522 651 673 752 corporis
693 668 724 726 et
739 652 890 725 fortunae
905 667 1087 751 putantur,
1110 676 1187 751 per-

115 757 232 855 exigua
259 771 291 829 et
317 755 536 856 perminuta⁷
568 754 756 847 rideantur3
782 784 824 828 ne
841 753 964 826 malum
983 750 1122 855 quidem
1138 749 1185 824 ul-

116 854 311 947 lum,'.nec,
344 858 373 931 si
398 856 434 929 in
459 885 563 930 arnum
591 856 700 930 locum
719 856 836 931 collata
863 855 974 929 omnia
998 854 1085 942 sint,
1112 882 1185 928 cum

115 959 332 1062 turpitudinis
347 958 435 1033 malo
453 959 684 1060 comparanda.
722 966 793 1040 31.
820 959 934 1056 Quare
949 957 989 1047 si,
1002 973 1040 1030 ut
1053 955 1183 1030 initio⁸

117 1062 331 1150 concessisti,
355 1063 527 1162 turpitudo
556 1062 653 1162 peius
681 1077 730 1135 est
761 1064 859 1160 quam
891 1060 1003 1134 dolor:
1027 1059 1117 1133 nihil
1139 1075 1187 1139 est

117 1164 216 1265 plane
239 1163 344 1238 dolor.
368 1193 445 1237 nam
465 1165 543 1237 dum
562 1164 625 1237 tibi
637 1179 751 1263 turpe,
777 1193 837 1238 nec
855 1163 993 1263 dignum
1009 1161 1084 1235 viro
1098 1162 1186 1235 vide-

117 1266 217 1355 bitur,
242 1293 383 1365 gemere,
409 1266 547 1354 eiulare,
573 1266 762 1352 lamentari,
787 1267 914 1364 frangi,
939 1263 1110 1339 debilitari
1130 1264 1187 1337 do-

118 1368 187 1443 lore
201 1381 240 1456 ο;
267 1370 345 1443 dum
369 1370 544 1457 honestas,
570 1369 649 1441 dum
675 1368 835 1466 dignitas,
862 1368 942 1442 dum
958 1366 1091 1440 decus1
1113 1366 1188 1439 ade-

118 1472 177 1560 rit;
203 1472 376 1572 dumque²
394 1471 429 1543 in
447 1501 484 1544 ea
500 1471 631 1551 intuens
646 1487 678 1543 tc
697 1470 901 1544 continebis:
929 1469 1022 1543 cedet
1036 1468 1187 1569 prolecto

118 1573 229 1647 virtuti
264 1572 378 1660 dolor,
404 1589 436 1646 et
470 1572 572 1645 animi
596 1573 788 1646 inductione
806 1573 1003 1670 languescet
1027 1588 1087 1644 aut
1101 1570 1187 1644 enim

117 1675 207 1750 nulla
231 1675 335 1748 virtus
365 1690 430 1762 est,
456 1691 513 1748 aut
539 1675 798 1749 contemnendus
820 1675 929 1747 omnis
945 1670 1054 1747 dolor.
1107 1675 1187 1746 Pru·

119 1777 307 1851 dentiamne
323 1777 373 1850 vis
391 1804 481 1864 esse,
507 1775 578 1850 sine
597 1805 661 1877 qua
675 1805 718 1850 ne
732 1776 868 1875 intelligi
887 1775 1023 1879 quidem
1037 1772 1109 1849 ulla
1126 1775 1188 1848 rir-

119 1896 172 1951 tus
215 1881 321 1951 otest?
347 1874 429 1979 quid
445 1879 549 1976 ergo?
575 1907 612 1951 ea
631 1880 816 1978 patieturne
831 1895 864 1952 te
881 1879 1065 1978 quidquam
1083 1877 1188 1951 facere

120 1907 212 2053 nihil
218 1980 463 2080 proficientem,
490 1997 521 2054 et
535 1980 740 2054 laborantem
753 1986 862 2054 tamen
875 1986 891 2034 ³
905 1984 919 2055 i
946 2009 987 2053 an
1001 1996 1188 2080 temperan-

120 2084 166 2156 tia
185 2083 268 2156 sinct
286 2100 318 2157 te
335 2083 551 2157 immoderate
566 2083 673 2157 lacere
693 2084 901 2185 quidquam?
927 2112 969 2155 an
984 2081 1049 2156 coli
1064 2081 1188 2156 iustitia

183 2259 204 2323 Ι7
219 2251 260 2302 Sic
277 2255 339 2310 0221.
355 2262 381 2302 et
396 2251 493 2303 multae
504 2251 570 2305 Edd.
586 2261 654 2303 vett.¹
664 2253 736 2320 prob.
755 2255 831 2305 Goer.
845 2252 885 2303 ad.
901 2251 956 2303 Fin.
970 2253 1012 2309 Ill.
1031 2254 1073 2314 11,
1090 2255 1133 2310 36.
1149 2255 1188 2302 Or.

121 2338 143 2370 c.
166 2319 190 2369 b.
216 2319 368 2370 mCVMLD.
393 2319 460 2370 Lall.
486 2321 544 2370 Em.
569 2321 678 2370 minuta.
726 2321 831 2379 8ΡΑΒ.
849 2333 877 2371 ut
898 2320 929 2370 in
947 2319 1035 2370 initio.
1051 2319 1132 2370 Male.
1149 2322 1188 2369 Or.

120 2388 236 2438 conferre
256 2387 327 2438 iubet
343 2387 475 2454 Spaldin.
501 2388 534 2438 ad
558 2387 664 2450 Quintil.
681 2388 713 2440 Τ.
729 2389 759 2438 Π.
777 2407 802 2457 p.
818 2393 842 2447 9.
877 2387 962 2446 9Alii
984 2386 1066 2437 Codd.
1084 2395 1112 2437 et
1127 2386 1187 2436 Edd.

120 2453 273 2515 debilitari,
291 2455 388 2505 dolere.
412 2455 440 2504 M
467 2471 490 2505 c.
511 2512 517 2525 .
542 2455 615 2514 1Sic
639 2455 701 2504 (iod.
719 2457 860 2506 Bcrnensis.
877 2457 941 2504 Item
965 2453 997 2504 de
1019 2453 1106 2504 Bentl.
1125 2452 1188 2504 coni.

118 2523 151 2572 Ι).
169 2551 202 2559 -
219 2523 278 2572 Ern.
297 2522 406 2588 nrulg.
424 2534 479 2571 tum
499 2551 534 2561 —
557 2534 612 2572 tum
633 2551 666 2563 -
692 2535 754 2573 tunt.
788 2523 863 2580 2Sic
887 2522 930 2573 W.
950 2540 971 2572 c.
990 2523 1019 2571 L.
1038 2551 1072 2560 -
1090 2523 1152 2572 Em.
1168 2538 1188 2572 c.

121 2588 201 2640 Codd.
218 2588 278 2656 aliq.
296 2599 322 2639 et
334 2589 400 2639 Lall.
418 2607 469 2657 qun
512 2607 544 2638 ue
556 2607 576 2639 s.
593 2607 708 2659 euinque.
726 2591 750 2640 b.
768 2593 831 2648 0211.
850 2591 895 2640 W.
912 2587 938 2639 in
957 2588 1002 2638 Ed.
1020 2607 1061 2656 pr.
1078 2601 1188 2658 turaque.

121 2659 162 2706 Or.
188 2674 210 2706 c.
239 2658 270 2706 R.
288 2666 315 2706 et
336 2607 553 2725 plerisquemddd.
571 2667 633 2706 vett.
650 2668 736 2728 tuque.
755 2658 842 2708 Recte.
875 2656 953 2716 3Sio
970 2657 1049 2707 W.e
1073 2656 1142 2706 coni.
1158 2682 1189 2695 -·

119 2723 202 2842 {qud
221 2723 287 2774 coni.
307 2736 333 2773 et
339 2721 451 2792 frustra
467 2723 552 2777 labor.
568 2727 740 2776 attentem.
757 2724 869 2775 restituit
880 2724 949 2792 vulg.
966 2735 993 2774 et
1006 2723 1189 2775 laborantem?

179 2798 241 2841 cett.

121 2898 340 2958 comparaturum
359 2889 484 2956 honesto,
501 2890 638 2958 perexigua
670 2909 723 2943 non
735 2893 846 2959 patietur
862 2903 889 2943 te
902 2910 957 2943 rem
971 2891 1084 2961 aliquam
1097 2892 1188 2955 facere,

119 2956 262 3007 rideantur.
295 2957 389 3007 Eadem
411 2960 477 3010 ratio
495 2968 534 3009 est
553 2959 639 3014 melo-
670 2959 697 3009 in
740 2978 787 3022 ua,
822 2961 934 3027 quamvis
962 2976 1053 3017 omnes
1073 2969 1133 3011 tuna
1148 2960 1188 3010 in-

120 3040 184 3074 rum.
219 3023 399 3087 Concedamus,
416 3025 532 3077 dolorem
544 3027 637 3077 mulum
669 2977 760 3078 tendas
774 3027 855 3090 vires,
877 3039 963 3078 tamen
979 3027 1044 3078 nihil
1057 3027 1187 3107 proficias.

121 3107 190 3148 eeae3
208 3100 234 3140 at
249 3092 360 3142 omnium
376 3094 501 3145 malorum
515 3111 637 3144 summum
670 3096 736 3161 Ergo
753 3113 800 3145 nec
825 3095 914 3146 dolore
928 3105 956 3155 te
972 3082 1065 3157 c‘onlim
1079 3095 1189 3163 patietur

122 3166 160 3208 eat
179 3157 328 3225 turpitudo,
361 3169 388 3209 et
408 3160 445 3211 ita
462 3161 578 3229 quidem,
609 3170 638 3211 nt
669 3163 817 3229 prudentia5
840 3181 899 3214 nam
921 3162 1084 3230 suscipiendo
1101 3163 1189 3214 doloro

121 3233 206 3276 cetera
221 3226 322 3290 omnia,
336 3245 400 3296 qnae
414 3229 481 3278 mala
504 3228 636 3292 habentur,
670 3230 734 3280 nihil
747 3230 881 3297 proficies,
904 3231 932 3281 h.
958 3249 980 3281 e.
999 3230 1119 3281 dolorem
1140 3247 1212 3282 non·

121 3304 267 3360 comparata
289 3312 345 3353 cum
372 3295 542 3363 turpitudine,
575 3314 637 3363 per·
669 3297 809 3348 imminues.
849 3301 943 3350 Lucem
971 3297 1107 3349 affundent
1134 3297 1188 3349 huic

121 3360 209 3478 exipua
225 3360 368 3414 rideantur.
409 3364 451 3415 Sic
472 3363 587 3415 dolorem
608 3363 635 3413 in
669 3364 821 3416 intricatiori
838 3366 897 3417 loco
912 3365 1036 3418 nonnulla
1051 3365 1146 3417 horum
1156 3364 1188 3416 li-

120 3428 342 3496 maisponamus3
371 3441 398 3481 at
416 3449 479 3499 prae
494 3430 636 3500 turpitudi-
669 3433 772 3483 brorum
789 3433 918 3500 exempla‚
950 3433 1086 3500 inquibus
1103 3433 1189 3485 eadem

119 3495 158 3545 nia
171 3497 239 3548 malo
254 3498 331 3565 plane
345 3499 482 3551 evanescit.
669 3501 795 3551 sententia
818 3501 965 3567 consignata
980 3508 1033 3561 eat,
1065 3501 1106 3551 uti
1127 3501 1189 3552 inim

169 3568 211 3622 31.
229 3567 313 3617 animi
324 3567 490 3633 inductione)
507 3569 541 3617 H.
550 3584 572 3617 e.
588 3563 642 3617 do:
671 3586 693 3618 c.
708 3570 749 3629 24,
765 3572 806 3626 57.
842 3569 903 3618 Cum
923 3584 983 3619 vero
1001 3569 1113 3634 gemitus
1128 3567 1188 3619 nihil

119 3629 227 3682 liberata
240 3633 380 3686 voluntate.
396 3637 428 3686 V.
449 3634 548 3686 Ernesti
566 3635 636 3686 Clar.
669 3635 802 3686 imminuat
821 3636 941 3699 dolores,
960 3653 1004 3687 cur
1019 3635 1118 3688 frustra
1132 3645 1187 3686 tm

121 3697 236 3748 Ciceron.
253 3717 273 3749 a.
288 3718 313 3749 v.
670 3721 714 3771 pes
729 3703 929 3755 essevolumus?
946 3705 988 3755 ΠΙ.
1004 3709 1047 3762 28.
1064 3720 1105 3773 pr.
1125 3701 1187 3767 Quid

170 3765 387 3844 Prpdmtianmae)
403 3769 555 3833 Prudentia,
569 3779 637 3820 tem·
671 3782 710 3822 eat
725 3780 818 3834 autem,
836 3771 905 3840 quod
917 3771 974 3839 plus
989 3772 1076 3822 valeat
1092 3771 1127 3823 ad
1139 3787 1186 3840 po-
1219 3822 1223 3835 ,

119 3838 253 3897 perantia,
293 3833 393 3887 iustitia
438 3847 465 3887 et
511 3837 637 3888 fortitudo
669 3838 780 3889 nendum
797 3839 919 3901 dolorem,
937 3848 1082 3906 qnatncum
1095 3839 1186 3890 estin-

119 3907 179 3948 eunt
204 3909 325 3965 quattuor
343 3918 406 3971 quaa
424 3914 519 3955 vocant
528 3905 638 3959 virtutes
669 3907 817 3969 tellectum,
841 3906 904 3956 nihil
919 3906 1024 3976 profici,
1052 3916 1079 3958 et
1097 3907 1185 3959 sturm

118 3965 268 4017 cardinales.
670 3991 724 4025 esse
743 3974 907 4043 aruccptuml
939 3974 1005 4025 lbid.
1036 3992 1058 4026 e.
1083 3978 1127 4033 32.
1146 3977 1183 4033 77.

166 4035 328 4116 patieturne)
344 4035 451 4089 Neidius
470 4039 546 4106 plane
560 4040 636 4090 aber·
668 4044 856 4093 Summamesse
869 4041 1003 4098 stultitiam
1014 4043 1110 4093 frustra
1124 4057 1184 4095 oon·

119 4111 284 4154 mutavero.
302 4106 434 4156 Sententia
441 4117 495 4156 est:
512 4106 569 4157 Nisi
578 4124 636 4158 om·
668 4109 710 4160 lici
719 4109 817 4173 dolore,
834 4109 1032 4178 cumintelligae
1044 4109 1182 4180 nihilpotw

112 4170 154 4220 oie
177 4172 352 4224 contemnitur
378 4173 468 4237 dolor,
501 4174 637 4243 prudentia
669 4176 767 4244 profici.

103 4252 161 4289 esee
182 4257 240 4293 non
261 4252 363 4311 potest.
408 4244 477 4297 Nem
501 4241 641 4314 prudentie
725 4261 763 4295 on
776 4245 961 4316 temperantius
974 4247 1011 4296 il.
1024 4254 1179 4298 anenn-
