<?xml version="1.0" encoding="UTF-8"?>
<!DOCTYPE html PUBLIC "-//W3C//DTD XHTML 1.0 Transitional//EN"
    "http://www.w3.org/TR/xhtml1/DTD/xhtml1-transitional.dtd">
<html xmlns="http://www.w3.org/1999/xhtml" xml:lang="en" lang="en">
 <head>
  <title>
</title>
<meta http-equiv="Content-Type" content="text/html;charset=utf-8" />
  <meta name='ocr-system' content='tesseract 3.04.00' />
  <meta name='ocr-capabilities' content='ocr_page ocr_carea ocr_par ocr_line ocrx_word'/>
</head>
<body>
  <div class='ocr_page' id='page_1' title='image "./mtulliiciceroni18cicegoog_0412.png"; bbox 0 0 2640 4626; ppageno 0'>
   <div class='ocr_carea' id='block_1_1' title="bbox 97 120 879 226">
    <p class='ocr_par' dir='ltr' id='par_1_1' title="bbox 97 120 879 226">
     <span class='ocr_line' id='line_1_1' title="bbox 97 120 879 226; baseline -0.01 0"><span class='ocrx_word' id='word_1_1' title='bbox 97 156 161 226; x_wconf 79' lang='grc'><strong>399</strong></span> <span class='ocrx_word' id='word_1_2' title='bbox 274 120 279 129; x_wconf 42' lang='grc'>’</span> <span class='ocrx_word' id='word_1_3' title='bbox 385 160 629 221; x_wconf 72' lang='lat' dir='ltr'><strong>manascunt</strong></span> <span class='ocrx_word' id='word_1_4' title='bbox 646 167 688 217; x_wconf 80' lang='lat' dir='ltr'><strong>sc</strong></span> <span class='ocrx_word' id='word_1_5' title='bbox 705 167 879 218; x_wconf 82' lang='lat' dir='ltr'><strong>ncnmcn.</strong></span> 
     </span>
    </p>
   </div>
   <div class='ocr_carea' id='block_1_2' title="bbox 27 282 1198 3726">
    <p class='ocr_par' dir='ltr' id='par_1_2' title="bbox 27 282 1198 3726">
     <span class='ocr_line' id='line_1_2' title="bbox 98 282 1169 355; baseline -0.001 -18"><span class='ocrx_word' id='word_1_6' title='bbox 98 290 194 337; x_wconf 88' lang='lat' dir='ltr'><strong>Cetera</strong></span> <span class='ocrx_word' id='word_1_7' title='bbox 208 302 256 354; x_wconf 89' lang='lat' dir='ltr'><strong>pro</strong></span> <span class='ocrx_word' id='word_1_8' title='bbox 274 298 300 337; x_wconf 93' lang='lat' dir='ltr'><strong>et</strong></span> <span class='ocrx_word' id='word_1_9' title='bbox 317 297 413 335; x_wconf 86' lang='lat' dir='ltr'><strong>cetero.</strong></span> <span class='ocrx_word' id='word_1_10' title='bbox 423 302 457 355; x_wconf 79' lang='lat' dir='ltr'><strong>p.</strong></span> <span class='ocrx_word' id='word_1_11' title='bbox 472 289 531 344; x_wconf 83' lang='lat'><strong>297.</strong></span> <span class='ocrx_word' id='word_1_12' title='bbox 548 285 573 335; x_wconf 94' lang='lat' dir='ltr'><strong>b.</strong></span> <span class='ocrx_word' id='word_1_13' title='bbox 683 300 759 351; x_wconf 85' lang='lat' dir='ltr'><strong>saepe</strong></span> <span class='ocrx_word' id='word_1_14' title='bbox 772 283 879 352; x_wconf 76' lang='lat' dir='ltr'><strong>simplex</strong></span> <span class='ocrx_word' id='word_1_15' title='bbox 894 282 1039 335; x_wconf 85' lang='lat' dir='ltr'><strong>enunciatio</strong></span> <span class='ocrx_word' id='word_1_16' title='bbox 1053 285 1169 354; x_wconf 89' lang='lat' dir='ltr'><strong>ponitur.</strong></span> 
     </span>
     <span class='ocr_line' id='line_1_3' title="bbox 99 352 865 421; baseline -0.003 -17"><span class='ocrx_word' id='word_1_17' title='bbox 99 353 233 404; x_wconf 82' lang='lat' dir='ltr'><strong>Chiosmo.</strong></span> <span class='ocrx_word' id='word_1_18' title='bbox 251 373 276 421; x_wconf 92' lang='lat' dir='ltr'><strong>p.</strong></span> <span class='ocrx_word' id='word_1_19' title='bbox 292 360 350 413; x_wconf 88' lang='lat'><strong>151.</strong></span> <span class='ocrx_word' id='word_1_20' title='bbox 367 372 389 404; x_wconf 84' lang='lat' dir='ltr'><strong>a.</strong></span> <span class='ocrx_word' id='word_1_21' title='bbox 682 370 707 419; x_wconf 89' lang='lat' dir='ltr'><strong>p.</strong></span> <span class='ocrx_word' id='word_1_22' title='bbox 726 353 783 411; x_wconf 95' lang='grc'>164.</span> <span class='ocrx_word' id='word_1_23' title='bbox 801 368 823 402; x_wconf 82' lang='lat' dir='ltr'><strong>a.</strong></span> <span class='ocrx_word' id='word_1_24' title='bbox 840 352 865 402; x_wconf 92' lang='lat' dir='ltr'><strong>b.</strong></span> 
     </span>
     <span class='ocr_line' id='line_1_4' title="bbox 99 420 1169 490; baseline -0.001 -19"><span class='ocrx_word' id='word_1_25' title='bbox 99 421 223 471; x_wconf 87' lang='lat' dir='ltr'><strong>Cibarius</strong></span> <span class='ocrx_word' id='word_1_26' title='bbox 237 422 318 487; x_wconf 88' lang='lat' dir='ltr'><strong>panis.</strong></span> <span class='ocrx_word' id='word_1_27' title='bbox 336 441 360 490; x_wconf 89' lang='lat' dir='ltr'><strong>p.</strong></span> <span class='ocrx_word' id='word_1_28' title='bbox 378 425 436 479; x_wconf 91' lang='grc'>360.</span> <span class='ocrx_word' id='word_1_29' title='bbox 455 420 479 470; x_wconf 96' lang='lat' dir='ltr'><strong>b.</strong></span> <span class='ocrx_word' id='word_1_30' title='bbox 649 420 844 471; x_wconf 84' lang='lat' dir='ltr'><strong>Conditionalis</strong></span> <span class='ocrx_word' id='word_1_31' title='bbox 867 420 1060 470; x_wconf 88' lang='lat' dir='ltr'><strong>enunciationis</strong></span> <span class='ocrx_word' id='word_1_32' title='bbox 1077 421 1169 487; x_wconf 84' lang='lat' dir='ltr'><strong>singu-</strong></span> 
     </span>
     <span class='ocr_line' id='line_1_5' title="bbox 99 487 1169 566; baseline -0.002 -27"><span class='ocrx_word' id='word_1_33' title='bbox 99 490 191 539; x_wconf 85' lang='lat' dir='ltr'><strong>Cicero</strong></span> <span class='ocrx_word' id='word_1_34' title='bbox 203 507 217 539; x_wconf 87' lang='lat' dir='ltr'><strong>a</strong></span> <span class='ocrx_word' id='word_1_35' title='bbox 231 506 258 538; x_wconf 85' lang='lat' dir='ltr'><strong>se</strong></span> <span class='ocrx_word' id='word_1_36' title='bbox 270 488 326 557; x_wconf 89' lang='lat' dir='ltr'><strong>ipso</strong></span> <span class='ocrx_word' id='word_1_37' title='bbox 339 488 466 539; x_wconf 82' lang='lat' dir='ltr'><strong>dissentit.</strong></span> <span class='ocrx_word' id='word_1_38' title='bbox 484 506 510 557; x_wconf 90' lang='lat' dir='ltr'><strong>p.</strong></span> <span class='ocrx_word' id='word_1_39' title='bbox 522 491 580 546; x_wconf 87' lang='lat'><strong>187.</strong></span> <span class='ocrx_word' id='word_1_40' title='bbox 589 487 614 538; x_wconf 93' lang='lat' dir='ltr'><strong>b.</strong></span> <span class='ocrx_word' id='word_1_41' title='bbox 682 487 742 538; x_wconf 82' lang='lat' dir='ltr'><strong>laris</strong></span> <span class='ocrx_word' id='word_1_42' title='bbox 758 487 854 549; x_wconf 84' lang='lat' dir='ltr'><strong>lonna,</strong></span> <span class='ocrx_word' id='word_1_43' title='bbox 873 505 922 566; x_wconf 80' lang='lat' dir='ltr'><strong>qua</strong></span> <span class='ocrx_word' id='word_1_44' title='bbox 937 488 970 551; x_wconf 64' lang='lat' dir='ltr'><strong>im</strong></span> <span class='ocrx_word' id='word_1_45' title='bbox 977 487 1075 555; x_wconf 80' lang='lat' dir='ltr'><strong>protasi</strong></span> <span class='ocrx_word' id='word_1_46' title='bbox 1088 507 1169 555; x_wconf 88' lang='lat' dir='ltr'><strong>prae-</strong></span> 
     </span>
     <span class='ocr_line' id='line_1_6' title="bbox 99 555 1168 623; baseline -0.001 -17"><span class='ocrx_word' id='word_1_47' title='bbox 99 557 204 606; x_wconf 80' lang='lat' dir='ltr'><strong>Cineas.</strong></span> <span class='ocrx_word' id='word_1_48' title='bbox 221 575 246 623; x_wconf 91' lang='lat' dir='ltr'><strong>p.</strong></span> <span class='ocrx_word' id='word_1_49' title='bbox 262 560 303 614; x_wconf 88' lang='grc'><strong>94.</strong></span> <span class='ocrx_word' id='word_1_50' title='bbox 323 576 346 608; x_wconf 89' lang='lat' dir='ltr'><strong>a.</strong></span> <span class='ocrx_word' id='word_1_51' title='bbox 683 572 739 605; x_wconf 88' lang='lat' dir='ltr'><strong>sens</strong></span> <span class='ocrx_word' id='word_1_52' title='bbox 757 555 904 616; x_wconf 84' lang='lat' dir='ltr'><strong>indicativi,</strong></span> <span class='ocrx_word' id='word_1_53' title='bbox 927 555 954 604; x_wconf 86' lang='lat' dir='ltr'><strong>in</strong></span> <span class='ocrx_word' id='word_1_54' title='bbox 971 556 1078 622; x_wconf 89' lang='lat' dir='ltr'><strong>apodosi</strong></span> <span class='ocrx_word' id='word_1_55' title='bbox 1094 557 1168 623; x_wconf 91' lang='lat' dir='ltr'><strong>plus-</strong></span> 
     </span>
     <span class='ocr_line' id='line_1_7' title="bbox 100 621 1169 691; baseline -0.001 -17"><span class='ocrx_word' id='word_1_56' title='bbox 100 625 272 674; x_wconf 83' lang='lat' dir='ltr'><strong>Circttmdare</strong></span> <span class='ocrx_word' id='word_1_57' title='bbox 288 624 323 674; x_wconf 85' lang='lat' dir='ltr'><strong>ali</strong></span> <span class='ocrx_word' id='word_1_58' title='bbox 343 623 387 680; x_wconf 85' lang='lat' dir='ltr'><strong>nid</strong></span> <span class='ocrx_word' id='word_1_59' title='bbox 402 623 486 689; x_wconf 82' lang='lat' dir='ltr'><strong>aliqua</strong></span> <span class='ocrx_word' id='word_1_60' title='bbox 501 641 544 687; x_wconf 89' lang='lat' dir='ltr'><strong>re,</strong></span> <span class='ocrx_word' id='word_1_61' title='bbox 562 621 616 674; x_wconf 86' lang='lat' dir='ltr'><strong>cli-</strong></span> <span class='ocrx_word' id='word_1_62' title='bbox 683 624 897 690; x_wconf 84' lang='lat' dir='ltr'><strong>quamperlcctum</strong></span> <span class='ocrx_word' id='word_1_63' title='bbox 915 623 1072 673; x_wconf 84' lang='lat' dir='ltr'><strong>coniunctivi</strong></span> <span class='ocrx_word' id='word_1_64' title='bbox 1092 623 1169 691; x_wconf 90' lang='lat' dir='ltr'><strong>posi-</strong></span> 
     </span>
     <span class='ocr_line' id='line_1_8' title="bbox 134 643 948 761; baseline -0.002 -21"><span class='ocrx_word' id='word_1_65' title='bbox 134 691 176 741; x_wconf 90' lang='lat' dir='ltr'><strong>oui</strong></span> <span class='ocrx_word' id='word_1_66' title='bbox 192 691 230 740; x_wconf 90' lang='lat' dir='ltr'><strong>rei</strong></span> <span class='ocrx_word' id='word_1_67' title='bbox 247 643 354 761; x_wconf 79' lang='lat' dir='ltr'><strong>aliquid.</strong></span> <span class='ocrx_word' id='word_1_68' title='bbox 374 712 400 759; x_wconf 90' lang='lat' dir='ltr'><strong>p.</strong></span> <span class='ocrx_word' id='word_1_69' title='bbox 415 695 474 750; x_wconf 81' lang='grc'>340.</span> <span class='ocrx_word' id='word_1_70' title='bbox 493 708 515 740; x_wconf 87' lang='lat' dir='ltr'><strong>a.</strong></span> <span class='ocrx_word' id='word_1_71' title='bbox 682 700 737 739; x_wconf 79' lang='lat' dir='ltr'><strong>tum</strong></span> <span class='ocrx_word' id='word_1_72' title='bbox 755 700 802 739; x_wconf 86' lang='lat' dir='ltr'><strong>est.</strong></span> <span class='ocrx_word' id='word_1_73' title='bbox 820 709 846 757; x_wconf 90' lang='lat' dir='ltr'><strong>p.</strong></span> <span class='ocrx_word' id='word_1_74' title='bbox 864 695 906 750; x_wconf 89' lang='lat'><strong>97.</strong></span> <span class='ocrx_word' id='word_1_75' title='bbox 925 708 948 739; x_wconf 82' lang='lat' dir='ltr'><strong>a.</strong></span> 
     </span>
     <span class='ocr_line' id='line_1_9' title="bbox 99 758 1169 826; baseline -0.001 -18"><span class='ocrx_word' id='word_1_76' title='bbox 99 759 192 809; x_wconf 83' lang='lat' dir='ltr'><strong>Citare</strong></span> <span class='ocrx_word' id='word_1_77' title='bbox 205 775 253 826; x_wconf 85' lang='lat' dir='ltr'><strong>pro</strong></span> <span class='ocrx_word' id='word_1_78' title='bbox 269 760 395 809; x_wconf 83' lang='lat' dir='ltr'><strong>excitare.</strong></span> <span class='ocrx_word' id='word_1_79' title='bbox 412 777 438 825; x_wconf 93' lang='lat' dir='ltr'><strong>p.</strong></span> <span class='ocrx_word' id='word_1_80' title='bbox 452 764 512 816; x_wconf 87' lang='lat'><strong>212.</strong></span> <span class='ocrx_word' id='word_1_81' title='bbox 529 759 554 817; x_wconf 89' lang='lat' dir='ltr'><strong>b.</strong></span> <span class='ocrx_word' id='word_1_82' title='bbox 649 758 874 808; x_wconf 87' lang='lat' dir='ltr'><strong>Conditionalium</strong></span> <span class='ocrx_word' id='word_1_83' title='bbox 953 759 1169 808; x_wconf 74' lang='lat' dir='ltr'><strong>enunciationem</strong></span> 
     </span>
     <span class='ocr_line' id='line_1_10' title="bbox 99 825 1168 894; baseline -0.001 -18"><span class='ocrx_word' id='word_1_84' title='bbox 99 826 244 887; x_wconf 63' lang='lat' dir='ltr'><strong>elautae,</strong></span> <span class='ocrx_word' id='word_1_85' title='bbox 262 827 411 877; x_wconf 84' lang='lat' dir='ltr'><strong>claudicare.</strong></span> <span class='ocrx_word' id='word_1_86' title='bbox 429 846 455 894; x_wconf 88' lang='lat' dir='ltr'><strong>p.</strong></span> <span class='ocrx_word' id='word_1_87' title='bbox 471 831 529 885; x_wconf 84' lang='lat'><strong>321.</strong></span> <span class='ocrx_word' id='word_1_88' title='bbox 547 844 570 876; x_wconf 88' lang='lat' dir='ltr'><strong>a.</strong></span> <span class='ocrx_word' id='word_1_89' title='bbox 682 826 809 894; x_wconf 81' lang='lat' dir='ltr'><strong>praesenti</strong></span> <span class='ocrx_word' id='word_1_90' title='bbox 824 826 863 873; x_wconf 90' lang='lat' dir='ltr'><strong>vel</strong></span> <span class='ocrx_word' id='word_1_91' title='bbox 878 825 1007 892; x_wconf 82' lang='lat' dir='ltr'><strong>perfecto,</strong></span> <span class='ocrx_word' id='word_1_92' title='bbox 1028 837 1054 874; x_wconf 90' lang='lat' dir='ltr'><strong>et</strong></span> <span class='ocrx_word' id='word_1_93' title='bbox 1069 825 1168 892; x_wconf 89' lang='lat' dir='ltr'><strong>imper-</strong></span> 
     </span>
     <span class='ocr_line' id='line_1_11' title="bbox 99 892 1168 969; baseline 0 -27"><span class='ocrx_word' id='word_1_94' title='bbox 99 894 240 962; x_wconf 80' lang='lat' dir='ltr'><strong>Clepsisse.</strong></span> <span class='ocrx_word' id='word_1_95' title='bbox 256 913 282 963; x_wconf 88' lang='lat' dir='ltr'><strong>p.</strong></span> <span class='ocrx_word' id='word_1_96' title='bbox 300 898 357 952; x_wconf 91' lang='lat'><strong>160.</strong></span> <span class='ocrx_word' id='word_1_97' title='bbox 375 895 399 943; x_wconf 94' lang='lat' dir='ltr'><strong>b.</strong></span> <span class='ocrx_word' id='word_1_98' title='bbox 683 895 752 943; x_wconf 76' lang='lat' dir='ltr'><strong>fecto</strong></span> <span class='ocrx_word' id='word_1_99' title='bbox 768 893 807 941; x_wconf 90' lang='lat' dir='ltr'><strong>vel</strong></span> <span class='ocrx_word' id='word_1_100' title='bbox 824 892 1070 969; x_wconf 82' lang='lat' dir='ltr'><strong>plusquamperfecto</strong></span> <span class='ocrx_word' id='word_1_101' title='bbox 1081 894 1168 942; x_wconf 89' lang='lat' dir='ltr'><strong>deno-</strong></span> 
     </span>
     <span class='ocr_line' id='line_1_12' title="bbox 99 959 1168 1030; baseline 0 -20"><span class='ocrx_word' id='word_1_102' title='bbox 99 962 256 1030; x_wconf 82' lang='lat' dir='ltr'><strong>Clepsytlro.</strong></span> <span class='ocrx_word' id='word_1_103' title='bbox 274 981 300 1029; x_wconf 94' lang='lat' dir='ltr'><strong>p.</strong></span> <span class='ocrx_word' id='word_1_104' title='bbox 319 966 374 1019; x_wconf 88' lang='grc'>193.</span> <span class='ocrx_word' id='word_1_105' title='bbox 392 962 416 1011; x_wconf 87' lang='lat' dir='ltr'><strong>b.</strong></span> <span class='ocrx_word' id='word_1_106' title='bbox 682 970 791 1009; x_wconf 84' lang='lat' dir='ltr'><strong>tatarum</strong></span> <span class='ocrx_word' id='word_1_107' title='bbox 806 959 948 1022; x_wconf 77' lang='lat' dir='ltr'><strong>discrimen,</strong></span> <span class='ocrx_word' id='word_1_108' title='bbox 970 970 997 1009; x_wconf 91' lang='lat' dir='ltr'><strong>ut</strong></span> <span class='ocrx_word' id='word_1_109' title='bbox 1010 961 1098 1023; x_wconf 76' lang='lat' dir='ltr'><strong>velim,</strong></span> <span class='ocrx_word' id='word_1_110' title='bbox 1119 979 1168 1010; x_wconf 78' lang='lat' dir='ltr'><strong>vo-</strong></span> 
     </span>
     <span class='ocr_line' id='line_1_13' title="bbox 99 1027 1166 1096; baseline 0.001 -19"><span class='ocrx_word' id='word_1_111' title='bbox 99 1030 181 1079; x_wconf 84' lang='lat' dir='ltr'><strong>Claet.</strong></span> <span class='ocrx_word' id='word_1_112' title='bbox 199 1048 224 1096; x_wconf 92' lang='lat' dir='ltr'><strong>p.</strong></span> <span class='ocrx_word' id='word_1_113' title='bbox 242 1033 300 1087; x_wconf 90' lang='lat'><strong>160.</strong></span> <span class='ocrx_word' id='word_1_114' title='bbox 314 1030 338 1078; x_wconf 93' lang='grc'><strong>1).</strong></span> <span class='ocrx_word' id='word_1_115' title='bbox 682 1027 794 1082; x_wconf 70' lang='lat' dir='ltr'><strong>luerims</strong></span> <span class='ocrx_word' id='word_1_116' title='bbox 816 1027 923 1088; x_wconf 81' lang='lat' dir='ltr'><strong>nellem,</strong></span> <span class='ocrx_word' id='word_1_117' title='bbox 949 1028 1098 1078; x_wconf 82' lang='lat' dir='ltr'><strong>voluissem.</strong></span> <span class='ocrx_word' id='word_1_118' title='bbox 1135 1031 1166 1080; x_wconf 91' lang='lat' dir='ltr'><strong>V.</strong></span> 
     </span>
     <span class='ocr_line' id='line_1_14' title="bbox 99 1093 1133 1175; baseline 0.001 -30"><span class='ocrx_word' id='word_1_119' title='bbox 99 1097 179 1175; x_wconf 82' lang='lat' dir='ltr'><strong>Coepi</strong></span> <span class='ocrx_word' id='word_1_120' title='bbox 200 1105 226 1145; x_wconf 87' lang='lat' dir='ltr'><strong>et</strong></span> <span class='ocrx_word' id='word_1_121' title='bbox 248 1109 353 1164; x_wconf 83' lang='lat' dir='ltr'><strong>coeptus</strong></span> <span class='ocrx_word' id='word_1_122' title='bbox 377 1113 435 1145; x_wconf 85' lang='lat' dir='ltr'><strong>sum</strong></span> <span class='ocrx_word' id='word_1_123' title='bbox 451 1109 507 1146; x_wconf 85' lang='lat' dir='ltr'><strong>cum</strong></span> <span class='ocrx_word' id='word_1_124' title='bbox 526 1095 616 1147; x_wconf 87' lang='lat' dir='ltr'><strong>inlini·</strong></span> <span class='ocrx_word' id='word_1_125' title='bbox 682 1113 702 1144; x_wconf 89' lang='lat' dir='ltr'><strong>s.</strong></span> <span class='ocrx_word' id='word_1_126' title='bbox 718 1112 742 1144; x_wconf 85' lang='lat' dir='ltr'><strong>v.</strong></span> <span class='ocrx_word' id='word_1_127' title='bbox 761 1093 946 1163; x_wconf 80' lang='lat' dir='ltr'><strong>Imperfectum</strong></span> <span class='ocrx_word' id='word_1_128' title='bbox 961 1097 1133 1146; x_wconf 82' lang='lat' dir='ltr'><strong>conianctivi.</strong></span> 
     </span>
     <span class='ocr_line' id='line_1_15' title="bbox 40 1161 1167 1230; baseline 0.004 -21"><span class='ocrx_word' id='word_1_129' title='bbox 40 1204 41 1209; x_wconf 72' lang='grc'>,</span> <span class='ocrx_word' id='word_1_130' title='bbox 61 1181 65 1187; x_wconf 82' lang='grc'><strong>’</strong></span> <span class='ocrx_word' id='word_1_131' title='bbox 132 1173 186 1213; x_wconf 81' lang='lat' dir='ltr'><strong>tivo</strong></span> <span class='ocrx_word' id='word_1_132' title='bbox 203 1161 297 1213; x_wconf 88' lang='lat' dir='ltr'><strong>iuncta.</strong></span> <span class='ocrx_word' id='word_1_133' title='bbox 315 1182 340 1230; x_wconf 93' lang='lat' dir='ltr'><strong>p.</strong></span> <span class='ocrx_word' id='word_1_134' title='bbox 357 1167 398 1221; x_wconf 87' lang='grc'><strong>69.</strong></span> <span class='ocrx_word' id='word_1_135' title='bbox 432 1166 464 1213; x_wconf 87' lang='lat' dir='ltr'><strong>V.</strong></span> <span class='ocrx_word' id='word_1_136' title='bbox 480 1165 509 1214; x_wconf 88' lang='lat'><strong>1..</strong></span> <span class='ocrx_word' id='word_1_137' title='bbox 649 1163 792 1228; x_wconf 80' lang='lat' dir='ltr'><strong>Confidens</strong></span> <span class='ocrx_word' id='word_1_138' title='bbox 808 1173 835 1211; x_wconf 87' lang='lat' dir='ltr'><strong>et</strong></span> <span class='ocrx_word' id='word_1_139' title='bbox 852 1163 985 1227; x_wconf 77' lang='lat' dir='ltr'><strong>considere</strong></span> <span class='ocrx_word' id='word_1_140' title='bbox 1007 1164 1107 1216; x_wconf 85' lang='lat' dir='ltr'><strong>diversa</strong></span> <span class='ocrx_word' id='word_1_141' title='bbox 1129 1163 1167 1214; x_wconf 88' lang='lat' dir='ltr'><strong>si-</strong></span> 
     </span>
     <span class='ocr_line' id='line_1_16' title="bbox 99 1229 1166 1300; baseline 0 -19"><span class='ocrx_word' id='word_1_142' title='bbox 99 1231 239 1300; x_wconf 84' lang='lat' dir='ltr'><strong>Cogitare,</strong></span> <span class='ocrx_word' id='word_1_143' title='bbox 258 1243 286 1279; x_wconf 88' lang='lat' dir='ltr'><strong>ut</strong></span> <span class='ocrx_word' id='word_1_144' title='bbox 299 1259 332 1268; x_wconf 89' lang='lat'>—</span> <span class='ocrx_word' id='word_1_145' title='bbox 348 1231 407 1298; x_wconf 88' lang='lat' dir='ltr'><strong>quid</strong></span> <span class='ocrx_word' id='word_1_146' title='bbox 423 1230 524 1281; x_wconf 84' lang='lat' dir='ltr'><strong>differat</strong></span> <span class='ocrx_word' id='word_1_147' title='bbox 540 1249 555 1281; x_wconf 92' lang='lat' dir='ltr'><strong>a</strong></span> <span class='ocrx_word' id='word_1_148' title='bbox 569 1249 615 1280; x_wconf 91' lang='lat' dir='ltr'><strong>co-</strong></span> <span class='ocrx_word' id='word_1_149' title='bbox 682 1229 845 1295; x_wconf 82' lang='lat' dir='ltr'><strong>gnilicationc</strong></span> <span class='ocrx_word' id='word_1_150' title='bbox 863 1241 1000 1296; x_wconf 89' lang='lat' dir='ltr'><strong>ponuntur.</strong></span> <span class='ocrx_word' id='word_1_151' title='bbox 1018 1250 1044 1298; x_wconf 94' lang='lat' dir='ltr'><strong>p.</strong></span> <span class='ocrx_word' id='word_1_152' title='bbox 1061 1235 1123 1288; x_wconf 86' lang='lat'><strong>206.</strong></span> <span class='ocrx_word' id='word_1_153' title='bbox 1142 1232 1166 1281; x_wconf 90' lang='lat' dir='ltr'><strong>b.</strong></span> 
     </span>
     <span class='ocr_line' id='line_1_17' title="bbox 107 1297 1166 1373; baseline 0.001 -26"><span class='ocrx_word' id='word_1_154' title='bbox 107 1328 112 1335; x_wconf 94' lang='lat'>·</span> <span class='ocrx_word' id='word_1_155' title='bbox 131 1299 221 1367; x_wconf 84' lang='lat' dir='ltr'><strong>gitore</strong></span> <span class='ocrx_word' id='word_1_156' title='bbox 236 1316 293 1347; x_wconf 87' lang='lat' dir='ltr'><strong>curn</strong></span> <span class='ocrx_word' id='word_1_157' title='bbox 309 1298 454 1349; x_wconf 85' lang='lat' dir='ltr'><strong>accusativo</strong></span> <span class='ocrx_word' id='word_1_158' title='bbox 476 1317 533 1349; x_wconf 84' lang='lat' dir='ltr'><strong>cunr</strong></span> <span class='ocrx_word' id='word_1_159' title='bbox 555 1299 616 1348; x_wconf 87' lang='lat' dir='ltr'><strong>iali-</strong></span> <span class='ocrx_word' id='word_1_160' title='bbox 648 1298 777 1362; x_wconf 84' lang='lat' dir='ltr'><strong>Confiteri</strong></span> <span class='ocrx_word' id='word_1_161' title='bbox 799 1309 825 1348; x_wconf 89' lang='lat' dir='ltr'><strong>et</strong></span> <span class='ocrx_word' id='word_1_162' title='bbox 847 1298 972 1365; x_wconf 83' lang='lat' dir='ltr'><strong>profiteri</strong></span> <span class='ocrx_word' id='word_1_163' title='bbox 997 1298 1061 1373; x_wconf 83' lang='lat' dir='ltr'><strong>quid</strong></span> <span class='ocrx_word' id='word_1_164' title='bbox 1086 1297 1166 1349; x_wconf 81' lang='lat' dir='ltr'><strong>diffe-</strong></span> 
     </span>
     <span class='ocr_line' id='line_1_18' title="bbox 132 1364 889 1432; baseline -0.003 -17"><span class='ocrx_word' id='word_1_165' title='bbox 132 1364 225 1415; x_wconf 88' lang='lat' dir='ltr'><strong>nitivo.</strong></span> <span class='ocrx_word' id='word_1_166' title='bbox 243 1382 268 1432; x_wconf 89' lang='lat' dir='ltr'><strong>p.</strong></span> <span class='ocrx_word' id='word_1_167' title='bbox 283 1369 324 1425; x_wconf 85' lang='lat'><strong>72,</strong></span> <span class='ocrx_word' id='word_1_168' title='bbox 342 1367 367 1416; x_wconf 93' lang='lat' dir='ltr'><strong>b.</strong></span> <span class='ocrx_word' id='word_1_169' title='bbox 681 1375 748 1415; x_wconf 86' lang='lat' dir='ltr'><strong>rant.</strong></span> <span class='ocrx_word' id='word_1_170' title='bbox 766 1384 789 1432; x_wconf 95' lang='lat' dir='ltr'><strong>p.</strong></span> <span class='ocrx_word' id='word_1_171' title='bbox 807 1370 848 1423; x_wconf 91' lang='grc'><strong>60.</strong></span> <span class='ocrx_word' id='word_1_172' title='bbox 866 1383 889 1414; x_wconf 87' lang='lat' dir='ltr'><strong>a.</strong></span> 
     </span>
     <span class='ocr_line' id='line_1_19' title="bbox 99 1431 1198 1547; baseline 0.004 -66"><span class='ocrx_word' id='word_1_173' title='bbox 99 1435 261 1547; x_wconf 80' lang='lat' dir='ltr'><strong>Cognoscere</strong></span> <span class='ocrx_word' id='word_1_174' title='bbox 278 1443 304 1482; x_wconf 84' lang='lat' dir='ltr'><strong>et</strong></span> <span class='ocrx_word' id='word_1_175' title='bbox 319 1449 463 1503; x_wconf 72' lang='lat' dir='ltr'><strong>agnoscere</strong></span> <span class='ocrx_word' id='word_1_176' title='bbox 483 1433 543 1502; x_wconf 87' lang='lat' dir='ltr'><strong>quid</strong></span> <span class='ocrx_word' id='word_1_177' title='bbox 559 1433 615 1483; x_wconf 85' lang='lat' dir='ltr'><strong>dif-</strong></span> <span class='ocrx_word' id='word_1_178' title='bbox 648 1436 823 1500; x_wconf 67' lang='lat' dir='ltr'><strong>Conlunilere,</strong></span> <span class='ocrx_word' id='word_1_179' title='bbox 841 1431 1002 1497; x_wconf 83' lang='lat' dir='ltr'><strong>coniungere.</strong></span> <span class='ocrx_word' id='word_1_180' title='bbox 1019 1451 1046 1500; x_wconf 90' lang='lat' dir='ltr'><strong>p.</strong></span> <span class='ocrx_word' id='word_1_181' title='bbox 1056 1437 1099 1491; x_wconf 88' lang='lat'><strong>65.</strong></span> <span class='ocrx_word' id='word_1_182' title='bbox 1110 1450 1134 1483; x_wconf 84' lang='lat' dir='ltr'><strong>a.</strong></span> <span class='ocrx_word' id='word_1_183' title='bbox 1143 1434 1166 1483; x_wconf 93' lang='lat' dir='ltr'><strong>b.</strong></span> <span class='ocrx_word' id='word_1_184' title='bbox 1195 1478 1198 1485; x_wconf 89' lang='lat'><strong>.</strong></span> 
     </span>
     <span class='ocr_line' id='line_1_20' title="bbox 143 1498 1165 1568; baseline 0.002 -20"><span class='ocrx_word' id='word_1_185' title='bbox 143 1510 223 1549; x_wconf 87' lang='lat' dir='ltr'><strong>erant.</strong></span> <span class='ocrx_word' id='word_1_186' title='bbox 242 1518 266 1566; x_wconf 97' lang='lat' dir='ltr'><strong>p.</strong></span> <span class='ocrx_word' id='word_1_187' title='bbox 283 1504 323 1557; x_wconf 86' lang='grc'><strong>93.</strong></span> <span class='ocrx_word' id='word_1_188' title='bbox 341 1520 364 1551; x_wconf 92' lang='lat' dir='ltr'><strong>a.</strong></span> <span class='ocrx_word' id='word_1_189' title='bbox 647 1502 835 1553; x_wconf 81' lang='lat' dir='ltr'><strong>Coniunctioas</strong></span> <span class='ocrx_word' id='word_1_190' title='bbox 850 1498 1002 1550; x_wconf 83' lang='lat' dir='ltr'><strong>exhortandi</strong></span> <span class='ocrx_word' id='word_1_191' title='bbox 1015 1499 1041 1549; x_wconf 87' lang='lat' dir='ltr'><strong>vi</strong></span> <span class='ocrx_word' id='word_1_192' title='bbox 1056 1499 1165 1568; x_wconf 86' lang='lat' dir='ltr'><strong>positus.</strong></span> 
     </span>
     <span class='ocr_line' id='line_1_21' title="bbox 99 1566 820 1635; baseline 0.001 -20"><span class='ocrx_word' id='word_1_193' title='bbox 99 1567 260 1629; x_wconf 80' lang='lat' dir='ltr'><strong>Colraerere,</strong></span> <span class='ocrx_word' id='word_1_194' title='bbox 278 1568 424 1618; x_wconf 86' lang='lat' dir='ltr'><strong>consistere.</strong></span> <span class='ocrx_word' id='word_1_195' title='bbox 442 1587 468 1635; x_wconf 93' lang='lat' dir='ltr'><strong>p.</strong></span> <span class='ocrx_word' id='word_1_196' title='bbox 483 1572 543 1626; x_wconf 83' lang='grc'>236.</span> <span class='ocrx_word' id='word_1_197' title='bbox 562 1566 587 1617; x_wconf 92' lang='lat' dir='ltr'><strong>b.</strong></span> <span class='ocrx_word' id='word_1_198' title='bbox 682 1586 707 1634; x_wconf 89' lang='lat' dir='ltr'><strong>p.</strong></span> <span class='ocrx_word' id='word_1_199' title='bbox 726 1571 781 1632; x_wconf 85' lang='grc'>148.</span> <span class='ocrx_word' id='word_1_200' title='bbox 798 1586 820 1625; x_wconf 68' lang='lat' dir='ltr'><strong>a,</strong></span> 
     </span>
     <span class='ocr_line' id='line_1_22' title="bbox 98 1633 1165 1696; baseline 0.003 -14"><span class='ocrx_word' id='word_1_201' title='bbox 98 1634 225 1696; x_wconf 78' lang='lat' dir='ltr'><strong>Collatia,</strong></span> <span class='ocrx_word' id='word_1_202' title='bbox 277 1635 411 1685; x_wconf 88' lang='lat' dir='ltr'><strong>notionum</strong></span> <span class='ocrx_word' id='word_1_203' title='bbox 460 1635 613 1685; x_wconf 88' lang='lat' dir='ltr'><strong>coniunctio.</strong></span> <span class='ocrx_word' id='word_1_204' title='bbox 648 1636 836 1685; x_wconf 81' lang='lat' dir='ltr'><strong>Coniunctivas</strong></span> <span class='ocrx_word' id='word_1_205' title='bbox 853 1643 879 1684; x_wconf 86' lang='lat' dir='ltr'><strong>et</strong></span> <span class='ocrx_word' id='word_1_206' title='bbox 893 1635 1058 1685; x_wconf 79' lang='lat' dir='ltr'><strong>indicativus</strong></span> <span class='ocrx_word' id='word_1_207' title='bbox 1074 1633 1165 1685; x_wconf 87' lang='lat' dir='ltr'><strong>iuncti.</strong></span> 
     </span>
     <span class='ocr_line' id='line_1_23' title="bbox 111 1702 1096 1770; baseline 0.002 -11"><span class='ocrx_word' id='word_1_208' title='bbox 111 1720 157 1770; x_wconf 63' lang='grc' dir='ltr'>«Ρ.</span> <span class='ocrx_word' id='word_1_209' title='bbox 172 1707 231 1760; x_wconf 79' lang='lat'>355·</span> <span class='ocrx_word' id='word_1_210' title='bbox 248 1720 271 1751; x_wconf 81' lang='lat' dir='ltr'><strong>a·</strong></span> <span class='ocrx_word' id='word_1_211' title='bbox 681 1721 708 1770; x_wconf 87' lang='lat' dir='ltr'><strong>p.</strong></span> <span class='ocrx_word' id='word_1_212' title='bbox 728 1708 783 1761; x_wconf 75' lang='lat'><strong>152·</strong></span> <span class='ocrx_word' id='word_1_213' title='bbox 800 1702 825 1755; x_wconf 89' lang='lat' dir='ltr'><strong>b·</strong></span> <span class='ocrx_word' id='word_1_214' title='bbox 1094 1763 1096 1766; x_wconf 75' lang='grc'><strong>,</strong></span> 
     </span>
     <span class='ocr_line' id='line_1_24' title="bbox 98 1769 1165 1840; baseline 0.002 -22"><span class='ocrx_word' id='word_1_215' title='bbox 98 1770 230 1840; x_wconf 83' lang='lat' dir='ltr'><strong>Colligere</strong></span> <span class='ocrx_word' id='word_1_216' title='bbox 256 1770 338 1819; x_wconf 85' lang='lat' dir='ltr'><strong>multo</strong></span> <span class='ocrx_word' id='word_1_217' title='bbox 360 1771 430 1819; x_wconf 81' lang='lat' dir='ltr'><strong>vitia</strong></span> <span class='ocrx_word' id='word_1_218' title='bbox 452 1769 482 1819; x_wconf 88' lang='lat' dir='ltr'><strong>in</strong></span> <span class='ocrx_word' id='word_1_219' title='bbox 501 1770 615 1838; x_wconf 83' lang='lat' dir='ltr'><strong>aliquem</strong></span> <span class='ocrx_word' id='word_1_220' title='bbox 648 1771 836 1826; x_wconf 85' lang='lat' dir='ltr'><strong>Coniunctivos</strong></span> <span class='ocrx_word' id='word_1_221' title='bbox 851 1787 899 1840; x_wconf 86' lang='lat' dir='ltr'><strong>pro</strong></span> <span class='ocrx_word' id='word_1_222' title='bbox 916 1770 1027 1819; x_wconf 90' lang='lat' dir='ltr'><strong>concedo</strong></span> <span class='ocrx_word' id='word_1_223' title='bbox 1043 1787 1102 1819; x_wconf 90' lang='lat' dir='ltr'><strong>cnm</strong></span> <span class='ocrx_word' id='word_1_224' title='bbox 1120 1788 1165 1820; x_wconf 87' lang='lat' dir='ltr'><strong>ac-</strong></span> 
     </span>
     <span class='ocr_line' id='line_1_25' title="bbox 131 1837 1164 1904; baseline 0.002 -19"><span class='ocrx_word' id='word_1_225' title='bbox 131 1837 282 1903; x_wconf 84' lang='lat' dir='ltr'><strong>praegnanti</strong></span> <span class='ocrx_word' id='word_1_226' title='bbox 298 1837 484 1903; x_wconf 82' lang='lat' dir='ltr'><strong>significatione</strong></span> <span class='ocrx_word' id='word_1_227' title='bbox 498 1854 559 1904; x_wconf 91' lang='lat' dir='ltr'><strong>pro:</strong></span> <span class='ocrx_word' id='word_1_228' title='bbox 585 1839 614 1887; x_wconf 89' lang='lat' dir='ltr'><strong>in</strong></span> <span class='ocrx_word' id='word_1_229' title='bbox 682 1837 796 1887; x_wconf 85' lang='lat' dir='ltr'><strong>cusativo</strong></span> <span class='ocrx_word' id='word_1_230' title='bbox 815 1848 843 1885; x_wconf 88' lang='lat' dir='ltr'><strong>et</strong></span> <span class='ocrx_word' id='word_1_231' title='bbox 860 1837 997 1889; x_wconf 85' lang='lat' dir='ltr'><strong>infinitivo.</strong></span> <span class='ocrx_word' id='word_1_232' title='bbox 1015 1856 1042 1904; x_wconf 92' lang='lat' dir='ltr'><strong>p.</strong></span> <span class='ocrx_word' id='word_1_233' title='bbox 1061 1842 1124 1895; x_wconf 84' lang='lat'><strong>293.</strong></span> <span class='ocrx_word' id='word_1_234' title='bbox 1140 1839 1164 1888; x_wconf 93' lang='lat' dir='ltr'><strong>b.</strong></span> 
     </span>
     <span class='ocr_line' id='line_1_26' title="bbox 131 1905 782 1971; baseline 0.005 -19"><span class='ocrx_word' id='word_1_235' title='bbox 131 1905 227 1971; x_wconf 82' lang='lat' dir='ltr'><strong>aliquo.</strong></span> <span class='ocrx_word' id='word_1_236' title='bbox 246 1923 271 1971; x_wconf 93' lang='lat' dir='ltr'><strong>p.</strong></span> <span class='ocrx_word' id='word_1_237' title='bbox 287 1909 346 1962; x_wconf 71' lang='grc'>301.</span> <span class='ocrx_word' id='word_1_238' title='bbox 365 1922 386 1954; x_wconf 81' lang='lat' dir='ltr'><strong>a.</strong></span> <span class='ocrx_word' id='word_1_239' title='bbox 403 1906 428 1954; x_wconf 89' lang='lat' dir='ltr'><strong>b.</strong></span> <span class='ocrx_word' id='word_1_240' title='bbox 681 1909 739 1963; x_wconf 78' lang='grc'>994.</span> <span class='ocrx_word' id='word_1_241' title='bbox 758 1907 782 1955; x_wconf 89' lang='lat' dir='ltr'><strong>b.</strong></span> 
     </span>
     <span class='ocr_line' id='line_1_27' title="bbox 97 1964 1164 2040; baseline 0.003 -21"><span class='ocrx_word' id='word_1_242' title='bbox 97 1971 239 2021; x_wconf 70' lang='lat' dir='ltr'><strong>collocatio</strong></span> <span class='ocrx_word' id='word_1_243' title='bbox 254 1964 398 2022; x_wconf 79' lang='lat' dir='ltr'><strong>nerbcr‘um.</strong></span> <span class='ocrx_word' id='word_1_244' title='bbox 434 1973 491 2021; x_wconf 81' lang='lat' dir='ltr'><strong>Vox</strong></span> <span class='ocrx_word' id='word_1_245' title='bbox 506 1968 533 2021; x_wconf 91' lang='lat' dir='ltr'><strong>in</strong></span> <span class='ocrx_word' id='word_1_246' title='bbox 549 1971 615 2021; x_wconf 88' lang='lat' dir='ltr'><strong>ulti·</strong></span> <span class='ocrx_word' id='word_1_247' title='bbox 648 1974 851 2033; x_wconf 67' lang='lat' dir='ltr'><strong>Contaminata,</strong></span> <span class='ocrx_word' id='word_1_248' title='bbox 877 1989 953 2040; x_wconf 88' lang='lat' dir='ltr'><strong>quum</strong></span> <span class='ocrx_word' id='word_1_249' title='bbox 976 1990 1016 2023; x_wconf 88' lang='lat' dir='ltr'><strong>res</strong></span> <span class='ocrx_word' id='word_1_250' title='bbox 1041 1989 1073 2022; x_wconf 84' lang='lat' dir='ltr'><strong>ex</strong></span> <span class='ocrx_word' id='word_1_251' title='bbox 1100 1971 1164 2022; x_wconf 82' lang='lat' dir='ltr'><strong>alius</strong></span> 
     </span>
     <span class='ocr_line' id='line_1_28' title="bbox 131 2036 1079 2105; baseline 0.002 -18"><span class='ocrx_word' id='word_1_252' title='bbox 131 2056 171 2088; x_wconf 86' lang='lat' dir='ltr'><strong>ma</strong></span> <span class='ocrx_word' id='word_1_253' title='bbox 198 2036 385 2089; x_wconf 79' lang='lat' dir='ltr'><strong>enunciationis</strong></span> <span class='ocrx_word' id='word_1_254' title='bbox 414 2039 473 2088; x_wconf 88' lang='lat' dir='ltr'><strong>sede</strong></span> <span class='ocrx_word' id='word_1_255' title='bbox 502 2039 614 2105; x_wconf 89' lang='lat' dir='ltr'><strong>ponitur,</strong></span> <span class='ocrx_word' id='word_1_256' title='bbox 682 2050 766 2090; x_wconf 83' lang='lat' dir='ltr'><strong>mente</strong></span> <span class='ocrx_word' id='word_1_257' title='bbox 783 2039 918 2089; x_wconf 90' lang='lat' dir='ltr'><strong>indicatur.</strong></span> <span class='ocrx_word' id='word_1_258' title='bbox 938 2057 963 2105; x_wconf 92' lang='lat' dir='ltr'><strong>p.</strong></span> <span class='ocrx_word' id='word_1_259' title='bbox 978 2042 1038 2102; x_wconf 83' lang='lat'><strong>341.</strong></span> <span class='ocrx_word' id='word_1_260' title='bbox 1053 2039 1079 2089; x_wconf 95' lang='lat' dir='ltr'><strong>b.</strong></span> 
     </span>
     <span class='ocr_line' id='line_1_29' title="bbox 130 2106 1162 2175; baseline 0.002 -21"><span class='ocrx_word' id='word_1_261' title='bbox 130 2106 188 2155; x_wconf 89' lang='lat' dir='ltr'><strong>siin</strong></span> <span class='ocrx_word' id='word_1_262' title='bbox 202 2124 231 2156; x_wconf 90' lang='lat' dir='ltr'><strong>ea</strong></span> <span class='ocrx_word' id='word_1_263' title='bbox 242 2124 333 2172; x_wconf 87' lang='lat' dir='ltr'><strong>magna</strong></span> <span class='ocrx_word' id='word_1_264' title='bbox 344 2106 383 2156; x_wconf 85' lang='lat' dir='ltr'><strong>vis</strong></span> <span class='ocrx_word' id='word_1_265' title='bbox 395 2107 470 2156; x_wconf 90' lang='lat' dir='ltr'><strong>inest.</strong></span> <span class='ocrx_word' id='word_1_266' title='bbox 487 2126 512 2175; x_wconf 90' lang='lat' dir='ltr'><strong>p.</strong></span> <span class='ocrx_word' id='word_1_267' title='bbox 524 2112 579 2163; x_wconf 86' lang='lat'><strong>152.</strong></span> <span class='ocrx_word' id='word_1_268' title='bbox 588 2107 613 2156; x_wconf 95' lang='lat' dir='ltr'><strong>b.</strong></span> <span class='ocrx_word' id='word_1_269' title='bbox 648 2109 835 2163; x_wconf 83' lang='lat' dir='ltr'><strong>Coniunctivtts</strong></span> <span class='ocrx_word' id='word_1_270' title='bbox 854 2106 994 2174; x_wconf 86' lang='lat' dir='ltr'><strong>praesentis</strong></span> <span class='ocrx_word' id='word_1_271' title='bbox 1019 2117 1046 2162; x_wconf 84' lang='lat' dir='ltr'><strong>et</strong></span> <span class='ocrx_word' id='word_1_272' title='bbox 1067 2106 1162 2175; x_wconf 86' lang='lat' dir='ltr'><strong>imper·</strong></span> 
     </span>
     <span class='ocr_line' id='line_1_30' title="bbox 97 2173 1161 2242; baseline 0.002 -20"><span class='ocrx_word' id='word_1_273' title='bbox 97 2175 240 2223; x_wconf 90' lang='lat' dir='ltr'><strong>Collocatio</strong></span> <span class='ocrx_word' id='word_1_274' title='bbox 302 2173 439 2224; x_wconf 83' lang='lat' dir='ltr'><strong>verboram</strong></span> <span class='ocrx_word' id='word_1_275' title='bbox 503 2175 614 2240; x_wconf 75' lang='lat' dir='ltr'><strong>elegans.</strong></span> <span class='ocrx_word' id='word_1_276' title='bbox 681 2175 783 2231; x_wconf 84' lang='lat' dir='ltr'><strong>fectiin</strong></span> <span class='ocrx_word' id='word_1_277' title='bbox 799 2174 903 2242; x_wconf 80' lang='lat' dir='ltr'><strong>optatis.</strong></span> <span class='ocrx_word' id='word_1_278' title='bbox 922 2193 947 2241; x_wconf 88' lang='lat' dir='ltr'><strong>p.</strong></span> <span class='ocrx_word' id='word_1_279' title='bbox 961 2177 1021 2232; x_wconf 88' lang='grc'>342.</span> <span class='ocrx_word' id='word_1_280' title='bbox 1037 2192 1060 2232; x_wconf 83' lang='lat' dir='ltr'><strong>a,</strong></span> <span class='ocrx_word' id='word_1_281' title='bbox 1076 2175 1101 2224; x_wconf 94' lang='lat' dir='ltr'><strong>b.</strong></span> <span class='ocrx_word' id='word_1_282' title='bbox 1125 2175 1161 2224; x_wconf 83' lang='lat' dir='ltr'><strong>Cf.</strong></span> 
     </span>
     <span class='ocr_line' id='line_1_31' title="bbox 130 2241 1130 2311; baseline 0.002 -21"><span class='ocrx_word' id='word_1_283' title='bbox 130 2259 156 2307; x_wconf 92' lang='lat' dir='ltr'><strong>p.</strong></span> <span class='ocrx_word' id='word_1_284' title='bbox 172 2245 228 2298; x_wconf 89' lang='lat'><strong>187.</strong></span> <span class='ocrx_word' id='word_1_285' title='bbox 245 2241 270 2290; x_wconf 91' lang='lat' dir='ltr'><strong>b.</strong></span> <span class='ocrx_word' id='word_1_286' title='bbox 596 2249 599 2255; x_wconf 87' lang='lat'>&#39;</span> <span class='ocrx_word' id='word_1_287' title='bbox 680 2261 700 2292; x_wconf 93' lang='lat' dir='ltr'><strong>s.</strong></span> <span class='ocrx_word' id='word_1_288' title='bbox 719 2260 741 2292; x_wconf 89' lang='lat' dir='ltr'><strong>v.</strong></span> <span class='ocrx_word' id='word_1_289' title='bbox 761 2242 946 2311; x_wconf 76' lang='lat' dir='ltr'><strong>imperfectum</strong></span> <span class='ocrx_word' id='word_1_290' title='bbox 959 2243 1130 2296; x_wconf 85' lang='lat' dir='ltr'><strong>coniunctivi.</strong></span> 
     </span>
     <span class='ocr_line' id='line_1_32' title="bbox 97 2307 1163 2371; baseline 0.001 -14"><span class='ocrx_word' id='word_1_291' title='bbox 97 2309 240 2358; x_wconf 70' lang='lat' dir='ltr'><strong>collocatio</strong></span> <span class='ocrx_word' id='word_1_292' title='bbox 253 2307 398 2366; x_wconf 78' lang='lat' dir='ltr'><strong>verboram.</strong></span> <span class='ocrx_word' id='word_1_293' title='bbox 429 2308 613 2358; x_wconf 82' lang='lat' dir='ltr'><strong>Eademrerba</strong></span> <span class='ocrx_word' id='word_1_294' title='bbox 647 2313 814 2371; x_wconf 80' lang='lat' dir='ltr'><strong>Consectari,</strong></span> <span class='ocrx_word' id='word_1_295' title='bbox 846 2309 974 2364; x_wconf 86' lang='lat' dir='ltr'><strong>contentis</strong></span> <span class='ocrx_word' id='word_1_296' title='bbox 999 2308 1097 2358; x_wconf 88' lang='lat' dir='ltr'><strong>viribus</strong></span> <span class='ocrx_word' id='word_1_297' title='bbox 1121 2326 1163 2358; x_wconf 87' lang='lat' dir='ltr'><strong>se·</strong></span> 
     </span>
     <span class='ocr_line' id='line_1_33' title="bbox 130 2375 952 2445; baseline 0.002 -21"><span class='ocrx_word' id='word_1_298' title='bbox 130 2375 280 2441; x_wconf 87' lang='lat' dir='ltr'><strong>iunguntur,</strong></span> <span class='ocrx_word' id='word_1_299' title='bbox 313 2386 355 2424; x_wconf 85' lang='lat' dir='ltr'><strong>ut:</strong></span> <span class='ocrx_word' id='word_1_300' title='bbox 387 2376 508 2442; x_wconf 81' lang='lat' dir='ltr'><strong>&#39;quamdiu</strong></span> <span class='ocrx_word' id='word_1_301' title='bbox 534 2377 611 2437; x_wconf 79' lang='lat' dir='ltr'><strong>vixit,</strong></span> <span class='ocrx_word' id='word_1_302' title='bbox 681 2377 753 2427; x_wconf 77' lang='lat' dir='ltr'><strong>clari.</strong></span> <span class='ocrx_word' id='word_1_303' title='bbox 771 2397 796 2445; x_wconf 93' lang='lat' dir='ltr'><strong>p.</strong></span> <span class='ocrx_word' id='word_1_304' title='bbox 815 2381 870 2437; x_wconf 83' lang='lat'><strong>198.</strong></span> <span class='ocrx_word' id='word_1_305' title='bbox 889 2395 911 2427; x_wconf 84' lang='lat' dir='ltr'><strong>a.</strong></span> <span class='ocrx_word' id='word_1_306' title='bbox 926 2377 952 2426; x_wconf 93' lang='lat' dir='ltr'><strong>b.</strong></span> 
     </span>
     <span class='ocr_line' id='line_1_34' title="bbox 114 2443 1139 2509; baseline 0.002 -17"><span class='ocrx_word' id='word_1_307' title='bbox 114 2444 199 2492; x_wconf 62' lang='lat' dir='ltr'><strong>‘vixit</strong></span> <span class='ocrx_word' id='word_1_308' title='bbox 211 2443 237 2491; x_wconf 89' lang='lat' dir='ltr'><strong>in</strong></span> <span class='ocrx_word' id='word_1_309' title='bbox 250 2443 329 2493; x_wconf 91' lang='lat' dir='ltr'><strong>luctu.</strong></span> <span class='ocrx_word' id='word_1_310' title='bbox 348 2460 374 2509; x_wconf 92' lang='lat' dir='ltr'><strong>p.</strong></span> <span class='ocrx_word' id='word_1_311' title='bbox 388 2445 448 2500; x_wconf 82' lang='grc'>245.</span> <span class='ocrx_word' id='word_1_312' title='bbox 463 2444 531 2492; x_wconf 91' lang='lat' dir='ltr'><strong>b.-</strong></span> <span class='ocrx_word' id='word_1_313' title='bbox 550 2444 613 2492; x_wconf 90' lang='lat' dir='ltr'><strong>Col·</strong></span> <span class='ocrx_word' id='word_1_314' title='bbox 647 2449 844 2499; x_wconf 81' lang='lat' dir='ltr'><strong>Consenescere.</strong></span> <span class='ocrx_word' id='word_1_315' title='bbox 869 2446 901 2494; x_wconf 91' lang='lat' dir='ltr'><strong>V.</strong></span> <span class='ocrx_word' id='word_1_316' title='bbox 917 2462 936 2493; x_wconf 92' lang='lat' dir='ltr'><strong>s.</strong></span> <span class='ocrx_word' id='word_1_317' title='bbox 953 2461 977 2492; x_wconf 84' lang='lat' dir='ltr'><strong>v.</strong></span> <span class='ocrx_word' id='word_1_318' title='bbox 994 2460 1139 2495; x_wconf 85' lang='lat' dir='ltr'><strong>senescere.</strong></span> 
     </span>
     <span class='ocr_line' id='line_1_35' title="bbox 129 2509 1085 2589; baseline 0 -29"><span class='ocrx_word' id='word_1_319' title='bbox 129 2509 226 2560; x_wconf 84' lang='lat' dir='ltr'><strong>locatio</strong></span> <span class='ocrx_word' id='word_1_320' title='bbox 242 2511 351 2560; x_wconf 81' lang='lat' dir='ltr'><strong>duorum</strong></span> <span class='ocrx_word' id='word_1_321' title='bbox 365 2512 549 2580; x_wconf 76' lang='lat' dir='ltr'><strong>genitivorum,</strong></span> <span class='ocrx_word' id='word_1_322' title='bbox 568 2510 612 2561; x_wconf 91' lang='lat' dir='ltr'><strong>uni</strong></span> <span class='ocrx_word' id='word_1_323' title='bbox 646 2516 809 2572; x_wconf 83' lang='lat' dir='ltr'><strong>Consensas,</strong></span> <span class='ocrx_word' id='word_1_324' title='bbox 829 2522 939 2589; x_wconf 87' lang='lat' dir='ltr'><strong>pactum.</strong></span> <span class='ocrx_word' id='word_1_325' title='bbox 959 2529 983 2580; x_wconf 90' lang='lat' dir='ltr'><strong>p.</strong></span> <span class='ocrx_word' id='word_1_326' title='bbox 999 2517 1040 2569; x_wconf 92' lang='lat'><strong>70.</strong></span> <span class='ocrx_word' id='word_1_327' title='bbox 1059 2512 1085 2562; x_wconf 95' lang='lat' dir='ltr'><strong>b.</strong></span> 
     </span>
     <span class='ocr_line' id='line_1_36' title="bbox 130 2577 1162 2648; baseline 0.002 -22"><span class='ocrx_word' id='word_1_328' title='bbox 130 2578 287 2627; x_wconf 84' lang='lat' dir='ltr'><strong>substantivo</strong></span> <span class='ocrx_word' id='word_1_329' title='bbox 304 2578 455 2630; x_wconf 88' lang='lat' dir='ltr'><strong>iunctorum.</strong></span> <span class='ocrx_word' id='word_1_330' title='bbox 474 2596 499 2644; x_wconf 95' lang='lat' dir='ltr'><strong>p.</strong></span> <span class='ocrx_word' id='word_1_331' title='bbox 515 2584 575 2635; x_wconf 89' lang='grc'>280.</span> <span class='ocrx_word' id='word_1_332' title='bbox 589 2595 612 2627; x_wconf 85' lang='lat' dir='ltr'><strong>a.</strong></span> <span class='ocrx_word' id='word_1_333' title='bbox 646 2581 790 2648; x_wconf 80' lang='lat' dir='ltr'><strong>Conseqai,</strong></span> <span class='ocrx_word' id='word_1_334' title='bbox 816 2579 892 2631; x_wconf 81' lang='lat' dir='ltr'><strong>simul</strong></span> <span class='ocrx_word' id='word_1_335' title='bbox 915 2577 994 2644; x_wconf 91' lang='lat' dir='ltr'><strong>sequi.</strong></span> <span class='ocrx_word' id='word_1_336' title='bbox 1026 2597 1052 2646; x_wconf 90' lang='lat' dir='ltr'><strong>p.</strong></span> <span class='ocrx_word' id='word_1_337' title='bbox 1077 2579 1119 2645; x_wconf 78' lang='grc'><strong>74.</strong></span> <span class='ocrx_word' id='word_1_338' title='bbox 1141 2596 1162 2628; x_wconf 86' lang='lat' dir='ltr'><strong>a.</strong></span> 
     </span>
     <span class='ocr_line' id='line_1_37' title="bbox 132 2645 1033 2712; baseline 0.003 -19"><span class='ocrx_word' id='word_1_339' title='bbox 132 2674 162 2682; x_wconf 94' lang='lat'><em>-</em></span> <span class='ocrx_word' id='word_1_340' title='bbox 174 2645 272 2694; x_wconf 83' lang='lat' dir='ltr'><strong>Usitata</strong></span> <span class='ocrx_word' id='word_1_341' title='bbox 279 2646 353 2712; x_wconf 79' lang='lat' dir='ltr'><strong>apud</strong></span> <span class='ocrx_word' id='word_1_342' title='bbox 363 2645 509 2695; x_wconf 81' lang='lat' dir='ltr'><strong>Ciceronem</strong></span> <span class='ocrx_word' id='word_1_343' title='bbox 523 2663 552 2694; x_wconf 87' lang='lat' dir='ltr'><strong>ao</strong></span> <span class='ocrx_word' id='word_1_344' title='bbox 564 2645 612 2694; x_wconf 85' lang='lat' dir='ltr'><strong>lixa</strong></span> <span class='ocrx_word' id='word_1_345' title='bbox 679 2652 738 2706; x_wconf 91' lang='grc'>238.</span> <span class='ocrx_word' id='word_1_346' title='bbox 753 2665 775 2701; x_wconf 82' lang='lat' dir='ltr'><strong>a.</strong></span> <span class='ocrx_word' id='word_1_347' title='bbox 812 2647 849 2696; x_wconf 84' lang='lat' dir='ltr'><strong>Cl&#39;.</strong></span> <span class='ocrx_word' id='word_1_348' title='bbox 866 2665 887 2696; x_wconf 88' lang='lat' dir='ltr'><strong>s.</strong></span> <span class='ocrx_word' id='word_1_349' title='bbox 904 2663 928 2695; x_wconf 89' lang='lat' dir='ltr'><strong>v.</strong></span> <span class='ocrx_word' id='word_1_350' title='bbox 945 2645 1033 2701; x_wconf 81' lang='lat' dir='ltr'><strong>verba.</strong></span> 
     </span>
     <span class='ocr_line' id='line_1_38' title="bbox 27 2708 1164 2783; baseline 0.005 -25"><span class='ocrx_word' id='word_1_351' title='bbox 27 2708 31 2717; x_wconf 89' lang='lat'>&#39;</span> <span class='ocrx_word' id='word_1_352' title='bbox 66 2744 67 2747; x_wconf 51' lang='lat'><em>=</em></span> <span class='ocrx_word' id='word_1_353' title='bbox 130 2713 264 2761; x_wconf 84' lang='lat' dir='ltr'><strong>verborum</strong></span> <span class='ocrx_word' id='word_1_354' title='bbox 284 2712 422 2762; x_wconf 83' lang='lat' dir='ltr'><strong>collocatio</strong></span> <span class='ocrx_word' id='word_1_355' title='bbox 443 2714 483 2761; x_wconf 81' lang='lat' dir='ltr'><strong>in:</strong></span> <span class='ocrx_word' id='word_1_356' title='bbox 508 2730 614 2763; x_wconf 84' lang='lat' dir='ltr'><strong>necesse</strong></span> <span class='ocrx_word' id='word_1_357' title='bbox 646 2717 775 2783; x_wconf 85' lang='lat' dir='ltr'><strong>Conseqoi</strong></span> <span class='ocrx_word' id='word_1_358' title='bbox 800 2723 826 2763; x_wconf 85' lang='lat' dir='ltr'><strong>et</strong></span> <span class='ocrx_word' id='word_1_359' title='bbox 851 2714 972 2762; x_wconf 83' lang='lat' dir='ltr'><strong>nancisci</strong></span> <span class='ocrx_word' id='word_1_360' title='bbox 998 2712 1061 2781; x_wconf 87' lang='lat' dir='ltr'><strong>qnid</strong></span> <span class='ocrx_word' id='word_1_361' title='bbox 1087 2713 1164 2765; x_wconf 83' lang='lat' dir='ltr'><strong>diffe-</strong></span> 
     </span>
     <span class='ocr_line' id='line_1_39' title="bbox 115 2781 949 2850; baseline 0.001 -21"><span class='ocrx_word' id='word_1_362' title='bbox 115 2791 170 2829; x_wconf 86' lang='lat' dir='ltr'><strong>·est</strong></span> <span class='ocrx_word' id='word_1_363' title='bbox 185 2796 258 2838; x_wconf 86' lang='lat' dir='ltr'><strong>esse,</strong></span> <span class='ocrx_word' id='word_1_364' title='bbox 275 2796 345 2829; x_wconf 84' lang='lat' dir='ltr'><strong>rara:</strong></span> <span class='ocrx_word' id='word_1_365' title='bbox 371 2798 428 2829; x_wconf 85' lang='lat' dir='ltr'><strong>esse</strong></span> <span class='ocrx_word' id='word_1_366' title='bbox 441 2797 548 2830; x_wconf 88' lang='lat' dir='ltr'><strong>necesse</strong></span> <span class='ocrx_word' id='word_1_367' title='bbox 563 2792 611 2829; x_wconf 85' lang='lat' dir='ltr'><strong>est.</strong></span> <span class='ocrx_word' id='word_1_368' title='bbox 681 2793 745 2831; x_wconf 87' lang='lat' dir='ltr'><strong>rant.</strong></span> <span class='ocrx_word' id='word_1_369' title='bbox 764 2801 790 2850; x_wconf 90' lang='lat' dir='ltr'><strong>p.</strong></span> <span class='ocrx_word' id='word_1_370' title='bbox 809 2787 864 2839; x_wconf 85' lang='lat'><strong>131.</strong></span> <span class='ocrx_word' id='word_1_371' title='bbox 884 2799 906 2830; x_wconf 88' lang='lat' dir='ltr'><strong>a.</strong></span> <span class='ocrx_word' id='word_1_372' title='bbox 924 2781 949 2830; x_wconf 87' lang='lat' dir='ltr'><strong>b.</strong></span> 
     </span>
     <span class='ocr_line' id='line_1_40' title="bbox 129 2846 1164 2916; baseline 0.005 -22"><span class='ocrx_word' id='word_1_373' title='bbox 129 2866 155 2914; x_wconf 93' lang='lat' dir='ltr'><strong>p.</strong></span> <span class='ocrx_word' id='word_1_374' title='bbox 170 2851 227 2903; x_wconf 83' lang='lat'><strong>305.</strong></span> <span class='ocrx_word' id='word_1_375' title='bbox 245 2846 269 2895; x_wconf 91' lang='lat' dir='ltr'><strong>b.</strong></span> <span class='ocrx_word' id='word_1_376' title='bbox 287 2874 319 2884; x_wconf 97' lang='lat'>-</span> <span class='ocrx_word' id='word_1_377' title='bbox 352 2849 417 2896; x_wconf 88' lang='lat' dir='ltr'><strong>ltcm</strong></span> <span class='ocrx_word' id='word_1_378' title='bbox 433 2864 531 2913; x_wconf 87' lang='lat' dir='ltr'><strong>semper</strong></span> <span class='ocrx_word' id='word_1_379' title='bbox 545 2847 613 2915; x_wconf 87' lang='lat' dir='ltr'><strong>apud</strong></span> <span class='ocrx_word' id='word_1_380' title='bbox 646 2850 842 2899; x_wconf 81' lang='lat' dir='ltr'><strong>Consolationis</strong></span> <span class='ocrx_word' id='word_1_381' title='bbox 854 2848 918 2898; x_wconf 92' lang='lat' dir='ltr'><strong>liber</strong></span> <span class='ocrx_word' id='word_1_382' title='bbox 929 2847 1070 2898; x_wconf 84' lang='lat' dir='ltr'><strong>Ciceronis.</strong></span> <span class='ocrx_word' id='word_1_383' title='bbox 1086 2866 1112 2916; x_wconf 90' lang='lat' dir='ltr'><strong>p.</strong></span> <span class='ocrx_word' id='word_1_384' title='bbox 1122 2853 1164 2908; x_wconf 88' lang='lat'><strong>98.</strong></span> 
     </span>
     <span class='ocr_line' id='line_1_41' title="bbox 130 2912 937 2984; baseline 0.004 -22"><span class='ocrx_word' id='word_1_385' title='bbox 130 2912 277 2963; x_wconf 80' lang='lat' dir='ltr'><strong>Ciceronem</strong></span> <span class='ocrx_word' id='word_1_386' title='bbox 310 2914 404 2980; x_wconf 80' lang='lat' dir='ltr'><strong>legitur</strong></span> <span class='ocrx_word' id='word_1_387' title='bbox 433 2927 520 2984; x_wconf 86' lang='lat' dir='ltr'><strong>potest</strong></span> <span class='ocrx_word' id='word_1_388' title='bbox 546 2933 613 2976; x_wconf 87' lang='lat' dir='ltr'><strong>esse,</strong></span> <span class='ocrx_word' id='word_1_389' title='bbox 679 2917 704 2966; x_wconf 85' lang='lat' dir='ltr'><strong>b.</strong></span> <span class='ocrx_word' id='word_1_390' title='bbox 722 2921 780 2976; x_wconf 82' lang='lat'><strong>113·</strong></span> <span class='ocrx_word' id='word_1_391' title='bbox 797 2917 821 2966; x_wconf 93' lang='lat' dir='ltr'><strong>b.</strong></span> <span class='ocrx_word' id='word_1_392' title='bbox 838 2919 896 2973; x_wconf 88' lang='grc'>241.</span> <span class='ocrx_word' id='word_1_393' title='bbox 913 2917 937 2965; x_wconf 96' lang='lat' dir='ltr'><strong>b.</strong></span> 
     </span>
     <span class='ocr_line' id='line_1_42' title="bbox 92 2983 1166 3050; baseline 0.006 -22"><span class='ocrx_word' id='word_1_394' title='bbox 92 3005 95 3009; x_wconf 49' lang='lat'><strong>⁴</strong></span> <span class='ocrx_word' id='word_1_395' title='bbox 129 2998 256 3048; x_wconf 83' lang='lat' dir='ltr'><strong>nunquam</strong></span> <span class='ocrx_word' id='word_1_396' title='bbox 270 2998 328 3032; x_wconf 77' lang='lat' dir='ltr'><strong>esse</strong></span> <span class='ocrx_word' id='word_1_397' title='bbox 337 2993 433 3050; x_wconf 81' lang='lat' dir='ltr'><strong>potest.</strong></span> <span class='ocrx_word' id='word_1_398' title='bbox 452 3001 477 3050; x_wconf 92' lang='lat' dir='ltr'><strong>p.</strong></span> <span class='ocrx_word' id='word_1_399' title='bbox 488 2984 546 3039; x_wconf 87' lang='grc'>324.</span> <span class='ocrx_word' id='word_1_400' title='bbox 555 3001 577 3032; x_wconf 87' lang='lat' dir='ltr'><strong>a.</strong></span> <span class='ocrx_word' id='word_1_401' title='bbox 587 2983 611 3032; x_wconf 92' lang='lat' dir='ltr'><strong>b.</strong></span> <span class='ocrx_word' id='word_1_402' title='bbox 645 2987 818 3045; x_wconf 76' lang='lat' dir='ltr'><strong>Con-stanter,</strong></span> <span class='ocrx_word' id='word_1_403' title='bbox 845 2996 981 3042; x_wconf 80' lang='lat' dir='ltr'><strong>constare,</strong></span> <span class='ocrx_word' id='word_1_404' title='bbox 1011 2985 1166 3034; x_wconf 84' lang='lat' dir='ltr'><strong>constantio</strong></span> 
     </span>
     <span class='ocr_line' id='line_1_43' title="bbox 96 3048 1056 3120; baseline 0.005 -24"><span class='ocrx_word' id='word_1_405' title='bbox 96 3050 224 3097; x_wconf 85' lang='lat' dir='ltr'><strong>Comitori</strong></span> <span class='ocrx_word' id='word_1_406' title='bbox 263 3066 320 3098; x_wconf 89' lang='lat' dir='ltr'><strong>cum</strong></span> <span class='ocrx_word' id='word_1_407' title='bbox 360 3048 449 3099; x_wconf 90' lang='lat' dir='ltr'><strong>dativo</strong></span> <span class='ocrx_word' id='word_1_408' title='bbox 491 3051 611 3100; x_wconf 89' lang='lat' dir='ltr'><strong>iunctum.</strong></span> <span class='ocrx_word' id='word_1_409' title='bbox 679 3050 710 3100; x_wconf 94' lang='lat' dir='ltr'><strong>de</strong></span> <span class='ocrx_word' id='word_1_410' title='bbox 728 3051 893 3119; x_wconf 87' lang='lat' dir='ltr'><strong>philosophis.</strong></span> <span class='ocrx_word' id='word_1_411' title='bbox 911 3069 938 3120; x_wconf 88' lang='lat' dir='ltr'><strong>p.</strong></span> <span class='ocrx_word' id='word_1_412' title='bbox 957 3052 1013 3108; x_wconf 89' lang='grc'>148.</span> <span class='ocrx_word' id='word_1_413' title='bbox 1029 3052 1056 3102; x_wconf 93' lang='lat' dir='ltr'><strong>b.</strong></span> 
     </span>
     <span class='ocr_line' id='line_1_44' title="bbox 129 3117 1166 3186; baseline 0.006 -22"><span class='ocrx_word' id='word_1_414' title='bbox 129 3133 155 3182; x_wconf 91' lang='lat' dir='ltr'><strong>p.</strong></span> <span class='ocrx_word' id='word_1_415' title='bbox 170 3118 229 3173; x_wconf 80' lang='grc'>345.</span> <span class='ocrx_word' id='word_1_416' title='bbox 246 3135 267 3165; x_wconf 82' lang='lat' dir='ltr'><strong>a.</strong></span> <span class='ocrx_word' id='word_1_417' title='bbox 283 3117 308 3165; x_wconf 95' lang='lat' dir='ltr'><strong>b.</strong></span> <span class='ocrx_word' id='word_1_418' title='bbox 645 3120 818 3177; x_wconf 77' lang='lat' dir='ltr'><strong>Constantios</strong></span> <span class='ocrx_word' id='word_1_419' title='bbox 846 3117 1022 3186; x_wconf 70' lang='grc' dir='ltr'><strong>(εὐπάθειαι)</strong></span> <span class='ocrx_word' id='word_1_420' title='bbox 1059 3120 1166 3171; x_wconf 82' lang='lat' dir='ltr'><strong>Stoico-</strong></span> 
     </span>
     <span class='ocr_line' id='line_1_45' title="bbox 96 3182 906 3254; baseline 0.004 -23"><span class='ocrx_word' id='word_1_421' title='bbox 96 3185 283 3239; x_wconf 86' lang='lat' dir='ltr'><strong>Commentatio</strong></span> <span class='ocrx_word' id='word_1_422' title='bbox 296 3182 356 3248; x_wconf 91' lang='lat' dir='ltr'><strong>quid</strong></span> <span class='ocrx_word' id='word_1_423' title='bbox 369 3183 500 3248; x_wconf 81' lang='lat' dir='ltr'><strong>significet.</strong></span> <span class='ocrx_word' id='word_1_424' title='bbox 517 3203 543 3252; x_wconf 93' lang='lat' dir='ltr'><strong>p.</strong></span> <span class='ocrx_word' id='word_1_425' title='bbox 555 3189 611 3242; x_wconf 87' lang='lat'><strong>106.</strong></span> <span class='ocrx_word' id='word_1_426' title='bbox 678 3204 742 3236; x_wconf 86' lang='lat' dir='ltr'><strong>rum.</strong></span> <span class='ocrx_word' id='word_1_427' title='bbox 760 3205 786 3254; x_wconf 91' lang='lat' dir='ltr'><strong>p.</strong></span> <span class='ocrx_word' id='word_1_428' title='bbox 803 3190 863 3245; x_wconf 85' lang='lat'><strong>262.</strong></span> <span class='ocrx_word' id='word_1_429' title='bbox 882 3187 906 3235; x_wconf 88' lang='lat' dir='ltr'><strong>b.</strong></span> 
     </span>
     <span class='ocr_line' id='line_1_46' title="bbox 129 3250 1163 3321; baseline 0.005 -22"><span class='ocrx_word' id='word_1_430' title='bbox 129 3250 154 3299; x_wconf 94' lang='lat' dir='ltr'><strong>b.</strong></span> <span class='ocrx_word' id='word_1_431' title='bbox 180 3278 213 3288; x_wconf 92' lang='lat'><em>-</em></span> <span class='ocrx_word' id='word_1_432' title='bbox 264 3253 451 3301; x_wconf 88' lang='lat' dir='ltr'><strong>Commentatio</strong></span> <span class='ocrx_word' id='word_1_433' title='bbox 486 3253 611 3321; x_wconf 87' lang='lat' dir='ltr'><strong>parendi.</strong></span> <span class='ocrx_word' id='word_1_434' title='bbox 645 3255 809 3304; x_wconf 86' lang='lat' dir='ltr'><strong>Constructic</strong></span> <span class='ocrx_word' id='word_1_435' title='bbox 859 3253 978 3314; x_wconf 82' lang='lat' dir='ltr'><strong>inchoata</strong></span> <span class='ocrx_word' id='word_1_436' title='bbox 1026 3253 1163 3304; x_wconf 88' lang='lat' dir='ltr'><strong>deseritur.</strong></span> 
     </span>
     <span class='ocr_line' id='line_1_47' title="bbox 129 3322 935 3388; baseline 0.005 -14"><span class='ocrx_word' id='word_1_437' title='bbox 129 3335 155 3384; x_wconf 84' lang='lat' dir='ltr'><strong>p·</strong></span> <span class='ocrx_word' id='word_1_438' title='bbox 171 3324 228 3374; x_wconf 80' lang='lat'><strong>220·</strong></span> <span class='ocrx_word' id='word_1_439' title='bbox 246 3336 267 3366; x_wconf 85' lang='lat' dir='ltr'><strong>a.</strong></span> <span class='ocrx_word' id='word_1_440' title='bbox 679 3340 706 3388; x_wconf 84' lang='lat' dir='ltr'><strong>p.</strong></span> <span class='ocrx_word' id='word_1_441' title='bbox 722 3323 779 3381; x_wconf 80' lang='lat' dir='ltr'><strong>rot.</strong></span> <span class='ocrx_word' id='word_1_442' title='bbox 794 3322 819 3370; x_wconf 87' lang='lat' dir='ltr'><strong>b.</strong></span> <span class='ocrx_word' id='word_1_443' title='bbox 839 3325 897 3379; x_wconf 77' lang='lat' dir='ltr'><strong>tos.</strong></span> <span class='ocrx_word' id='word_1_444' title='bbox 913 3339 935 3370; x_wconf 83' lang='lat' dir='ltr'><strong>a.</strong></span> 
     </span>
     <span class='ocr_line' id='line_1_48' title="bbox 96 3383 1165 3455; baseline 0.004 -21"><span class='ocrx_word' id='word_1_445' title='bbox 96 3387 263 3455; x_wconf 72' lang='lat' dir='ltr'><strong>comparatio</strong></span> <span class='ocrx_word' id='word_1_446' title='bbox 288 3385 495 3455; x_wconf 82' lang='lat' dir='ltr'><strong>compendiaria.</strong></span> <span class='ocrx_word' id='word_1_447' title='bbox 526 3406 552 3455; x_wconf 95' lang='lat' dir='ltr'><strong>p.</strong></span> <span class='ocrx_word' id='word_1_448' title='bbox 570 3389 611 3448; x_wconf 83' lang='grc'><strong>47.</strong></span> <span class='ocrx_word' id='word_1_449' title='bbox 646 3391 825 3448; x_wconf 82' lang='lat' dir='ltr'><strong>Constructio,</strong></span> <span class='ocrx_word' id='word_1_450' title='bbox 857 3388 935 3438; x_wconf 88' lang='lat' dir='ltr'><strong>semel</strong></span> <span class='ocrx_word' id='word_1_451' title='bbox 961 3383 1097 3449; x_wconf 84' lang='lat' dir='ltr'><strong>inchoata,</strong></span> <span class='ocrx_word' id='word_1_452' title='bbox 1133 3389 1165 3438; x_wconf 84' lang='lat' dir='ltr'><strong>sd</strong></span> 
     </span>
     <span class='ocr_line' id='line_1_49' title="bbox 131 3453 1166 3523; baseline 0.005 -22"><span class='ocrx_word' id='word_1_453' title='bbox 131 3470 155 3501; x_wconf 88' lang='lat' dir='ltr'><strong>a.</strong></span> <span class='ocrx_word' id='word_1_454' title='bbox 172 3453 196 3501; x_wconf 93' lang='lat' dir='ltr'><strong>b.</strong></span> <span class='ocrx_word' id='word_1_455' title='bbox 679 3455 804 3523; x_wconf 84' lang='lat' dir='ltr'><strong>reliquam</strong></span> <span class='ocrx_word' id='word_1_456' title='bbox 824 3456 901 3506; x_wconf 88' lang='lat' dir='ltr'><strong>etiam</strong></span> <span class='ocrx_word' id='word_1_457' title='bbox 919 3456 1062 3506; x_wconf 86' lang='lat' dir='ltr'><strong>orationem</strong></span> <span class='ocrx_word' id='word_1_458' title='bbox 1081 3457 1166 3522; x_wconf 87' lang='lat' dir='ltr'><strong>perti·</strong></span> 
     </span>
     <span class='ocr_line' id='line_1_50' title="bbox 96 3520 1166 3590; baseline 0.005 -22"><span class='ocrx_word' id='word_1_459' title='bbox 96 3520 255 3588; x_wconf 85' lang='lat' dir='ltr'><strong>Compellere</strong></span> <span class='ocrx_word' id='word_1_460' title='bbox 266 3531 292 3572; x_wconf 88' lang='lat' dir='ltr'><strong>et</strong></span> <span class='ocrx_word' id='word_1_461' title='bbox 304 3520 433 3589; x_wconf 77' lang='lat' dir='ltr'><strong>conferre,</strong></span> <span class='ocrx_word' id='word_1_462' title='bbox 450 3527 544 3589; x_wconf 85' lang='lat' dir='ltr'><strong>p.310.</strong></span> <span class='ocrx_word' id='word_1_463' title='bbox 555 3541 576 3572; x_wconf 88' lang='lat' dir='ltr'><strong>a.</strong></span> <span class='ocrx_word' id='word_1_464' title='bbox 586 3523 611 3573; x_wconf 91' lang='lat' dir='ltr'><strong>b.</strong></span> <span class='ocrx_word' id='word_1_465' title='bbox 678 3534 738 3585; x_wconf 88' lang='lat' dir='ltr'><strong>net,</strong></span> <span class='ocrx_word' id='word_1_466' title='bbox 770 3520 1012 3590; x_wconf 75' lang='lat' dir='ltr'><strong>comprehenditque</strong></span> <span class='ocrx_word' id='word_1_467' title='bbox 1038 3541 1070 3573; x_wconf 87' lang='lat' dir='ltr'><strong>ea</strong></span> <span class='ocrx_word' id='word_1_468' title='bbox 1097 3541 1166 3590; x_wconf 89' lang='lat' dir='ltr'><strong>qno-</strong></span> 
     </span>
     <span class='ocr_line' id='line_1_51' title="bbox 95 3590 1166 3660; baseline 0.005 -25"><span class='ocrx_word' id='word_1_469' title='bbox 95 3590 269 3655; x_wconf 83' lang='lat' dir='ltr'><strong>Compensare</strong></span> <span class='ocrx_word' id='word_1_470' title='bbox 335 3598 362 3640; x_wconf 89' lang='lat' dir='ltr'><strong>et</strong></span> <span class='ocrx_word' id='word_1_471' title='bbox 427 3592 610 3660; x_wconf 86' lang='lat' dir='ltr'><strong>compensatio.</strong></span> <span class='ocrx_word' id='word_1_472' title='bbox 679 3608 741 3658; x_wconf 87' lang='lat' dir='ltr'><strong>que,</strong></span> <span class='ocrx_word' id='word_1_473' title='bbox 773 3608 837 3657; x_wconf 84' lang='lat' dir='ltr'><strong>quae</strong></span> <span class='ocrx_word' id='word_1_474' title='bbox 860 3590 898 3647; x_wconf 86' lang='lat' dir='ltr'><strong>llli</strong></span> <span class='ocrx_word' id='word_1_475' title='bbox 919 3590 1001 3643; x_wconf 84' lang='lat' dir='ltr'><strong>minus</strong></span> <span class='ocrx_word' id='word_1_476' title='bbox 1027 3592 1166 3642; x_wconf 80' lang='lat' dir='ltr'><strong>commode</strong></span> 
     </span>
     <span class='ocr_line' id='line_1_52' title="bbox 128 3657 1039 3726; baseline 0.001 -20"><span class='ocrx_word' id='word_1_477' title='bbox 128 3673 153 3721; x_wconf 88' lang='lat' dir='ltr'><strong>p.</strong></span> <span class='ocrx_word' id='word_1_478' title='bbox 168 3660 225 3723; x_wconf 76' lang='lat'><strong>359.</strong></span> <span class='ocrx_word' id='word_1_479' title='bbox 243 3657 269 3706; x_wconf 94' lang='lat' dir='ltr'><strong>b.</strong></span> <span class='ocrx_word' id='word_1_480' title='bbox 679 3658 770 3708; x_wconf 88' lang='lat' dir='ltr'><strong>subiici</strong></span> <span class='ocrx_word' id='word_1_481' title='bbox 786 3670 899 3726; x_wconf 90' lang='lat' dir='ltr'><strong>possunt.</strong></span> <span class='ocrx_word' id='word_1_482' title='bbox 915 3676 941 3725; x_wconf 90' lang='lat' dir='ltr'><strong>p.</strong></span> <span class='ocrx_word' id='word_1_483' title='bbox 955 3663 996 3715; x_wconf 90' lang='lat'><strong>51.</strong></span> <span class='ocrx_word' id='word_1_484' title='bbox 1014 3677 1039 3717; x_wconf 83' lang='lat' dir='ltr'><strong>a.</strong></span> 
     </span>
    </p>
   </div>
   <div class='ocr_carea' id='block_1_3' title="bbox 92 3724 1168 4199">
    <p class='ocr_par' dir='ltr' id='par_1_3' title="bbox 92 3724 1168 4199">
     <span class='ocr_line' id='line_1_53' title="bbox 96 3724 1168 3802; baseline 0.007 -33"><span class='ocrx_word' id='word_1_485' title='bbox 96 3724 244 3802; x_wconf 85' lang='lat' dir='ltr'><strong>Composita</strong></span> <span class='ocrx_word' id='word_1_486' title='bbox 257 3724 334 3774; x_wconf 78' lang='lat' dir='ltr'><strong>verba</strong></span> <span class='ocrx_word' id='word_1_487' title='bbox 347 3741 474 3791; x_wconf 83' lang='lat' dir='ltr'><strong>nunquam</strong></span> <span class='ocrx_word' id='word_1_488' title='bbox 486 3744 532 3792; x_wconf 92' lang='lat' dir='ltr'><strong>pro</strong></span> <span class='ocrx_word' id='word_1_489' title='bbox 547 3726 611 3776; x_wconf 88' lang='lat' dir='ltr'><strong>sim·</strong></span> <span class='ocrx_word' id='word_1_490' title='bbox 645 3729 827 3788; x_wconf 87' lang='lat' dir='ltr'><strong>Contemnere,</strong></span> <span class='ocrx_word' id='word_1_491' title='bbox 847 3727 997 3795; x_wconf 84' lang='lat' dir='ltr'><strong>despicere,</strong></span> <span class='ocrx_word' id='word_1_492' title='bbox 1013 3727 1168 3794; x_wconf 85' lang='lat' dir='ltr'><strong>pronihilo</strong></span> 
     </span>
     <span class='ocr_line' id='line_1_54' title="bbox 117 3791 1096 3860; baseline 0.004 -21"><span class='ocrx_word' id='word_1_493' title='bbox 117 3791 235 3857; x_wconf 80' lang='lat' dir='ltr'><strong>plicibus</strong></span> <span class='ocrx_word' id='word_1_494' title='bbox 250 3801 388 3858; x_wconf 90' lang='lat' dir='ltr'><strong>ponuntur.</strong></span> <span class='ocrx_word' id='word_1_495' title='bbox 407 3795 437 3841; x_wconf 89' lang='lat' dir='ltr'><strong>V.</strong></span> <span class='ocrx_word' id='word_1_496' title='bbox 448 3811 468 3843; x_wconf 90' lang='lat' dir='ltr'><strong>s.</strong></span> <span class='ocrx_word' id='word_1_497' title='bbox 479 3811 502 3842; x_wconf 86' lang='lat' dir='ltr'><strong>v.</strong></span> <span class='ocrx_word' id='word_1_498' title='bbox 515 3795 540 3843; x_wconf 90' lang='lat' dir='ltr'><em>V</em></span> <span class='ocrx_word' id='word_1_499' title='bbox 538 3792 610 3844; x_wconf 87' lang='lat' dir='ltr'><strong>erbo.</strong></span> <span class='ocrx_word' id='word_1_500' title='bbox 678 3793 775 3843; x_wconf 81' lang='lat' dir='ltr'><strong>babere</strong></span> <span class='ocrx_word' id='word_1_501' title='bbox 791 3794 936 3860; x_wconf 82' lang='lat' dir='ltr'><strong>iunguntur.</strong></span> <span class='ocrx_word' id='word_1_502' title='bbox 955 3811 980 3859; x_wconf 93' lang='lat' dir='ltr'><strong>p.</strong></span> <span class='ocrx_word' id='word_1_503' title='bbox 996 3797 1057 3859; x_wconf 86' lang='lat'><strong>207.</strong></span> <span class='ocrx_word' id='word_1_504' title='bbox 1073 3811 1096 3843; x_wconf 88' lang='lat' dir='ltr'><strong>a.</strong></span> 
     </span>
     <span class='ocr_line' id='line_1_55' title="bbox 94 3859 976 3931; baseline 0.003 -25"><span class='ocrx_word' id='word_1_505' title='bbox 94 3859 291 3915; x_wconf 78' lang='lat' dir='ltr'><strong>Conditionalis</strong></span> <span class='ocrx_word' id='word_1_506' title='bbox 315 3861 479 3921; x_wconf 64' lang='lat' dir='ltr'><strong>emendatio,</strong></span> <span class='ocrx_word' id='word_1_507' title='bbox 506 3879 554 3928; x_wconf 90' lang='lat' dir='ltr'><strong>qua</strong></span> <span class='ocrx_word' id='word_1_508' title='bbox 571 3863 612 3913; x_wconf 40' lang='lat' dir='ltr'><strong>sin</strong></span> <span class='ocrx_word' id='word_1_509' title='bbox 645 3862 815 3922; x_wconf 84' lang='lat' dir='ltr'><strong>Contendere.</strong></span> <span class='ocrx_word' id='word_1_510' title='bbox 834 3881 858 3931; x_wconf 96' lang='lat' dir='ltr'><strong>p.</strong></span> <span class='ocrx_word' id='word_1_511' title='bbox 877 3865 933 3918; x_wconf 88' lang='lat'><strong>189.</strong></span> <span class='ocrx_word' id='word_1_512' title='bbox 950 3861 976 3911; x_wconf 94' lang='lat' dir='ltr'><strong>b.</strong></span> 
     </span>
     <span class='ocr_line' id='line_1_56' title="bbox 128 3926 952 3997; baseline 0.002 -23"><span class='ocrx_word' id='word_1_513' title='bbox 128 3926 225 3993; x_wconf 82' lang='lat' dir='ltr'><strong>protasi</strong></span> <span class='ocrx_word' id='word_1_514' title='bbox 246 3926 437 3993; x_wconf 76' lang='lat' dir='ltr'><strong>imperfectum,</strong></span> <span class='ocrx_word' id='word_1_515' title='bbox 462 3928 488 3977; x_wconf 92' lang='lat' dir='ltr'><strong>in</strong></span> <span class='ocrx_word' id='word_1_516' title='bbox 505 3929 611 3997; x_wconf 85' lang='lat' dir='ltr'><strong>epodosi</strong></span> <span class='ocrx_word' id='word_1_517' title='bbox 645 3933 793 3979; x_wconf 90' lang='lat' dir='ltr'><strong>Conterere.</strong></span> <span class='ocrx_word' id='word_1_518' title='bbox 811 3946 836 3995; x_wconf 94' lang='lat' dir='ltr'><strong>p.</strong></span> <span class='ocrx_word' id='word_1_519' title='bbox 852 3933 911 3985; x_wconf 83' lang='grc'>355.</span> <span class='ocrx_word' id='word_1_520' title='bbox 929 3945 952 3977; x_wconf 87' lang='lat' dir='ltr'><strong>a.</strong></span> 
     </span>
     <span class='ocr_line' id='line_1_57' title="bbox 112 3990 1076 4108; baseline 0.005 -66"><span class='ocrx_word' id='word_1_521' title='bbox 112 3990 401 4108; x_wconf 47' lang='lat' dir='ltr'><strong>,plusquamperfectum</strong></span> <span class='ocrx_word' id='word_1_522' title='bbox 409 3995 527 4063; x_wconf 71' lang='lat' dir='ltr'><strong>ponitur.</strong></span> <span class='ocrx_word' id='word_1_523' title='bbox 536 4015 561 4063; x_wconf 87' lang='lat' dir='ltr'><strong>p.</strong></span> <span class='ocrx_word' id='word_1_524' title='bbox 569 4001 610 4054; x_wconf 84' lang='lat'><strong>67.</strong></span> <span class='ocrx_word' id='word_1_525' title='bbox 645 4000 820 4066; x_wconf 84' lang='lat' dir='ltr'><strong>Contorqaere</strong></span> <span class='ocrx_word' id='word_1_526' title='bbox 835 3996 918 4045; x_wconf 87' lang='lat' dir='ltr'><strong>verba.</strong></span> <span class='ocrx_word' id='word_1_527' title='bbox 936 4011 960 4061; x_wconf 87' lang='lat' dir='ltr'><strong>p.</strong></span> <span class='ocrx_word' id='word_1_528' title='bbox 975 3999 1034 4060; x_wconf 88' lang='grc'>237.</span> <span class='ocrx_word' id='word_1_529' title='bbox 1051 3997 1076 4047; x_wconf 91' lang='lat' dir='ltr'><strong>b.</strong></span> 
     </span>
     <span class='ocr_line' id='line_1_58' title="bbox 145 4063 1087 4129; baseline 0.007 -20"><span class='ocrx_word' id='word_1_530' title='bbox 145 4096 151 4109; x_wconf 92' lang='lat'><strong>.</strong></span> <span class='ocrx_word' id='word_1_531' title='bbox 169 4066 209 4117; x_wconf 90' lang='grc'><strong>68.</strong></span> <span class='ocrx_word' id='word_1_532' title='bbox 226 4080 248 4111; x_wconf 84' lang='lat' dir='ltr'><strong>a.</strong></span> <span class='ocrx_word' id='word_1_533' title='bbox 645 4065 816 4115; x_wconf 85' lang='lat' dir='ltr'><strong>Contumacia</strong></span> <span class='ocrx_word' id='word_1_534' title='bbox 832 4063 925 4120; x_wconf 81' lang='lat' dir='ltr'><strong>libera.</strong></span> <span class='ocrx_word' id='word_1_535' title='bbox 942 4080 968 4129; x_wconf 94' lang='lat' dir='ltr'><strong>p.</strong></span> <span class='ocrx_word' id='word_1_536' title='bbox 988 4069 1045 4121; x_wconf 85' lang='grc'>103.</span> <span class='ocrx_word' id='word_1_537' title='bbox 1064 4083 1087 4116; x_wconf 89' lang='lat' dir='ltr'><strong>a.</strong></span> 
     </span>
     <span class='ocr_line' id='line_1_59' title="bbox 92 4129 1063 4199; baseline 0.007 -23"><span class='ocrx_word' id='word_1_538' title='bbox 92 4129 288 4184; x_wconf 79' lang='lat' dir='ltr'><strong>conditionalis</strong></span> <span class='ocrx_word' id='word_1_539' title='bbox 322 4130 518 4192; x_wconf 81' lang='lat' dir='ltr'><strong>enunciationis</strong></span> <span class='ocrx_word' id='word_1_540' title='bbox 552 4131 611 4196; x_wconf 88' lang='lat' dir='ltr'><strong>loco</strong></span> <span class='ocrx_word' id='word_1_541' title='bbox 645 4133 782 4186; x_wconf 82' lang='lat' dir='ltr'><strong>Corculum</strong></span> <span class='ocrx_word' id='word_1_542' title='bbox 798 4130 920 4198; x_wconf 66' lang='lat' dir='ltr'><strong>(Nasica).</strong></span> <span class='ocrx_word' id='word_1_543' title='bbox 939 4149 964 4199; x_wconf 86' lang='lat' dir='ltr'><strong>p·</strong></span> <span class='ocrx_word' id='word_1_544' title='bbox 980 4135 1022 4189; x_wconf 90' lang='grc'><strong>61.</strong></span> <span class='ocrx_word' id='word_1_545' title='bbox 1040 4150 1063 4184; x_wconf 88' lang='lat' dir='ltr'><strong>a.</strong></span> 
     </span>
    </p>
   </div>
   <div class='ocr_carea' id='block_1_4' title="bbox 0 0 1324 4626">
    <p class='ocr_par' dir='ltr' id='par_1_4' title="bbox 0 0 1324 4626">
     <span class='ocr_line' id='line_1_60' title="bbox 0 0 1324 4626; baseline 0 1"><span class='ocrx_word' id='word_1_546' title='bbox 0 0 1324 4626; x_wconf 95' lang='lat' dir='ltr'><strong> </strong></span> 
     </span>
    </p>
   </div>
  </div>
 </body>
</html>
