2640 4626
492 211 718 272 araurem·
810 220 813 227 ·
858 254 867 263 .
1090 207 1133 272 93

59 359 135 406 non
157 330 268 432 potuit
291 330 420 404 animus
443 329 525 403 baec
548 328 584 402 in
610 357 750 430 empore
773 328 920 404 inclusus
936 360 1132 430 agnoscere;

62 434 198 532 cognita
217 433 339 506 attulit:
366 461 405 506 ex
432 460 499 532 quo
516 448 583 505 tarn
602 431 778 505 multarum
799 461 910 505 rarum
925 435 1131 533 ‚cognitionis

60 535 240 610 admiratio
264 533 398 608 tollitur.
428 562 536 635 neque
560 562 598 607 ea
620 533 718 635 plarie
743 534 834 608 videt
856 535 1003 626 animus,
1030 567 1131 638 quum

59 655 198 740 repente
213 638 248 710 iu
266 654 333 711 tam
351 635 520 709 insolitum
535 641 552 689 θ
573 652 706 736 tamque
723 637 951 738 perturbatum
967 640 1131 714 domicili-

59 771 120 814 um
138 739 366 838 ,immigrarit3
401 739 461 812 sed
485 767 586 838 quum
613 767 648 824 se
679 738 811 837 collegit
841 756 939 839 atque
962 744 1131 834 recreavit,

59 861 134 916 tum
149 843 300 942 agnoseit
315 841 370 915 illa
384 841 637 915 reminiscendo.
662 841 708 915 ita
722 841 806 915 nihil
820 842 911 916 aliud
929 860 977 917 est
993 844 1132 936 discere,

59 947 130 1020 uisi
148 944 324 1020 recordari:
348 972 351 979 ·
838 998 840 1005 ,

147 1115 150 1122 .
166 1056 224 1126 59.
249 1048 321 1144 Ego
340 1063 449 1143 autem
463 1044 587 1118 maiore
610 1045 708 1119 etiam
728 1046 872 1145 quodam
888 1047 990 1121 modo
1007 1076 1133 1123 memo-

61 1151 150 1224 riam
167 1149 322 1222 admiror.
347 1147 430 1248 quid
447 1165 497 1220 est
511 1147 599 1221 enim
613 1147 705 1236 ill-ud,
732 1176 798 1247 quo
816 1150 1053 1225 utentiuimusi-
1077 1169 1133 1224 aut

62 1280 167 1354 quam
187 1251 288 1325 habet
310 1249 482 1323 vimiaut.
504 1250 615 1322 uude?
652 1250 855 1350 [natam?]⁹
899 1254 975 1324 Nou
997 1281 1132 1352 quaero,

61 1372 189 1455 quanta
208 1352 369 1441 memoria
383 1352 572 1426 Simonides
587 1351 690 1424 fuisse
707 1350 851 1442 dicatum
877 1370 999 1450 quanta
1023 1356 1133 1429 Theo-

63 1459 228 1548 decres13
254 1471 376 1556 quanta
392 1455 432 1544 is,
458 1455 515 1554 qui
528 1483 547 1527 a
560 1453 691 1557 Pyrrho
709 1453 834 1552 legatus
854 1456 896 1527 ad
911 1455 1069 1529 Senatum
1085 1475 1134 1533 est

134 1664 153 1719 8
169 1659 211 1710 Sic
221 1657 301 1710 Codd.
320 1667 347 1708 et
353 1657 418 1709 Edd.
436 1666 499 1707 vett.
514 1656 656 1736 pleraeque.
665 1658 774 1721 -.ML.
791 1670 846 1708 tam
862 1677 918 1727 rep.
928 1659 958 1708 in
971 1671 1027 1709 ram
1039 1660 1091 1711 ins.
1100 1690 1133 1701 -

64 1731 127 1781 Em.
145 1746 167 1778 c.
186 1726 267 1778 Gebb.
285 1720 346 1776 tam'
357 1743 411 1796 rep.
428 1725 458 1775 in
474 1725 526 1790 irre.
561 1728 578 1782 9
594 1728 636 1775 Src
653 1716 719 1775 coni.
736 1725 767 1775 L.
785 1736 811 1775 et
826 1726 919 1792 legitur
936 1726 963 1776 in
977 1726 1057 1778 Codd.
1072 1726 1131 1799 aliq.

66 1812 116 1864 pro
133 1794 201 1861 vulg.
218 1806 356 1856 naturam,
392 1792 443 1843 uod
458 1791 535 1844 etiam
557 1793 588 1843 R.
607 1792 633 1843 b.
650 1791 755 1843 babent.
776 1796 818 1843 Or.
835 1811 923 1844 vocem
940 1795 1133 1858 notanimis,

64 1863 230 1982 quilbusAeam
240 1861 349 1979 pudcpusit
364 1811 418 1924 Vl„
434 1859 559 1912 liberavit.
591 1864 608 1920 '1
626 1860 657 1912 1..
674 1859 741 1912 coni.
749 1861 945 1914 Themistocles.
968 1865 1001 1914 Et
1014 1861 1051 1914 sic
1071 1863 1133 1916 Cod-

87 1948 103 1982 o
172 1940 184 1980 t
200 1947 225 1980 v.
299 1964 305 1980 .
1109 1938 1112 1943 '

67 2065 160 2132 vulgus
177 2064 245 2115 enim
257 2072 346 2114 notum
368 2072 406 2114 est
420 2062 484 2114 illud
501 2072 584 2113 attra-
617 2062 713 2114 dictum
743 2074 782 2114 est
804 2065 926 2136 agnoscit
946 2065 997 2116 illa
1022 2067 1134 2119 remini·

65 2131 160 2185 ctionis
176 2148 272 2199 genus,
291 2149 341 2198 quo
360 2148 501 2199 pronomen
513 2131 584 2181 rela-
618 2130 723 2181 scendo.

63 2201 147 2252 tirum
166 2217 244 2267 genas
267 2217 339 2249 suum
363 2216 416 2249 non
435 2199 467 2248 ad
479 2208 584 2248 autece-
668 2199 759 2267 neque)
783 2200 815 2249 H.
836 2217 859 2249 e.
881 2217 962 2267 neque
981 2217 1060 2265 uero,
1085 2219 1134 2252 nec

64 2268 160 2331 dentis,
176 2267 221 2317 sed
235 2266 362 2334 sequentis
372 2265 522 2317 substantivi
536 2281 584 2331 ge·
616 2275 710 2315 tamen.
728 2266 800 2316 Lael.
817 2269 848 2328 V,
867 2271 905 2326 18
940 2268 991 2318 Sed
1010 2268 1060 2319 hoc
1076 2269 1133 2337 pri-

63 2354 114 2388 nus
129 2335 278 2394 contemnat,
296 2343 325 2383 ut
338 2333 417 2401 Legg.
433 2335 454 2394 Ι,
470 2340 495 2391 7.
519 2332 585 2382 Ani-
617 2350 684 2382 mum
700 2333 790 2394 sentio,
804 2333 853 2383 nisi
867 2335 894 2385 iu
911 2335 983 2385 bonis
995 2335 1134 2398 ¹amicitiem

63 2404 119 2455 mal
132 2401 344 2470 bocproridum‚
360 2429 395 2457 -,-
417 2417 491 2469 quem
505 2416 585 2449 voca·
617 2417 739 2451 essenon
759 2417 843 2467 posse.
878 2401 970 2469 Neque
996 2402 1023 2451 id
1043 2403 1076 2453 ad
1093 2404 1134 2453 ri-

64 2489 123 2522 mus
138 2471 285 2522 homiuem:
313 2467 357 2519 ubi
378 2485 401 2519 v.
419 2467 540 2517 Ochsner.
557 2467 586 2517 iu
617 2485 676 2516 vum
691 2484 787 2517 reseco.
805 2468 836 2518 V.
851 2467 980 2518 Adnotatu
989 2469 1016 2519 iu
1031 2487 1054 2520 c.
1070 2471 1132 2532 2,4.

63 2538 121 2592 Ecl.
138 2538 190 2588 cic.
211 2554 237 2603 p.
255 2540 297 2594 30.
317 2553 370 2602 sq,
390 2544 431 2596 et,
458 2535 501 2603 qui
518 2533 585 2584 b'auc
617 2536 755 2604 iacentque
770 2553 802 2584 ea
816 2552 926 2604 semper.
1120 2593 1122 2598 .

65 2615 180 2658 veterum
189 2605 333 2670 linguarum
347 2603 529 2670 proprietatem
542 2619 585 2651 sc·
668 2607 709 2660 59.
727 2603 892 2668 memoriam)
918 2603 1050 2670 Duplicem
1073 2622 1133 2654 seu-

64 2670 522 2744 paratimpemractautKruegerdn
531 2671 584 2719 Uu-
616 2671 724 2721 tentiam
752 2670 848 2721 nomini
879 2673 1019 2722 memoriae
1043 2672 1133 2723 Cicero

64 2740 181 2794 ceraucb.
200 2739 262 2789 iiber
278 2738 305 2788 d.
315 2739 363 2788 lat.
380 2738 440 2807 Spr.
457 2739 500 2788 ΠΙ.
514 2738 584 2789 flete
617 2737 714 2787 tribuit.
747 2738 856 2787 Primum
874 2739 940 2788 euim
957 2756 1003 2806 per
1020 2756 1076 2790 eam
1090 2740 1134 2789 in·-

64 2814 88 2881 ῥ.
104 2813 147 2866 3&
162 2822 216 2873 sqq.
438 2864 441 2869 Ι
617 2804 718 2854 tellexit
746 2821 802 2855 eam
833 2806 947 2855 discendi
976 2807 1132 2867 facultatem,

119 2891 279 2943 agnoscet&
291 2874 400 2944 cognito
407 2871 511 2934 erecte)
524 2874 585 2939 Ag·
617 2889 682 2939 quae
694 2872 831 2921 secuudum
846 2873 978 2924 Platonem
993 2885 1094 2925 constat
1107 2875 1134 2924 in

66 2961 177 2995 noscere
190 2941 243 2991 h.l.
259 2941 326 2990 idem
342 2941 418 3003 volet,
436 2939 505 3006 quod
520 2957 585 3008 eug-
617 2939 795 2999 recordatione
825 2957 908 2990 earum
940 2959 1040 3005 rerum,
1072 2959 1134 3009 quas

65 3028 184 3063 noscere.
218 3012 370 3078 Agnoscere
397 3008 463 3057 enim
477 3005 585 3056 dicimur
618 3007 727 3068 animus,
752 3016 810 3056 aute
829 3025 885 3057 uam
901 3009 928 3058 in
945 3026 1037 3076 corpus
1051 3009 1134 3059 intra-

66 3097 118 3140 res,
136 3094 241 3145 quarum
256 3076 426 3141 coguitionem
439 3075 481 3123 vel
496 3073 585 3123 notio-
617 3074 670 3135 vit,
687 3066 800 3139 cognitas
811 3024 906 3125 imbuit
921 3086 948 3125 et
962 3093 976 3126 e
991 3077 1070 3143 priori
1082 3077 1135 3127 rita

67 3163 128 3198 nem
143 3153 358 3210 anteperceptam
367 3142 501 3200 habemus3
519 3157 584 3209 cog·
617 3141 648 3191 iu·
659 3140 725 3190 hauc
741 3141 842 3191 attulit:
859 3152 914 3192 tum
930 3161 986 3195 eam
999 3144 1076 3194 animi
1092 3144 1134 3194 fu-

67 3231 177 3265 noscere
193 3211 296 3260 omniuo
310 3227 359 3270 res,
376 3210 402 3259 in
416 3226 520 3277 quarum
534 3226 585 3258 no-
618 3208 755 3271 cultatem,
778 3225 843 3274 quae
866 3211 942 3276 vulgo
965 3211 1015 3261 hoc
1032 3211 1133 3262 uomiue

67 3281 152 3332 titiam
194 3279 285 3328 rimum
300 3277 421 3326 venimus.
454 3278 486 3326 V.
502 3274 585 3324 chs-
618 3275 797 3344 comprehendi
806 3276 879 3339 solet,
896 3296 953 3344 qua,
971 3295 1035 3344 quae
1048 3279 1075 3328 in
1086 3278 1134 3328 hac

67 3367 125 3400 uer.
146 3297 201 3397 Eoi.
221 3345 273 3395 Cic.
289 3362 314 3411 p.
334 3345 377 3402 48.
407 3343 450 3411 qui
469 3343 585 3411 apposite
617 3343 670 3393 vita
685 3343 818 3404 discimus,
842 3344 1012 3407 custodImus‚
1031 3355 1072 3408 et,
1089 3346 1134 3395 ubi

69 3423 204 3482 comparat
222 3429 339 3484 agnosco
363 3412 479 3461 studium
504 3422 585 3469 suunt,
618 3426 681 3477 opus
694 3420 748 3472 est,
765 3428 885 3461 revocare
900 3429 1040 3478 possumus.

87 3500 149 3534 uum
164 3481 275 3531 studium
287 3489 358 3529 tuum
373 3479 427 3529 tale
438 3494 492 3528 esse
506 3495 535 3526 re
555 3493 585 3525 e·
669 3477 826 3542 Simonides)
844 3487 924 3528 artem
933 3480 1068 3528 memoriae
1076 3478 1132 3546 pri-

67 3552 127 3613 nd,
144 3548 220 3616 quale
236 3547 305 3616 prius
327 3546 392 3596 illud
411 3563 465 3595 esse
480 3495 585 3593 intelle-
618 3561 672 3593 mus
688 3544 821 3594 tradidisse
835 3544 935 3596 dicitur.
970 3545 1009 3595 cf.
1028 3546 1134 3607 Quintil.

68 3633 173 3675 xeram3
189 3632 331 3686 cognosco,
350 3631 425 3681 quum
441 3611 505 3662 illud
518 3628 585 3660 uuae
618 3613 678 3661 lust.
706 3615 750 3661 Or.
769 3613 815 3661 XI.
842 3618 874 3672 2,
900 3615 941 3670 11.
957 3612 1043 3679 ibique
1057 3614 1135 3681 Spal-

66 3684 179 3756 primum
196 3683 378 3734 animadverto.
412 3681 505 3731 Verum
521 3677 586 3728 haec
619 3678 688 3744 ding.
713 3677 777 3729 Plin.
793 3680 826 3728 H.
843 3680 877 3729 N.
895 3682 955 3743 VH,
972 3683 1016 3740 24.
1036 3682 1134 3732 Aeliau.

55 3754 124 3804 ,duo
143 3751 267 3802 vocabula
282 3767 334 3799 non
349 3748 432 3798 solum
448 3766 463 3797 a
478 3744 586 3796 librariis
619 3747 651 3795 V.
669 3747 701 3795 H.
714 3747 758 3807 VI,
776 3749 819 3803 10.
836 3746 887 3797 Cic.
905 3747 1037 3799 deDiviu.
1055 3751 1075 3812 Ι,
1092 3755 1134 3807 27.

67 3822 104 3889 (r.
114 3818 256 3871 Geruhard.
268 3815 379 3867 adLael.
389 3833 410 3866 e.
422 3817 442 3877 1,
458 3826 482 3875 5·
494 3823 525 3880 'Pr
535 3813 585 3879 12.)
620 3813 653 3862 de
679 3815 750 3863 Orat.
772 3815 804 3864 Π.
827 3816 876 3876 74,
902 3819 967 3872 299:
994 3817 1038 3866 ubi
1060 3817 1152 3887 plura¹

66 3887 116 3939 sed
138 3887 171 3938 ab
196 3885 259 3954 ipsis
277 3883 404 3935 veteribus
422 3882 587 3949 scriptoribus
618 3879 791 3948 suppeditavit
803 3883 919 3932 Mueller.
935 3901 960 3950 p.
976 3887 1034 3944 385.

67 3971 146 4024 saepe
163 3954 269 4005 confusa
288 3960 347 4002 sunt
362 3959 439 4016 atque
453 3949 586 4017 permixta,
670 3948 842 4015 Theodectes)
860 3950 966 4011 Quintil.
981 3951 999 4000 l.
1016 3951 1043 4000 ds
1060 3954 1082 4020 ᾗ.
1092 3956 1134 4009 51.

65 4033 95 4075 et
104 4021 207 4090 quidem
213 4019 323 4070 crebrius
336 4035 501 4088 cognoscere,
517 4015 587 4083 quod
619 4015 706 4078 „Quin
714 4016 791 4066 semel
806 4017 907 4067 auditos
921 4018 1135 4084 quamlibetmul-

65 4089 253 4158 generaliorem
268 4085 347 4136 habet
370 4084 586 4153 significationem,
620 4093 661 4134 tos
680 4101 765 4133 versus
791 4085 907 4151 protinus
931 4086 1025 4136 dicitur
1046 4085 1135 4134 reddi-

66 4170 292 4227 pro'agnoscere,
316 4158 389 4219 qudm
411 4151 525 4220 hoc'pro
541 4151 586 4201 illo
610 4151 892 4209 ,disse-Theodectes:“
908 4169 983 4218 quem
998 4152 1134 4202 memoriae

55 4226 179 4296 positum
193 4221 326 4291 reperitur.
343 4219 433 4275 Paullo
443 4228 585 4288 postrecte
618 4227 698 4269 artem
717 4219 842 4281 tenuisse,
868 4229 958 4283 auctor
981 4229 1020 4270 est
1034 4218 1133 4273 setim
