2640 4626
1264 172 1276 205 b

191 192 253 264 178
436 198 721 254 ruscminmuu
735 200 1019 254 onrursrmuuu
1225 236 1245 279 ,
1274 258 1290 277 ,-

186 341 243 399 tus
257 320 367 407 dolor,
393 335 536 419 quantus
550 317 777 393 Philoctetae?
793 362 840 377 —
866 318 961 392 Bene
975 318 1073 420 plane
1091 324 1258 493 W,

189 425 274 502 mibi
290 423 427 524 quidem
440 421 579 508 videtur,
606 420 666 495 sed
679 436 790 496 tamen
806 448 877 494 non
891 449 1049 495 summus.
1075 420 1111 493 ni
1180 418 1268 495 eninr·

191 528 292 616 dolet,
316 524 382 598 nisi
397 551 475 624 pes:
502 541 644 644 possupt
663 523 769 611 oculi:
794 540 906 624 potest
920 539 1030 626 caput,
1055 521 1266 624 latera„pul·

190 657 328 716 mones3
345 620 497 727 'possunt
521 654 651 700 omma:
676 626 774 725 longe
800 626 901 725 igitm
915 627 1009 700 abest
1024 654 1044 700 a
1059 653 1194 699 summo
1209 624 1267 701 do-

191 733 270 807 lore.
320 732 428 828 Ergo,
453 728 579 830 inquit,
604 729 702 803 dolor
722 729 900 802 diuturnus
916 729 1018 802 habet
1032 727 1184 802 laetitiae
1193 726 1267 829 plus

191 862 292 936 quam
309 832 488 907 molestiae.
505 877 552 888 -
604 837 662 911 45.
688 833 785 905 Nunc
801 860 862 930 ego
878 859 950 904 non
962 858 1126 931 possum„
1139 847 1267 905 tautum

191 937 362 1012 hominem
390 933 475 1007 nihil
500 961 634 1034 sapere,
660 933 787 1007 dicere:
812 934 873 1008 sed
904 962 967 1011 uos
990 933 1032 1006 ab
1064 961 1103 1007 eo
1121 932 1269 1009 derideri

191 1057 282 1140 puto.
334 1065 395 1136 ego
432 1064 598 1110 summum
632 1035 784 1111 dolorem
817 1043 999 1128 (summum
1034 1052 1146 1109 autem
1183 1036 1270 1125 ilico,¹

192 1139 321 1216 etiamsi
340 1139 453 1212 decem
470 1139 588 1212 atomis
608 1155 658 1212 est
672 1138 779 1211 maior
795 1136 903 1233 alius)
929 1166 999 1211 non
1014 1137 1177 1212 contiuuo
1191 1138 1268 1212 dieo

192 1271 265 1318 esse
286 1242 436 1315 brevem:
463 1240 650 1341 multosque
678 1269 817 1359 possum
839 1241 948 1314 bonos
970 1240 1059 1314 viros
1081 1242 1267 1329 nominare,

192 1347 250 1446 qui
266 1343 447 1444 compluris
463 1373 568 1417 annos
587 1342 760 1416 doloribus
775 1343 944 1443 podagrae
960 1342 1153 1417 crucientur
1165 1342 1268 1417 maxi-

107 1499 111 1509 1
192 1449 264 1521 mis.
288 1447 350 1520 sed
374 1446 476 1521 homo
500 1451 623 1519 catus⁰
652 1473 834 1544 numquam
852 1445 1007 1519 terminat
1022 1473 1085 1519 nec
1100 1445 1267 1545 magnitu-

192 1550 298 1637 dinis,
323 1576 385 1621 ncc
415 1548 641 1620 diuturnitatis
675 1548 830 1634 modum;
856 1564 893 1621 ut
916 1547 1037 1635 sciam,
1062 1547 1150 1648 quid
1179 1575 1267 1621 sum-

191 1678 283 1725 mum
307 1651 397 1722 dicet
416 1649 452 1721 in
477 1647 611 1736 dolore,
638 1649 721 1749 quid
744 1648 842 1723 breve
858 1650 894 1721 in
911 1667 1070 1750 tempore.
1123 1649 1266 1723 Omitta-

192 1781 267 1827 mus
294 1751 385 1824 hunc
413 1751 644 1850 igitur,‚nihil
669 1779 808 1853 prorsus
833 1752 1017 1826 dicentem:
1043 1779 1267 1853 cogamusque

193 1853 354 1942 confiteri,
380 1881 449 1926 non
465 1881 537 1930 esse
553 1855 595 1928 ab
614 1882 653 1928 eo
670 1853 797 1928 doloris
813 1855 960 1928 remedia
976 1855 1186 1955 quaerenda,
1211 1853 1265 1956 qni

258 2031 276 2085 7
291 2025 323 2077 V.
341 2022 407 2076 ndu.
439 2027 458 2083 8
475 2025 507 2077 V.
525 2023 591 2074 Adn.

193 2135 279 2177 eutem
300 2123 432 2185 Davisius,
459 2123 540 2175 Codd.
557 2126 621 2192 Reg.
638 2124 708 2175 Med.
741 2125 835 2177 dicitm
846 2137 984 2196 poteram:
1010 2126 1043 2177 de
1058 2140 1109 2196 qno
1127 2144 1153 2179 v.
1168 2126 1263 2179 Aduot.

193 2193 255 2243 bak.
278 2201 305 2241 et
327 2191 394 2241 Edit.
420 2191 595 2244 Victorianam
613 2210 708 2271 sequu-
742 2193 769 2242 in
785 2196 830 2243 ill.
848 2196 882 2255 4,
906 2200 931 2252 7.
947 2223 981 2233 -
1016 2197 1087 2257 Quos
1104 2204 1195 2246 eutem
1208 2194 1264 2246 lul.

193 2268 243 2319 tus,
252 2259 500 2320 iterandumedidit,
518 2258 587 2310 haud
597 2270 709 2327 cogitate
743 2260 810 2311 dixit
829 2260 908 2311 bonos
924 2263 1014 2324 viros,
1048 2262 1214 2331 intelligendi
1228 2261 1266 2313 ri·

193 2326 265 2377 fecit.
291 2325 545 2377 cenomania.
573 2328 710 2378 Iteradum
743 2329 835 2378 dentur
848 2328 883 2390 ii,
910 2346 1017 2397 quorum
1036 2330 1122 2381 verbis
1140 2330 1206 2381 fides
1219 2328 1265 2382 be·

194 2394 263 2445 enim
279 2392 375 2443 dictum
392 2403 439 2456 est,
457 2395 711 2464 utagedum‚tace-
744 2394 798 2449 beri
816 2395 904 2463 possit.
940 2396 1007 2447 Hinc
1030 2396 1106 2447 facile
1130 2396 1266 2465 intelliges,

196 2463 267 2524 dum,
276 2461 443 2526 accededum,
457 2464 641 2525 nummarium,
651 2463 710 2514 ulia.
745 2480 790 2515 cur
804 2473 925 2531 sequatur
946 2465 1113 2527 crucientur,
1137 2482 1192 2516 nou
1208 2484 1266 2516 cru-

243 2533 316 2580 Bene
328 2530 412 2600 plane
430 2520 570 2599 magnus)'
583 2529 712 2580 Ernestius
746 2532 860 2580 riantur.
895 2531 980 2582 Verba
1005 2531 1072 2581 enirn
1092 2532 1140 2602 qui
1155 2561 1192 2572 -
1208 2552 1267 2584 cru·

194 2596 319 2648 coniecit:
338 2600 410 2646 Bene
424 2613 498 2646 sane.
514 2599 642 2667 Magnus.
659 2599 712 2662 Ego
747 2599 850 2648 cientur
867 2614 899 2646 ex
923 2597 1026 2649 illorum
1045 2599 1177 2651 bonorum
1198 2600 1267 2653 viro-

193 2663 298 2714 meliore
316 2663 481 2714 distinctione
504 2664 590 2715 locum
606 2665 714 2715 adiuva-
746 2683 802 2715 rum
827 2674 913 2715 mente
932 2665 1002 2716 dicte
1024 2676 1099 2729 suut,
1127 2676 1156 2717 nt
1169 2667 1266 2735 signifi-

193 2731 217 2782 ri
236 2748 311 2798 posse
328 2741 407 2797 puto:
436 2735 518 2780 Bene.
543 2732 631 2782 Plane
654 2750 713 2782 ma-
747 2743 820 2783 cent:
839 2733 1040 2803 quigtcompluris
1060 2751 1148 2784 annos
1165 2735 1266 2786 dolori·

192 2816 272 2868 gnae.
299 2801 373 2847 Bene
388 2797 414 2847 h.
426 2814 449 2847 e.
460 2808 529 2848 recte
545 2799 651 2866 quaeris,
670 2800 713 2849 in·
747 2797 794 2849 bus
805 2796 945 2870 podagrae
959 2802 1076 2852 cruciari
1096 2819 1128 2852 se
1142 2804 1267 2855 maximis

194 2865 250 2933 quit
263 2864 392 2931 Epicurus.
429 2866 516 2916 Plane
529 2885 642 2936 irruguus
651 2876 712 2917 cett.
748 2866 899 2937 affirmant.

193 2931 335 2982 Numbene
345 2932 427 3000 plane
440 2951 554 3002 magnus
568 2935 714 2984 adicerone
797 2935 873 2985 hamo
898 2935 986 2998 catus)
1025 2935 1067 2986 Sic
1088 2953 1104 2986 e
1125 2937 1217 2989 Nonio
1241 2938 1265 2988 in

194 2998 290 3048 dictum
313 3016 384 3060 esse,
403 3000 553 3067 persuadere
578 3000 639 3051 mihi
661 3019 713 3054 non
748 3014 824 3052 catus
848 3003 1046 3065 emendandum,
1075 3004 1218 3055 Lambinus
1240 3014 1267 3055 et

193 3083 303 3134 possum.
748 3070 876 3120 Hentloius
892 3080 1050 3120 censuerunt.
1084 3072 1180 3140 Neque
1194 3073 1265 3123 aliter

238 3136 451 3248 possunssoculi)
477 3136 597 3203 intellige
616 3136 713 3187 dolere.
746 3136 841 3204 legitur
860 3136 887 3186 in
902 3139 986 3189 Guelf.
1009 3148 1036 3188 et
1055 3138 1092 3189 sic
1109 3139 1143 3189 de
1160 3141 1264 3210 Repal.

193 3200 263 3249 Mae
277 3201 396 3252 Neidms:
418 3220 499 3272 posse
517 3203 560 3253 hic
583 3204 651 3255 idem
674 3215 714 3255 est
749 3209 789 3263 18.
811 3204 854 3272 qui
877 3205 978 3272 egregie
999 3205 1118 3256 cordatus
1144 3216 1174 3257 et
1198 3219 1265 3259 cetus

195 3284 225 3318 ec
241 3268 338 3318 valere.
746 3272 803 3322 fuit.
839 3275 877 3323 De
896 3274 965 3324 cuius
987 3273 1056 3324 vocis
1078 3273 1265 3340 significatione

245 3335 319 3386 dolor
335 3337 477 3387 diuturnus
503 3338 610 3406 Diogen.
623 3340 711 3390 Laert.
746 3357 770 3389 v.
792 3340 923 3391 Adnotatu
943 3341 970 3390 in
994 3342 1014 3391 1.
1031 3344 1065 3403 9,
1091 3348 1132 3399 18.
1175 3346 1264 3393 Omnes

193 3402 228 3463 Χ,
241 3405 298 3462 140.
316 3403 343 3456 oi
359 3408 539 3473 πολυχρονιοι
553 3408 609 3460 cciv
624 3405 711 3476 α’ὀρω·
745 3408 824 3457 ceteri
847 3408 903 3458 libri
928 3407 1048 3458 exhibent
1073 3421 1188 3460 emaus:
1204 3425 1264 3477 quse

193 3472 276 3523 ocima
290 3474 442 3536 πλεονάζον
456 3472 549 3540 ἔχουσι
565 3474 596 3527 τὸ
612 3472 710 3542 ἠδόμε·
744 3475 844 3542 quidem
860 3474 938 3526 lectio
955 3475 987 3525 ab
1001 3477 1190 3543 Interpretibus
1210 3479 1263 3527 fra-

191 3555 242 3592 soa
257 3537 287 3591 ἐν
300 3541 334 3608 τῇ
349 3540 447 3606 σαρκὶ,
463 3541 534 3657 praep
549 3540 580 3594 τὸ
596 3540 708 3609 ἀλγοῦν.
742 3552 796 3593 stra
817 3543 917 3593 videtur
938 3543 1047 3593 deserte.
1066 3543 1202 3595 Bentleius
1215 3561 1263 3595 non

241 3607 283 3663 45.
296 3626 421 3656 summum
428 3609 462 3657 do
474 3628 544 3658 orem
552 3640 584 3648 -
594 3627 646 3660 non
653 3629 710 3661 esse
743 3612 864 3661 cautione
875 3610 947 3671 dicit,
956 3610 1000 3661 sed
1007 3611 1123 3661 sollertia
1132 3623 1159 3661 et
1168 3612 1262 3664 acumi-

193 3669 308 3738 breuem)
325 3677 356 3724 V.
371 3676 403 3724 de
416 3676 497 3726 Finib.
513 3680 545 3727 H.
560 3682 607 3738 28,
624 3682 667 3736 93.
743 3695 915 3746 neopnscssc.
932 3684 1079 3744 Atmegnus
1088 3678 1263 3730 virlabivide-

240 3752 347 3806 possum
371 3771 403 3780 -
427 3745 572 3811 nominare)
598 3749 709 3796 Possum
741 3756 792 3795 tur.
803 3744 871 3797 Nam
880 3758 973 3796 cautus
984 3745 1085 3812 egregie
1093 3745 1120 3795 iu
1130 3747 1262 3815 Epicurum

191 3815 291 3854 veteres
304 3817 375 3857 extra
390 3809 564 3861 conditionem
576 3812 708 3863 dixerunt:
742 3813 875 3875 convenit,
893 3813 951 3879 qui,
969 3831 1045 3880 quum
1062 3831 1195 3882 nunquam
1210 3824 1261 3865 ter-

191 3881 318 3922 nostrates
338 3891 444 3942 possam
465 3876 549 3928 dicore
566 3879 659 3929 solent.
676 3880 709 3930 de
742 3879 849 3929 mearet
864 3898 912 3930 nec
926 3880 1122 3946 magnitudinis,
1140 3899 1192 3934 neo
1207 3883 1260 3933 diu·

191 3942 293 3989 Senect.
305 3945 344 3998 16.
369 3945 481 3993 Possum
497 3947 614 4013 persequi
628 3947 709 3997 multa
741 3946 872 3997 turnitatis
885 3948 1003 4010 modum,
1029 3948 1078 3998 sibi
1094 3961 1217 4012 caveret,
1232 3964 1260 3999 ne

191 4006 379 4059 oblectamenta
393 4012 646 4072 rerumrusticarum;
663 4015 708 4064 scd
741 4014 877 4064 absurdum
894 4015 1014 4081 quiddam
1036 4017 1175 4083 proferret.
1209 4018 1259 4068 Ne-

191 4090 222 4124 ee
232 4074 295 4142 ipse,
305 4092 374 4194 quae
387 4075 449 4139 dixi,
465 4077 540 4128 irrisae
553 4081 635 4130 sentio
647 4081 707 4131 lou·
741 4098 790 4148 que
813 4098 873 4132 vero
903 4083 967 4132 illud
999 4084 1257 4150 praetennittendum,

191 4141 271 4207 giore.
330 4143 485 4196 .Adnotata
502 4145 528 4195 in
542 4149 563 4197 Ι.
583 4149 625 4208 19,
649 4152 705 4205 116.
741 4149 869 4198 Ciceronis
882 4160 968 4203 aetate
984 4167 1073 4202 vocem
1090 4164 1169 4203 catus
1184 4152 1257 4203 obso-

185 4220 214 4260 et
231 4211 265 4260 H.
285 4213 334 4276 13,
354 4215 398 4272 30.
435 4212 552 4284 Inprimis
572 4231 647 4284 saepe
669 4215 707 4267 ite
739 4212 817 4267 letam
833 4215 925 4281 fuisse,
942 4235 990 4269 uec
998 4235 1104 4287 usquam
1112 4220 1209 4289 abipso
1218 4217 1256 4269 Ci-

1303 4294 1310 4381 l
