2640 4626
204 185 269 253 310
452 156 1032 247 rusoumnmuunrsrummouuu

204 329 317 387 nostra
334 312 473 385 fortasse
489 309 645 398 mollitia,
669 338 740 383 non
762 339 801 383 ex
822 310 897 410 ipsa
918 310 1057 399 virtute,
1083 309 1126 384 de
1148 309 1277 383 virtutis

204 416 327 489 robore
341 414 501 487 existimo.
545 411 602 484 1113
615 411 715 499 enim,
731 411 760 484 si
778 412 880 485 modo
898 429 948 486 est
962 412 1025 486 ulla
1043 413 1168 501 virtus„
1182 441 1279 512 quam

206 517 447 598 dubitationem
469 514 650 588 avunculus
674 531 768 601 tuus,
802 519 932 601 Brute,
972 514 1278 603 sustulit,‚omuia,

205 649 290 794 quae
305 619 422 692 cadere
439 618 474 690 13
491 618 657 715 hominem
672 633 824 717 possunt,
849 617 964 690 subter
979 646 1017 691 se
1031 617 1149 708 habet;
1178 645 1278 718 eaque

231 750 247 795 e

249 721 411 821 spicieus,
446 747 542 793 casus
576 719 757 796 coutemnit
783 719 962 807 humanos;
999 719 1161 820 culpaque
1189 723 1277 795 omui

205 851 338 911 carens,
363 839 494 923 praeter
516 838 557 894 'se
585 821 692 921 ipsam
720 821 804 894 nihil
835 838 944 895 333331
973 822 1016 895 ad
1047 851 1081 896 se
1104 821 1277 923 pertinere.

203 928 273 1000 Nos
292 941 400 999 autem
417 923 529 1015 omnia
553 925 689 997 adversa
713 941 781 997 tum
807 924 970 997 venientia
995 941 1082 998 metu
1110 942 1276 1023 augentes,

201 1046 272 1101 tum
289 1024 439 1101 maerore
454 1027 660 1126 praesentia,
684 1054 795 1099 rerum
818 1044 985 1113 naturam,
1011 1055 1110 1126 quam
1130 1054 1274 1102 errorem

202 1147 364 1218 nostrum,
393 1130 549 1202 damnare
574 1128 745 1207 malumus.
797 1129 836 1200 11.
877 1139 909 1209 5.
935 1116 1004 1202 Sed
1033 1146 1065 1202 et
1089 1128 1191 1203 huius
1213 1129 1274 1204 cul-

201 1260 280 1332 pae,
318 1249 349 1304 et
378 1248 559 1304 ceterorum
590 1231 744 1313 vitiorum
770 1247 1046 1331 peccatorumque
1074 1247 1273 1317 nostrorum,

201 1335 311 1407 onmis
327 1333 568 1434 aphilosophia
579 1334 719 1432 petenda
732 1334 893 1407 correctio
912 1351 968 1408 est.
999 1335 1098 1407 cuius
1114 1333 1152 1405 in
1168 1335 1271 1408 31333

201 1465 304 1534 quum
333 1435 494 1536 oprimis
520 1436 728 1534 temporibus
755 1437 870 1533 aetatis
892 1452 1006 1527 nostra
1030 1435 1187 1509 voluntas
1210 1455 1272 1510 stu-

201 1539 359 1638 diumque
386 1565 448 1610 333
471 1536 735 1637 compulisset2,
769 1537 820 1609 his
850 1538 1054 1635 gravissimis
1083 1539 1219 1625 casibus
1241 1540 1268 1611 iu

200 1641 341 1715 eundem
358 1656 510 1741 portum,
536 1668 576 1712 ex
599 1668 665 1739 quo
693 1666 821 1713 eramus
846 1639 987 1737 egressi,
1014 1669 1137 1738 magna
1164 1641 1268 1714 iactati

199 1758 392 1842 tempestate
412 1741 629 1838 confugimus.
1052 1801 1056 1809 ,
1143 1831 1147 1839 1
1312 1758 1314 1771 “

300 1843 332 1917 0
350 1844 434 1926 vitae
450 1842 663 1943 philosophia
679 1842 762 1916 dux!
798 1871 818 1915 o
837 1843 965 1915 virtutis
985 1842 1194 1940 indagatrix,
1219 1874 1266 1919 er-

196 1943 414 2046 pultrixque³
433 1945 604 2017 vitiorum!
631 1945 714 2044 quid
732 1973 799 2017 non
817 1946 918 2018 modo
940 1973 1029 2032 nos„
1045 1945 1105 2018 sed
1135 1947 1265 2020 omuino

196 2047 262 2120 vita
278 2047 449 2121 hominum
468 2047 587 2121 sinete
605 2075 676 2120 esse
691 2047 877 2147 potuisset
914 2049 943 2118 T
945 2078 967 2120 u
981 2047 1075 2120 urbis
1094 2049 1265 2148 peperisti:

195 2166 232 2221 tu
253 2150 433 2250 dissipatos
450 2148 602 2222 homines
619 2144 653 2222 in
672 2149 862 2223 societatem
888 2149 971 2222 vitae
998 2151 1206 2226 convocasti:
1236 2169 1264 2223 tu

195 2278 252 2323 eos
268 2253 353 2324 inter
371 2280 406 2324 se
425 2251 534 2350 primo
551 2250 747 2338 domiciliis,
773 2250 893 2323 deinde
911 2251 1093 2349 coniugiis,
1120 2269 1194 2326 tum
1220 2254 1265 2326 111-

194 2368 338 2425 terarum
360 2371 391 2426 et
415 2381 533 2425 vocum
551 2353 783 2427 communione
806 2352 961 2425 iunxisti:
987 2370 1023 2424 tu
1047 2355 1213 2429 inventrix
1226 2355 1266 2429 le-

193 2483 288 2551 gum,
314 2471 348 2527 13
365 2455 521 2552 magistra
540 2483 669 2528 morum
687 2471 719 2528 et
737 2454 933 2554 disciplinae
950 2453 1049 2528 fuisti.
1084 2458 1128 2529 ad
1144 2475 1177 2531 te
1193 2487 1267 2531 con-

193 2557 356 2654 fugimus:
382 2573 450 2630 ate
467 2585 563 2656 opem
586 2558 746 2657 petimus:
773 2557 834 2629 tibi
858 2584 939 2644 nos,
965 2573 1002 2629 ut
1031 2575 1125 2632 antea
1151 2589 1266 2659 magna

192 2676 359 2758 exparte,
385 2659 432 2732 313
448 2687 536 2731 3333
551 2659 684 2759 penitus
699 2676 853 2758 totosque
878 2658 1046 2731 tradimus
1088 2679 1138 2734 est
1160 2681 1267 2737 autem

191 2789 278 2834 unus
294 2761 383 2850 dies,
407 2761 493 2837 bene
509 2778 540 2834 et
561 2790 598 2834 er
617 2761 802 2861 praeceptis
817 2760 882 2833 tuis
901 2777 1011 2847 actus,
1037 2766 1191 2861 peccanti
1210 2767 1268 2839 im-

173 2942 180 2961 ‘
258 2933 324 2988 21.
343 2930 409 2982 Adn.
443 2906 856 3000 301¹.1..Ern.epultri.eque.¹

239 3049 265 3104 4.
281 3046 427 3097 avunculus
440 3049 512 3108 tuus)
522 3048 586 3098 Cato
599 3048 709 3098 Uticen-
743 3048 835 3118 quisite
850 3059 875 3099 et
889 3048 1028 3101 efficaciter
1042 3049 1157 3118 positum
1169 3051 1268 3104 videtur

189 3113 238 3172 sis,
260 3131 366 3179 magnae
381 3115 419 3163 vir
440 3112 548 3165 virtutis.
573 3116 603 3165 V.
627 3116 707 3167 ludic.
743 3116 776 3167 od
807 3135 929 3167 summum
969 3117 1221 3171 vehementissimum
1239 3138 1267 3170 ue

190 3179 249 3229 hist.
262 3199 282 3230 s.
299 3198 323 3230 v.
339 3184 447 3231 Brutus.
742 3182 820 3234 331331
832 3184 969 3252 impetum,
988 3202 1039 3253 quo
1054 3185 1145 3236 Cicero
1162 3140 1266 3257 3313131-

222 3247 281 3297 Crr.
290 3248 320 3296 11.
327 3254 351 3304 5.
360 3249 540 3316 compulisset)
549 3248 590 3298 stc
598 3249 643 3299 Gr.
653 3249 707 3301 Col.
741 3251 798 3301 loso
818 3251 876 3301 13133
889 3253 1001 3302 studium
1016 3253 1168 3316 deferretur,
1182 3255 1266 3323 capri-

190 3316 253 3371 03x.
271 3315 362 3364 SEVL.
379 3315 460 3365 Gebh.
486 3315 552 3365 Lall.
571 3317 708 3368 Ernestius.
741 3271 910 3369 menium.·—
937 3322 976 3370 De
998 3339 1026 3371 re
1047 3319 1103 3387 ipsa
1121 3320 1165 3371 3311
1179 3341 1228 3373 nos
1242 3323 1266 3372 133

189 3381 305 3431 Davisius
316 3382 445 3448 rescripsit
457 3383 619 3441 contulisset,
635 3384 709 3434 311133
741 3385 808 3439 libro
825 3388 850 3436 (1.
868 3405 893 3453 p.
909 3388 953 3445 40.
972 3389 1054 3446 3144.
1073 3396 1099 3436 31
1116 3392 1161 3446 65.
1178 3409 1191 3439 3
1211 3427 1218 3440 .
1261 3400 1264 3405 “

188 3448 268 3500 Codd.
285 3448 345 3516 aliq.
361 3458 389 3499 et
404 3451 431 3499 P.
449 3451 548 3500 ABCM.
564 3450 665 3515 legitur,
682 3462 708 3501 et
793 3472 826 3503 ex
849 3472 898 3522 quo
920 3472 1026 3504 eramus
1046 3456 1162 3524 egressa)
1179 3408 1266 3524 pbilo-

186 3517 287 3583 quidem
302 3517 350 3567 hac
366 3517 398 3569 de
414 3535 517 3577 caussa,
534 3518 604 3585 quod
619 3519 706 3571 Cicero
740 3519 846 3587 sophiae
860 3521 978 3583 studium,
994 3521 1063 3591 quod
1076 3522 1266 3591 reliqueramus,

186 3595 278 3650 sprmte
295 3602 339 3634 333
355 3585 531 3653 philosophiae
557 3604 584 3635 33
599 3586 704 3650 dederit,
740 3605 796 3638 cum
810 3606 858 3639 nos
876 3588 908 3638 ad
924 3606 977 3639 rem
993 3588 1121 3658 publicam
1138 3593 1265 3642 eontulis-

86 3694 93 3713 ,
185 3651 288 3701 verbum
311 3662 396 3702 autem
418 3653 592 3722 compellendi
617 3653 649 3703 de
674 3671 705 3704 eo
740 3673 821 3705 semus
836 3657 979 3721 gerendam.
998 3658 1117 3707 Ernesti.

186 3718 301 3778 dicatur,
325 3720 365 3768 cui
387 3730 430 3770 aut
456 3739 580 3787 corporeo
602 3721 640 3770 vis
661 3732 706 3772 aut
791 3727 812 3771 0
832 3725 905 3774 vitoe
917 3723 1104 3794 philosophiis)
1134 3727 1265 3786 Conleras,

185 3786 316 3835 rationalis
330 3787 487 3839 adhibeatur.
513 3789 566 3854 Ego
583 3805 642 3838 vero
660 3806 706 3838 ve·
739 3789 760 3838 si
772 3791 843 3843 tanti
849 3802 895 3854 est,
910 3808 974 3859 quae
983 3791 1015 3841 de
1028 3790 1078 3841 1333
1088 3793 1195 3860 egregio
1207 3794 1264 3860 phi-

184 3851 317 3902 hementer
338 3854 475 3913 addubito,
500 3872 530 3903 33
552 3856 630 3905 131133
654 3856 705 3906 dici
738 3853 869 3924 losophioo
885 3858 1021 3926 praeconio
1036 3858 1146 3910 diximus
1155 3862 1183 3910 in
1200 3862 1264 3911 libro

178 3914 278 3986 possit:
305 3938 363 3969 meo
389 3921 512 3970 voluntas
538 3924 704 3992 studiumque
738 3924 1265 3993 11131333.135.Ε3[3333133333133311333

184 4003 225 4035 me
240 3983 350 4037 contulit
365 3990 394 4038 in
405 3989 593 4055 philosophiae
608 3992 702 4052 siceum,
738 3992 885 4056 Ciceronem
902 3994 982 4043 videri
997 4013 1028 4044 ex
1042 3995 1237 4057 Ρ131333,’33,3.
1251 4014 1263 4045 3

184 4071 333 4121 quamquam
363 4067 432 4104 recte
458 4055 563 4104 dicitur:
591 4076 640 4125 ego
664 4077 704 4108 me
736 4058 754 4108 l.
764 4061 794 4106 V.
803 4060 906 4128 ‹lellep
917 4080 941 4127 p.
950 4066 992 4119 56.
1002 4079 1058 4128 sqq.
1067 4064 1111 4112 Vl.
1120 4083 1147 4131 p.
1157 4069 1201 4122 70.
1210 4082 1262 4130 sqq.

183 4123 283 4172 contuli
306 4122 343 4171 ad
368 4123 573 4200 philosophiam.
608 4125 703 4175 Contra
736 4125 843 4176 Thenet.
861 4146 886 4195 p.
904 4132 960 4186 116.
975 4147 1031 4196 sqq.
1044 4130 1161 4198 eduip,
1178 4141 1264 4182 monet

184 4188 286 4244 verbum
300 4189 473 4260 compellenda
488 4190 609 4243 hocloco
620 4202 646 4242 et
656 4210 703 4242 ex·
732 4193 916 4261 ,113313313333
935 4196 967 4246 ad
983 4196 1101 4266 Achem.
1119 4201 1141 4249 l.
1159 4216 1185 4266 p.
1204 4199 1262 4256 347.

1026 4333 1028 4337 “
1048 4330 1064 4362 0
