2640 4626
202 209 268 282 934
447 220 1024 274 ruscumuanuunnrummonun

202 338 408 441 opinandum
429 338 553 412 fuisset.
586 365 692 437 neque
720 353 830 409 tamen
859 365 963 434 genus
990 337 1028 411 id
1050 337 1214 411 orationis
1235 339 1268 410 in

202 440 406 518 consolando
431 469 498 514 non
522 439 620 514 valet:
646 440 705 512 sed
719 440 755 513 id
769 439 860 512 haud
875 439 995 528 sciam,
1021 470 1062 513 an
1083 439 1269 541 plurimum.

203 573 281 642 ergo
303 545 366 616 ista
390 571 451 617 nec
477 542 610 642 opinata
639 570 709 613 non
729 541 849 615 habent
865 559 988 616 tantam
1003 543 1089 631 vim,
1113 559 1152 615 ut
1167 543 1270 642 aegri.

202 648 284 720 tudo
310 675 349 720 ex
377 644 460 718 hist>
484 645 593 718 omnis
621 643 764 718 oriatur:
790 643 912 717 feriunt
934 645 1021 718 enim
1039 645 1182 719 fortasse
1198 673 1269 744 gra-

203 750 294 840 vius3
319 776 388 822 non
409 747 446 820 id
456 746 625 833 efficiunt,
650 763 688 819 ut
704 775 759 834 ea,
784 775 868 845 quae
886 747 1053 834 accidant,
1078 748 1208 821 maiora
1226 747 1269 819 vi-

203 852 350 925 deantur.
376 850 455 950 quia
468 849 613 924 'recentia
626 865 712 936 sunt,
737 849 864 923 maiora
878 850 1031 924 videntur
1042 860 1082 938 ¹,
1107 879 1178 923 non
1195 850 1269 950 quia

199 954 381 1057 repentina.
894 1038 897 1049 s

303 1065 361 1136 56.
385 1053 518 1154 Duplex
541 1069 589 1127 est
609 1052 712 1151 igitur
732 1051 818 1126 ratio
838 1053 906 1127 veri
920 1052 1127 1153 reperiendi,
1152 1083 1224 1127 non
1238 1054 1268 1126 in

201 1158 244 1232 iis
260 1157 385 1244 solum,
411 1184 495 1257 quac
519 1155 622 1243 mala,
648 1156 708 1230 sed
734 1155 770 1231 in
793 1156 975 1245 iisetiam,
1001 1184 1084 1257 quae
1118 1157 1212 1230 bona
1227 1157 1268 1229 vi·

203 1262 330 1335 dentur.
356 1288 433 1332 nam
456 1275 512 1332 aut
538 1258 673 1358 ipsius²
699 1258 747 1331 rei
769 1276 891 1352 ¹natura
909 1257 1016 1357 qualis
1034 1276 1065 1339 ct
1079 1275 1207 1359 quanta
1223 1258 1269 1343 sit,

203 1362 408 1464 quaerimus:
433 1378 471 1434 ut
499 1361 541 1435 dc
567 1376 759 1459 paupertate
784 1389 1050 1460 nonnumquam
1076 1361 1174 1435 cuius
1190 1390 1269 1435 onus

204 1465 408 1565 disputando
423 1464 577 1548 levamus,
604 1463 759 1536 docentes
774 1491 873 1561 quam
886 1491 987 1561 parva
1002 1480 1034 1539 et
1048 1491 1148 1562 quam
1166 1493 1268 1564 pauca

203 1569 286 1656 sint,
312 1595 396 1666 quae
416 1581 533 1639 natura
560 1564 741 1638 desideret:
768 1582 856 1637 auta
874 1563 1066 1663 disputandi
1091 1567 1269 1640 subtilitate

202 1670 386 1744 orationem
411 1668 455 1741 ad
480 1664 628 1766 exempla
654 1666 870 1741 traducimus·
915 1667 979 1741 Hic
1011 1668 1168 1742 Socrates
1185 1699 1268 1744 com·

202 1786 421 1858 memoratur,
444 1769 500 1842 hic
517 1768 703 1867 Diogenem
727 1769 781 1842 hic
799 1769 1020 1845 Caecilianum
1036 1770 1136 1858 illud,

286 1896 378 1973 Saepe
400 1901 445 1951 est
465 1892 554 1950 etiam
574 1891 630 1949 sub
651 1891 777 1970 palliolo
799 1892 921 1950 sordido
942 1890 1098 1975 sapientia.

203 1991 316 2088 Quum
342 1989 430 2065 enim
457 1989 661 2089 paupertatis
676 2018 742 2062 una
761 1989 942 2091 eademque
959 1991 1001 2064 sit
1017 1991 1084 2078 vis3
1111 1991 1268 2090 quidnam

203 2095 270 2166 dici
296 2109 422 2191 potest,
449 2120 546 2191 quam
569 2090 612 2162 ob
628 2119 698 2163 rem
717 2094 751 2164 C.
776 2093 1130 2191 Fabriciotolerabilis
1145 2123 1185 2167 ea
1204 2093 1268 2167 fue-

203 2196 263 2282 rit,
290 2195 345 2267 alii
367 2210 487 2291 negent
511 2221 546 2266 se
574 2192 659 2265 serre
684 2195 809 2292 posse?
860 2204 918 2274 57.
943 2196 1029 2268 Huic
1053 2195 1156 2294 igitur
1181 2197 1268 2270 alteri

203 2296 317 2395 generi
345 2295 462 2369 similis
487 2311 536 2368 cst
558 2323 596 2367 ea
612 2294 696 2367 ratio
713 2294 918 2384 consolandi,
944 2325 1027 2396 quac
1043 2298 1141 2371 docet
1156 2299 1270 2385 huma-

204 2429 247 2487 na
270 2427 360 2485 esse,
387 2427 470 2498 quae
498 2397 685 2470 acciderint.
710 2398 879 2471 nonenim
897 2399 1004 2472 solum
1020 2399 1056 2471 id
1073 2401 1222 2475 continet
1236 2429 1271 2474 ea

202 2501 403 2602 disputatio,
428 2516 472 2573 ut·
485 2499 708 2597 cognitionem
738 2500 854 2573 afferat
872 2501 1003 2598 generis
1031 2501 1189 2601 humaui3
1214 2494 1271 2577 sed

202 2604 385 2703 significat,
416 2600 600 2675 tolerabilia
632 2628 721 2687 esse,
754 2629 838 2701 quac
871 2619 903 2675 et
934 2603 1069 2685 tulerint
1100 2621 1132 2678 et
1166 2605 1271 2680 ferant

116 2706 119 2712 ’
203 2724 310 2780 oeten.

302 2809 425 2880 XXIV.
451 2805 503 2878 De
528 2821 721 2906 paupertate
747 2805 870 2903 agitur:
897 2806 991 2879 multi
1011 2808 1176 2907 patientes
1192 2837 1271 2911 pan-

202 2938 298 3008 peres
323 2923 630 3006 commemorantur.
662 2907 703 2980 de
727 2909 967 2982 contemnendo
998 2910 1144 2985 honore:
1178 2910 1270 2987 multi

204 3010 392 3083 inhonorati
426 3007 658 3109 profemntur‚
686 3026 717 3082 et
752 3011 886 3110 quidem
920 3029 1058 3112 propter
1090 3014 1126 3086 id
1162 3008 1297 3115 ipsum

202 3112 386 3198 beatiorcs3
414 3139 611 3210 eorumque,
649 3114 704 3210 qui
729 3112 891 3211 privatum
918 3115 1021 3187 otium
1044 3116 1193 3212 negotiis
1212 3146 1270 3217 pu-

203 3213 301 3289 blicis
325 3211 554 3302 antctulerunt,
576 3215 775 3289 nominatim
789 3215 856 3288 vita
873 3215 1044 3305 laudatur;
1069 3246 1132 3291 nec
1159 3219 1275 3304 siletur,

269 3383 450 3452 9Legendum
477 3402 498 3435 c.
516 3385 561 3434 SE.
578 3385 622 3435 iis.
666 3380 686 3443 1Ι
698 3384 740 3436 Sic
756 3385 874 3439 nonnulli
900 3386 979 3437 Codd.
1003 3369 1112 3453 KBSEC.
1136 3391 1199 3440 Em.
1216 3406 1267 3441 cum

203 3453 263 3505 aliis
288 3451 360 3505 omia.
383 3452 460 3503 haec:
485 3451 588 3502 maiora
607 3452 740 3504 videntur.
783 3452 859 3512 2'Sic
876 3453 957 3505 Codd.
974 3453 1034 3522 aliq.
1059 3456 1137 3508 Pvn.
1157 3457 1222 3509 Lall.
1238 3485 1266 3495 -

202 3523 261 3572 Ern.
280 3539 303 3571 o.
320 3520 387 3588 vulg.
405 3531 452 3572 aaa
465 3519 499 3570 de
511 3521 607 3590 ipsius.

254 3621 327 3672 haud
342 3622 425 3674 sciam
441 3639 477 3671 an
487 3622 641 3691 plurimum)
666 3626 720 3674 Ur·
752 3622 906 3674 est-dicere:
932 3623 974 3673 hic
989 3623 1029 3673 rel
1044 3623 1089 3673 ille
1105 3623 1187 3677 homo
1204 3625 1264 3676 inle-

144 3749 147 3755 .
203 3690 269 3740 banc
283 3706 344 3757 pro:
362 3690 393 3740 ἑά
406 3708 492 3759 genua
507 3692 638 3742 orationis
652 3690 720 3742 hand
752 3691 789 3742 lix
812 3700 864 3753 est,
895 3701 953 3741 aut:
988 3691 1103 3742 omnibus
1126 3691 1265 3744 hominibus

204 3756 279 3807 dubie
303 3758 375 3808 valet
394 3759 545 3827 plurimum.
579 3760 611 3809 V.
628 3758 720 3808 Adno-
751 3757 846 3808 molum
875 3758 989 3808 accidere
1019 3768 1123 3827 potest,
1160 3768 1264 3828 ergoet

204 3826 404 3888 tatainlll.8,
422 3829 464 3885 16.
498 3826 615 3875 Ceterum
631 3826 656 3875 in
672 3825 720 3876 hac
751 3825 808 3875 tibi.
834 3826 930 3876 Neide.

205 3893 314 3943 formula
336 3892 507 3945 subiunctivus
529 3893 648 3960 ponitur,
679 3911 719 3944 res
802 3895 978 3964 cognitionem
1008 3895 1117 3964 geraris
1134 3893 1289 3959 hamram)

205 3960 362 4011 dubitantius
377 3960 454 4010 etiam
467 3958 579 4010 effertur.
752 3961 840 4011 Genus
854 3961 988 4012 humanum
1001 3961 1107 4015 misen'is
1121 3973 1150 4014 et
1165 3962 1263 4016 miami-

255 4033 297 4087 56.
326 4030 412 4096 Saepe
427 4025 481 4093 est)
507 4028 553 4077 Est
571 4038 720 4081 tetrameter
752 4029 847 4078 tatibus
862 4028 999 4080 obnoxium
1013 4047 1074 4084 ease.

205 4097 351 4147 trochaicus
366 4093 535 4144 catalecticus.
807 4096 866 4146 Car.
894 4098 994 4151 XXIV.
1041 4102 1081 4150 De
1110 4109 1264 4171 paupertate

255 4169 296 4222 57.
314 4163 386 4213 Huic
400 4162 482 4213 alteri
514 4164 588 4213 eneti
619 4167 659 4214 Sc.
693 4181 721 4215 er
753 4163 853 4234 agitur)
870 4164 897 4213 si
911 4164 943 4214 de
960 4185 985 4234 p.
1000 4165 1091 4233 agitur.
1127 4169 1161 4220 V.
1175 4167 1262 4222 Adnot-

205 4230 320 4300 exempla
335 4227 454 4281 docendi.
523 4247 563 4282 mn
595 4183 720 4284 eroicssm
753 4232 952 4293 inll012‚28.
