2640 4626
129 188 195 254 202·
375 194 954 249 ruscumuaannnrsrorsrronnn

128 344 196 387 non
231 314 370 387 caderet.
404 341 481 385 nam
515 312 684 400 misereri,
717 312 882 400 invidere,
915 313 1054 411 gestire,
1079 313 1206 404 laetari,

129 418 211 490 haec
235 415 348 488 omnia
370 415 508 487 morbos
524 414 643 488 Graeci
669 413 854 513 appellant,
879 432 989 488 motus
1005 418 1129 504 animi,
1153 445 1204 489 ra-

128 520 213 592 tioni
236 548 305 592 non
328 517 603 617 obtemperantis:
629 545 691 588 uos
715 534 821 591 autem
843 517 906 590 hos
932 518 1065 592 eosdem
1094 535 1203 593 motus

130 621 285 696 concitati
310 619 413 693 animi
436 636 540 707 recte,
566 636 602 690 ut
613 620 754 719 opinor,
775 622 1062 719 perturbationes
1081 621 1204 694 dixeri-

129 751 222 810 mus;
255 724 396 795 morbos
425 739 531 795 autem
557 723 728 795 nonsatis
753 723 892 796 usitate:
917 723 983 796 nisi
1005 723 1092 822 quid
1114 722 1203 798 aliud

129 826 193 899 tibi
210 824 347 904 videtur.
398 832 431 906 8.
456 829 496 899 Λ.
522 824 608 896 Mihi
625 853 703 900 vero
718 825 782 898 isto
802 826 912 899 morlo.
962 830 1011 899 M.
1036 826 1202 900 Haeccine

129 929 231 1026 igitur
259 929 376 1001 cadere
399 928 434 999 in
450 927 631 1026 sapientem
646 929 767 1027 putas?
816 932 857 1002 A.
881 928 1024 1000 Prorsus
1041 927 1202 1002 existimo.

128 1037 177 1105 M.
202 1033 272 1105 Nae
299 1029 361 1103 ista
392 1028 536 1128 gloriosa
564 1029 726 1129 sapientia
749 1058 818 1102 raon
843 1058 964 1128 magno
996 1030 1202 1104 aestimanda

131 1150 196 1221 est,
212 1131 388 1232 ‚siquidem
403 1162 471 1204 non
486 1131 624 1207 multum
642 1132 754 1205 differt
769 1133 811 1204 ab
826 1133 963 1205 insania.

228 1242 270 1308 A.
296 1235 415 1331 Quid?
440 1235 502 1308 tihi
524 1235 688 1308 omnisne
721 1235 824 1308 animi
859 1234 1037 1309 commotio
1073 1234 1203 1308 videtur

92 1433 95 1439 Ι
128 1337 281 1410 insania?
330 1343 379 1411 M.
404 1339 480 1412 Non
505 1337 589 1410 mihi
614 1337 748 1438 quidem
772 1337 851 1425 soli,
877 1337 957 1426 sed,
982 1337 1019 1410 id
1035 1338 1130 1437 quod
1145 1338 1201 1411 ad-

128 1440 242 1513 mirari
275 1469 374 1540 saepe
408 1439 517 1526 soleo,
543 1439 725 1513 maioribus
758 1468 889 1540 quoque
917 1438 1047 1514 'nostris
1069 1440 1137 1513 hoc
1159 1441 1201 1512 ita

127 1543 233 1616 visum
250 1542 396 1638 intelligo
415 1542 527 1613 multis
542 1542 681 1615 saeculis
699 1559 772 1615 ante
790 1543 976 1616 Socratem:
1004 1570 1104 1641 aquo
1122 1543 1200 1616 haec

130 1646 259 1733 omnis,
286 1672 370 1744 quae
394 1661 443 1716 est
461 1644 581 1717 devita
600 1662 631 1718 et
649 1645 690 1719 de
705 1646 872 1732 moribus,
898 1644 1116 1744 philosophia
1133 1673 1200 1717 ma-

128 1747 226 1819 navit.
266 1753 306 1819 A.
334 1745 488 1841 Quonam
503 1747 637 1823 tandem
656 1748 780 1821 modo?
830 1753 878 1821 M.
904 1747 995 1843 Quia
1009 1775 1137 1820 nomen
1153 1748 1198 1819 in-

127 1850 240 1922 sanine
276 1848 441 1946 significat
467 1850 587 1923 mentis
614 1850 871 1948 aegrotationem
886 1867 928 1934 et
952 1849 1120 1923 morbum.
1147 1850 1200 1951 [id

127 1969 204 2038 cst,
219 1951 430 2033 ¹insanitatem
448 1970 479 2025 et
498 1969 667 2049 aegrotum
685 1953 849 2040 animum,
875 1980 973 2052 quam
991 1951 1201 2051 appellarunt

126 2053 351 2156 insaniam.⁰]
386 2063 418 2132 9.
443 2054 552 2126 omnis
567 2072 673 2128 autem
692 2055 956 2156 perturbationes
972 2054 1085 2142 animi,
1113 2083 1200 2128 mor-

32 2152 37 2161 ’
126 2157 190 2231 hos
206 2156 400 2256 philosophi
415 2155 601 2258 appellant;
627 2175 823 2258 negantque,
850 2158 984 2231 stultum
999 2186 1199 2257 quemquam

128 2259 211 2331 hist>
230 2258 356 2332 morhis
375 2287 498 2332 vacare.
524 2258 581 2361 qui
600 2277 706 2334 autem
725 2261 760 2332 in
781 2261 900 2333 morbo
917 2277 1012 2348 sunt,
1039 2261 1115 2332 sani
1134 2289 1199 2333 non

126 2376 221 2436 suut:
250 2379 280 2435 et
313 2363 460 2435 omnium
495 2360 723 2462 insipientium
759 2362 860 2435 animi
900 2362 933 2435 in
961 2362 1081 2435 morbo
1107 2380 1198 2436 sunt:
1234 2456 1239 2463 Ι

127 2492 242 2538 omnes
266 2464 460 2564 insipientes
484 2462 586 2561 igitur
601 2466 777 2538 insaniunt.
829 2465 1009 2539 Sanitatem
1025 2464 1117 2539 enim
1133 2466 1200 2538 ani-

127 2596 255 2640 morum
290 2567 433 2667 positam
462 2567 496 2639 in
523 2567 758 2668 tranquillitate
782 2568 925 2667 quadam
951 2566 1200 2667 constantiaque

127 2671 321 2745 censebant:
347 2670 399 2742 his
427 2669 527 2742 rebus
554 2687 696 2743 memem
719 2699 855 2743 vacuam
881 2669 1091 2773 appellarunt
1113 2671 1200 2744 insa-

126 2775 268 2862 niam1‚
294 2789 470 2872 propterea
504 2772 593 2871 quoel
621 2774 656 2845 in
677 2773 833 2874 perturba
938 2773 1023 2858 imo,
1050 2773 1139 2846 sicut
1168 2773 1200 2846 in

70 2939 76 2949 .
127 2904 285 2977 corpore,
312 2875 434 2948 sanitas
451 2903 522 2947 esse
543 2904 612 2947 uon
632 2879 789 2975 posser2.
871 2932 880 2957 .
930 2885 962 2954 0.
994 2877 1065 2948 Nec
1089 2876 1200 2949 minus

126 2979 209 3053 illud
235 2994 348 3066 acute,
375 2977 466 3081 quod
494 2978 595 3050 animi
614 2978 843 3064 allectionem,
869 2974 1133 3052 luminementis
1152 3007 1201 3052 ca-

192 3154 210 3208 8
234 3150 266 3199 V.
291 3149 356 3200 Ado.
398 3149 577 3215 9Legendum
601 3167 623 3199 c.
648 3151 694 3200 SE.
720 3150 765 3199 iis.
792 3149 824 3198 V.
845 3151 866 3218 §.
885 3148 912 3206 4.
947 3151 1045 3207 1021.
1062 3148 1153 3201 Guelf.
1171 3149 1199 3199 D.

126 3220 185 3270 nm.
203 3218 336 3267 insanam.
369 3223 387 3276 2
404 3216 446 3267 Sic
468 3220 527 3268 Ern.
546 3217 578 3267 de
593 3216 658 3268 coni.
675 3245 709 3255 -
727 3221 768 3266 Or.
785 3215 854 3283 vulg.
867 3218 955 3286 possis
971 3217 1080 3279 redux„
1098 3232 1200 3268 monens

127 3285 298 3357 appellarunt
320 3302 373 3335 non
398 3302 451 3336 esse
468 3284 590 3336 aoristum
599 3322 607 3348 ,
622 3284 668 3336 sed
683 3300 770 3335 verum
786 3286 892 3351 perfect.
910 3286 1022 3336 Frustra.
1040 3285 1073 3336 V.
1094 3285 1161 3336 Ado.
1177 3283 1199 3333 in

127 3353 377 3417 I.1,1.et4,7.

178 3471 396 3542 obtemperantis)
430 3473 491 3521 Non
520 3469 646 3536 genitivus
731 3471 773 3538 [id
787 3483 827 3521 est
840 3499 873 3508 —
886 3500 919 3510 —
935 3471 1111 3551 insaniam])
1134 3472 1198 3522 Haec

127 3551 182 3603 est,
215 3541 253 3590 nti
278 3549 429 3590 censuerunt
453 3537 592 3589 Bouherins
620 3548 648 3588 et
680 3539 771 3598 verba,
789 3557 805 3588 a
819 3538 936 3590 Bentleio
951 3537 1061 3588 insiticia
1079 3538 1197 3599 iudicata,

127 3607 292 3669 Schuetzius,
325 3606 370 3657 sed
394 3606 550 3659 accusativus
576 3607 647 3657 refe-
681 3625 736 3656 cum
746 3606 849 3656 Darisio
863 3605 1139 3658 etErnestiowolfins
1153 3623 1197 3657 uo·

126 3677 220 3727 rendm
235 3675 269 3725 ad
284 3687 375 3726 motus.
682 3675 718 3726 cis
732 3674 824 3752 sepsit,
850 3673 958 3724 Orellius
975 3683 1061 3723 antem
1078 3675 1152 3727 unck
1166 3673 1197 3724 li-

178 3749 204 3801 8.
228 3744 314 3793 omnis
335 3761 402 3812 quoa
421 3755 462 3793 est
486 3743 520 3792 ds
542 3743 600 3792 nita
622 3754 648 3792 et
680 3744 794 3804 beraut,
812 3759 917 3792 monens
933 3742 1016 3803 „hoec
1031 3741 1197 3809 etymologici

128 3812 164 3862 de
179 3813 226 3871 m.)
251 3811 417 3878 Philosophia
439 3819 498 3876 post
517 3813 649 3861 Socratem
682 3827 751 3870 esse,
784 3819 811 3859 et
836 3827 867 3860 eo
897 3809 1004 3861 consilio
1028 3809 1136 3873 addita,
1163 3818 1196 3868 nt,

128 3880 155 3929 in
172 3889 224 3929 tres
240 3889 326 3947 partes
341 3879 422 3929 divisa
438 3887 509 3941 erat,
528 3877 648 3929 dialecti·
683 3895 726 3928 cur
749 3878 801 3928 iam
822 3878 931 3928 Romani
954 3876 1053 3945 antiqui
1077 3877 1123 3929 diu
1144 3885 1196 3928 ante

130 3965 215 4011 cam,¹
235 3947 348 4015 hysicam
362 3955 390 3996 et
403 3943 519 3996 ethicam.
554 3946 585 3996 V.
601 3963 648 3995 nos
682 3949 813 3996 Socratem
836 3955 925 3996 notum
948 3961 1042 3996 nomen
1064 3944 1106 3996 illi
1127 3942 1195 3996 animi

128 4016 155 4066 io
170 4016 189 4066 l.
224 4015 282 4065 .de
299 4015 379 4064 Cicer.
402 4011 464 4079 phil.
480 4031 505 4080 p.
520 4019 546 4072 5.
573 4013 649 4076 Quod
683 4012 847 4063 commotioni
885 4013 1055 4076 indidissent,
1092 4012 1195 4064 manife-

129 4094 212 4134 autem
243 4083 309 4133 hauc
339 4079 444 4130 tertiam
472 4080 649 4148 philosophiae
682 4081 744 4131 stius
760 4087 922 4147 appareret.“

121 4161 225 4219 partem
240 4153 361 4201 Socrates
380 4146 523 4199 adiunxisse
546 4148 648 4213 dicitur,
733 4149 793 4198 cn.
808 4150 840 4198 V.
868 4153 908 4207 10.
938 4148 1024 4200 animi
1038 4178 1072 4189 -
1090 4147 1194 4203 mencio

117 4236 139 4268 r.
156 4219 228 4270 rotie
247 4218 392 4283 v.4,10.
415 4217 504 4290 ibique
518 4233 580 4271 noa·
683 4218 767 4286 Saepe
787 4217 892 4268 coimus
913 4227 941 4268 st
961 4235 1037 4269 mena
1053 4217 1194 4286 iunguntur.
