2640 4626
403 200 411 215 “
490 204 614 257 LIBER
630 208 650 255 1.
668 211 709 265 11.
1062 174 1064 181 Α
1091 206 1135 278 65

160 333 219 405 XI.
244 327 317 404 Nisi
333 351 417 425 quae
432 351 487 397 me
510 322 598 397 forte
613 322 764 423 lugiunt,
789 325 855 403 bae
871 346 951 405 sunt
965 330 1065 411 sere⁰
1090 337 1132 414 de

58 437 172 511 animo
191 427 379 509 sententiae.
429 425 658 500 Democritum
681 428 788 516 euim,
806 459 973 530 magnum
1044 437 1133 515 ‘dem

57 539 153 613 illurn
167 536 295 622 virum,
320 530 381 604 sed
396 527 524 602 levibus
545 545 577 602 et
592 530 745 604 rotundis
761 535 969 633 corpusculis
987 566 1007 613 e
1045 542 1134 617 cien-

37 661 127 717 ¹tem
147 641 294 713 animum
318 659 482 707 concursu
505 631 652 731 quodam
670 631 825 724 fortuito,
850 638 1049 717 omittamus.
1082 646 1132 720 ni·

58 744 108 819 hil
126 760 176 818 est
191 741 284 816 enim=
302 735 393 836 apud
408 734 511 822 istos,
537 735 629 834 qnod
641 756 719 810 'non
736 754 922 814 atomorum
938 744 1043 819 turba'
1056 774 1135 822 con-

58 847 157 921 ficiat.
188 853 266 923 23.
287 841 414 912 Harum
437 836 674 910 sententiarum
696 866 780 938 quae
794 868 871 915 vera
888 843 949 933 sit,
975 846 1056 922 deus
1075 849 1134 925 ali-

59 949 165 1050 quis1
187 943 323 1027 viderit:
350 968 433 1040 quae
456 938 526 1012 veri
548 938 731 1030 simillima,
763 972 883 1041 magna
905 950 1054 1046 quaestio
1077 970 1133 1027 est,

58 1068 171 1124 utrum
189 1047 291 1147 igitur
312 1044 427 1124 inter,2
460 1041 521 1114 has
545 1043 736 1139 septentias„
753 1045 937 1122 diiudicare
960 1051 1135 1147 malumus,
1202 1124 1205 1129 ,

60 1183 105 1229 an
115 1212 121 1216 η
129 1152 172 1226 ad
189 1147 400 1251 propositum
417 1142 550 1217 redire?
594 1148 635 1217 A.
661 1146 825 1246 Cuperem
841 1150 995 1250 equidem
1010 1173 1136 1230 utrum-

60 1284 144 1357 que,
170 1254 201 1327 si
217 1266 346 1352 posset:
373 1247 433 1320 sed
449 1262 498 1319 est
513 1245 648 1320 difficile
663 1249 874 1325 confundere.
907 1257 1008 1352 qua're
1024 1258 1074 1347 si,
1098 1277 1137 1333 ut

59 1360 127 1432 ista
143 1383 212 1430 non
227 1353 449 1436 disserantur,
474 1347 609 1422 liberari
629 1351 746 1424 mortis
765 1370 855 1426 metu
876 1381 1074 1454 possumus,
1099 1362 1136 1436 id

61 1487 216 1558 agamus:
243 1456 296 1529 sin
312 1454 349 1526 id
365 1481 434 1524 non
452 1468 579 1550 potest,
605 1451 671 1526 nisi
702 1453 764 1526 hac
791 1456 984 1555 quaestione
1008 1462 1136 1536 animo-

62 1591 138 1636 rum
155 1559 333 1660 explicata·,
359 1582 464 1640 nunc,
490 1553 521 1626 si
535 1554 680 1643 videtur,
707 1555 788 1644 hoe;
814 1556 898 1631 illud
912 1559 1001 1634 alias.
1071 1637 1074 1645 ,

164 1667 212 1736 M.
239 1659 342 1758 Quod
356 1655 452 1730 malle
463 1671 495 1729 te
505 1655 664 1753 intelligo,
680 1657 718 1730 id
731 1676 813 1758 puto
829 1688 901 1735 esse
919 1665 1135 1741 commodius.

62 1766 185 1843 efficiet
198 1763 286 1838 enim
295 1760 391 1849 ratio,
416 1775 462 1847 ut,
489 1786 714 1858 quaecumque
732 1790 809 1835 vera
825 1762 869 1836 sit
886 1784 1138 1858 earumsenten-

61 1871 203 1954 tiarum,
229 1893 310 1965 quas
335 1862 492 1962 exposui,
517 1889 608 1934 mors
633 1879 688 1934 aut
710 1863 833 1938 malum
848 1869 993 1956 nonsit,
1021 1887 1077 1943 aut
1094 1870 1151 1961 sit⁸

61 1974 191 2046 bonum
205 1967 325 2070 potius.
359 1960 424 2043 '24
449 1965 535 2037 Nam
553 1964 582 2036 si
598 1992 656 2037 cor
672 1981 727 2037 aut
742 1967 877 2066 sanguis
895 1986 950 2042 aut
965 1972 1138 2044 cerebrum

64 2092 115 2148 est
133 2073 279 2156 animus3
306 2084 410 2151 certe,
436 2066 594 2165 quoniam
609 2083 659 2140 est
675 2092 816 2167 corpus,¹
832 2070 982 2144 interibit
996 2102 1071 2146 cum
1085 2103 1138 2147 re-

62 2178 155 2276 liquo
185 2199 343 2273 corpore:
380 2168 409 2241 si
436 2168 546 2240 anima
574 2185 641 2253 est,
676 2169 816 2254 fortasse
843 2173 1081 2273 dissipabitur:
1107 2177 1136 2249 si

63 2279 164 2378 ignis,
192 2275 432 2371 exstinguetur:
460 2270 489 2342 si
506 2286 556 2342 est
568 2269 759 2344 Aristoxeni
778 2273 961 2363 harmonia,
980 2277 1138 2351 dissolve-

27 2424 30 2431 ·
64 2399 127 2454 tur.
180 2378 274 2475 Quid
297 2376 338 2448 de
354 2371 560 2446 Dicaearcho
579 2372 705 2462 dicam,
732 2375 789 2473 qui
807 2374 892 2447 nihil
915 2379 1051 2451 omnino
1068 2380 1139 2451 ani-

64 2511 157 2557 mum
175 2482 264 2554 dicat
280 2479 374 2551 esse?
412 2475 474 2546 His
490 2475 661 2547 sententiis
679 2476 844 2548 omnibus
855 2476 939 2550 nihil
954 2496 1032 2578 post
1049 2508 1139 2553 mor-

64 2605 132 2660 tem
158 2583 323 2684 pertinere
353 2579 396 2651 ad
422 2604 621 2677 quemquam
649 2593 775 2676 potest:
801 2579 926 2678 pariter
951 2581 1039 2654 enim
1064 2611 1138 2655 cum

64 2690 132 2763 vita
152 2713 269 2760 sensus
295 2682 473 2755 amittitur:
510 2707 580 2752 non
609 2679 780 2754 sentientis
806 2697 935 2769 autem,
969 2682 1053 2755 nihil
1080 2700 1139 2770 est,

64 2791 167 2865 ullanr
184 2790 219 2861 in
233 2802 361 2887 partem
379 2783 470 2883 quod
485 2780 621 2854 intersit,
637 2781 841 2883 reliquorum
855 2784 1035 2859 sententiae
1045 2814 1139 2886 spem

65 2893 227 2979 afferunt,
254 2890 283 2962 si
305 2904 339 2960 te
354 2888 438 2959 sorte
457 2885 522 2956 hoc
542 2883 696 2971 delectat,
722 2913 822 2985 posse
838 2887 978 2975 animos,
1004 2916 1139 2987 quume

66 2994 266 3095 corporibus
282 2987 501 3074 excesserint,
527 2984 563 3058 in
579 2985 724 3075 coelum,
751 2988 846 3086 quasi
874 2988 910 3062 in
934 2989 1140 3063 domicilium
1185 3015 1189 3022 ’

65 3125 183 3186 suum,
208 3092 388 3195 pervenire.
439 3094 479 3164 A.
505 3089 562 3161 Me
584 3116 662 3161 vero
686 3088 842 3163 delectat:
868 3091 969 3191 idque
994 3092 1140 3192 primum

141 3287 160 3341 9
182 3281 224 3332 Sic
241 3281 273 3332 R.
296 3279 321 3330 b.
342 3275 401 3326 Alii
420 3302 453 3313 -
472 3275 533 3325 Ern.
555 3292 576 3325 c.
601 3274 669 3341 vulg.
687 3271 754 3342 fere
777 3276 899 3327 omnium.
956 3282 970 3336 1
992 3279 1073 3328 Recte
1097 3281 1139 3329 Or.

66 3373 89 3404 c.
107 3353 140 3403 R.
155 3353 188 3401 D.
206 3348 299 3417 aliqui.
316 3346 348 3395 V.
370 3342 435 3393 Adn.
465 3341 493 3392 in
515 3343 559 3396 IV·
578 3347 624 3403 16,
650 3360 688 3409 pr.
722 3344 785 3401 21.
801 3353 947 3410 suspectum
961 3343 1140 3396 habetincer:

66 3434 181 3489 proquo
197 3416 290 3468 Ellens.
300 3417 322 3472 1.
336 3417 362 3470 3.
378 3411 473 3460 habent
488 3409 535 3467 in5
551 3425 634 3476 neque
651 3409 714 3460 alias
730 3410 856 3477 reperitur
871 3410 935 3462 hacc
951 3411 1115 3463 constructio.
1201 3422 1206 3428 “

100 3554 161 3604 Car.
177 3551 225 3600 XI.
247 3546 319 3619 opud
335 3544 415 3610 istos)
438 3544 471 3592 Η.
486 3559 508 3592 e.
524 3541 593 3609 apud
624 3559 690 3603 nem,
707 3553 816 3592 mortem
830 3559 887 3597 nou
899 3545 1063 3606 essemulum,
1079 3560 1141 3611 pcr-

66 3618 243 3674 Democritum
265 3625 292 3665 ct
308 3612 352 3682 qui
366 3613 419 3662 eius
446 3609 479 3659 de
500 3609 591 3659 atomis
624 3607 703 3675 sequi.
744 3608 913 3678 Conscendere
942 3611 1008 3662 enim
1029 3611 1142 3678 exquisi-

66 3689 227 3741 rationemse
245 3691 345 3734 uuntur.
358 3677 517 3730 Democritus
526 3675 593 3727 enim
624 3676 686 3726 tiori
708 3694 754 3727 usu
776 3695 956 3746 nonnunquam
976 3679 1079 3748 ponitur
1094 3696 1142 3758 pro

66 3756 162 3808 multos
173 3753 240 3803 habe
259 3758 440 3808 attestatores,
453 3745 592 3810 interquos
624 3744 792 3814 coniungere,
809 3748 968 3797 consociare.
993 3747 1061 3799 Hinc
1075 3746 1143 3798 dici-

66 3824 178 3875 msxime
195 3818 316 3871 excelluit
327 3816 463 3884 Epicurus,
480 3810 524 3879 qui
540 3810 592 3861 eius
624 3820 667 3861 tur
681 3811 736 3862 Fin.
751 3814 782 3865 V.
796 3817 838 3878 23,
855 3817 897 3872 67.
912 3812 1034 3932 conparis
1054 3815 1143 3867 virtu·

68 3893 102 3943 de
127 3888 221 3940 atomis
249 3886 353 3936 decreta
373 3880 478 3932 ulterius
503 3896 593 3946 perse·
625 3891 696 3941 tum,
731 3889 758 3929 et
782 3880 819 3930 sic
848 3898 924 3951 saepe
965 3882 1049 3949 egitur
1078 3899 1143 3933 con-

68 3967 162 4028 quutus
176 3965 224 4006 est.
256 3955 297 4004 De
309 3948 401 4020 plurali
415 3950 483 3998 istos
494 3964 519 3997 ν.
535 3946 593 3996 Ad·
619 3943 705 4015 susus
724 3964 772 4014 pro
793 3949 954 4000 coniunctus.
1004 3952 1037 4000 V.
1059 3949 1142 4000 Beier.

68 4035 161 4079 notata
178 4023 206 4073 in
223 4039 245 4070 c.
262 4025 295 4081 7,
313 4024 354 4076 12·
584 4070 588 4077 .
627 4013 1008 4085 adoffic.11.3‚10.p,22.
1210 4077 1212 4081 ,

122 4087 296 4166 confundere)
311 4088 344 4135 H.
354 4102 375 4134 e.
385 4092 518 4165 utrumque
528 4097 593 4131 con·
677 4083 725 4131 Me
737 4100 799 4131 vero
813 4082 937 4151 delectat)
954 4083 1082 4134 Particula
1094 4098 1143 4131 ue-

70 4163 195 4228 iungere‚
230 4164 257 4206 et
284 4164 352 4204 mter
384 4169 426 4201 eas
454 4147 592 4200 sententias
626 4165 672 4211 ro,
704 4149 812 4200 maxime
833 4151 1025 4218 pronominibus
1048 4149 1146 4207 addita,

70 4227 230 4288 diiudicare,
248 4231 275 4273 et
289 4218 446 4290 propositam
460 4215 592 4283 quaestio·
627 4213 1162 4286 affimandihubetsigmbcat'xonem,ah-

931 4291 957 4357 5
