2640 4626
546 167 671 218 uranu
688 167 779 229 un.
1136 165 1197 232 371

122 288 255 375 debent,
282 303 456 386 antequam
471 285 507 357 hi
522 301 589 359 srnt
605 284 739 372 inventi,
764 285 885 359 multos
901 285 995 360 beate
1011 288 1131 362 vixisse
1146 318 1199 364 sa.

120 391 261 492 picatis:
289 388 409 462 deinde
440 387 542 460 multo
567 387 727 461 maiorem
754 389 881 488 percipi
915 417 1016 488 posse
1050 389 1198 488 legendis

122 495 188 581 bis,¹
212 521 311 592 quam
327 490 512 576 audiendis,
536 489 769 590 voluptatem·
799 498 879 572 117.
913 492 1010 581 Tum,
1035 510 1070 564 ut
1085 494 1197 593 paullo

122 613 198 669 ante
215 623 330 671 caecos
348 595 391 666 ad
404 593 532 666 aurium
551 592 807 672 traducebamus
823 593 1035 694 voluptatem,
1061 596 1109 670 sic
1122 596 1198 671 licet

121 699 242 775 surdos
267 698 310 770 ad
334 696 515 769 oculorum.
567 695 687 769 etenim
712 696 769 795 qui
801 725 914 770 secum
947 695 1039 797 loqui
1064 700 1197 799 poterit,

120 829 307 875 sermonem
324 798 456 872 alterius
480 826 547 870 non
562 798 715 898 requiret.
809 872 812 877 ,
1076 862 1077 868 ,

223 904 452 999 Congerantur
477 901 512 972 in
528 929 631 973 uuum
649 900 770 986 omnia,
791 916 827 972 ut
848 900 938 974 idem
961 898 1066 998 oculis
1086 919 1118 975 et
1139 933 1196 976 au-

120 1006 215 1077 ribus
233 1022 349 1104 captus
366 1004 429 1090 sit3
446 1020 616 1103 prematur
631 1002 730 1076 ctiam
747 1001 919 1076 doloribus
934 1004 1102 1077 acerrimis
1123 1033 1197 1079 cor-

119 1109 222 1207 poris.
274 1107 331 1206 qui
344 1105 495 1206 primum
516 1133 577 1204 per
594 1133 629 1179 sc
646 1105 713 1205 ipsi
727 1105 921 1206 plerumque
940 1106 1118 1180 conficiunt
1134 1107 1195 1181 hoss

122 1211 265 1282 minem:
280 1209 344 1282 sin
359 1208 444 1281 forte
461 1207 700 1311 longinquitate
713 1207 880 1308 producti,
905 1208 1131 1283 vehementius
1146 1226 1195 1283 ta-

118 1341 196 1386 men
212 1327 376 1411 torquent,
402 1339 501 1409 quarn
517 1326 554 1382 ut
575 1337 691 1384 caussa
707 1310 750 1383 sit
773 1338 832 1383 cur
849 1311 1013 1384 ferantur:
1039 1312 1121 1412 quid
1146 1329 1195 1386 est

118 1415 263 1500 tandem,
290 1414 337 1487 dii
354 1412 455 1496 boni!
482 1413 572 1511 quod
594 1411 806 1487 laboremus?
844 1411 966 1486 Portus
989 1412 1077 1486 enim
1098 1442 1213 1514 prae--

119 1534 170 1591 sto
198 1533 264 1602 est,
292 1516 475 1618 [quoniam
498 1543 588 1588 mors
605 1514 731 1589 ibidem
759 1531 808 1588 est
831 1517 899 1617 ⁸,]
927 1532 1093 1589 aeternum
1109 1517 1194 1590 nibil
1219 1588 1223 1595 .

119 1619 283 1693 sentiendi
303 1630 320 1672 ⁹
345 1616 596 1718 receptaculum.
640 1617 845 1692 'Theodorus
861 1612 1080 1720 Lysimacho,
1105 1647 1194 1692 mor-

119 1739 187 1794 tem
196 1721 386 1795 minitanti:
420 1725 597 1816 Magnum
613 1748 701 1807 vero,
726 1719 843 1818 inquit,
870 1722 1031 1820 effecisti,
1058 1723 1094 1793 si
1110 1749 1194 1793 can·
1298 1755 1306 1769 ·’

120 1822 274 1905 tharidis
301 1827 370 1896 vim
399 1837 604 1895 consecutus
627 1850 672 1895 es.
726 1828 806 1903 11⁸8.
838 1820 973 1895 Paullus
991 1822 1112 1896 Persae
1136 1823 1194 1896 de-

120 1925 284 2025 precanti,
309 1954 351 1998 ne
374 1925 409 1998 in
430 1924 601 2025 triumpho
621 1924 812 1998 duceretur:
844 1920 893 1997 Iri
917 1939 980 1996 tua
994 1920 1038 1997 id
1049 1925 1194 2025 quidem

117 2041 294 2127 potestate
315 2041 375 2100 est.
425 2026 532 2100 Multa
553 2026 663 2127 primo
685 2027 756 2113 dic,
774 2054 890 2127 ¹quum
917 2026 959 2099 dc
987 2026 1061 2127 ipsa
1086 2043 1193 2101 morte

120 2157 367 2228 quaereremus;
393 2157 462 2201 non
489 2158 596 2229 pauca
621 2128 720 2202 ctiam
745 2145 897 2228 postero,
923 2155 1025 2228 quum
1042 2146 1193 2227 ageretur

118 2233 160 2305 de
186 2231 317 2318 dolore,
342 2247 419 2307 sunt
442 2231 530 2305 dicta
565 2232 752 2305 demone:
778 2242 869 2330 'quae
902 2231 958 2330 qui
990 2230 1191 2319 recordetur,

118 2334 210 2407 haud
228 2363 306 2407 sane
319 2333 504 2434 periculum
530 2349 589 2421 est,
614 2360 656 2406 ne
682 2362 751 2406 non
770 2351 908 2409 mortem
929 2349 986 2407 aut
1001 2333 1192 2434 optandam,

120 2453 175 2509 ant
201 2454 287 2510 certe
309 2465 379 2509 non
399 2435 580 2510 timendam
605 2444 706 2535 putet.
756 2437 843 2508 XLI.
876 2435 963 2507 Mihi
994 2436 1129 2534 quidem
1155 2433 1191 2509 in

118 2539 184 2611 vita
204 2539 365 2612 servanda
389 2539 520 2612 videtur
537 2537 593 2610 illa
607 2536 669 2625 lex,
695 2537 828 2636 quaein
851 2537 1053 2610 Graecorum
1076 2537 1190 2610 convi-

117 2641 181 2713 viis
203 2641 330 2714 obtinet
349 2651 385 2713 1:
413 2654 478 2713 aut
498 2641 615 2726 bibat,
642 2640 768 2738 inquit,
795 2653 860 2710 aut
883 2641 1012 2712 abeat!
1036 2657 1067 2713 et
1095 2633 1212 2713 recte(

118 2759 175 2815 aut
192 2743 279 2816 enim
297 2742 426 2816 fruatur
441 2742 559 2842 aliquis
575 2743 701 2842 pariter
716 2770 790 2815 cunr
809 2740 882 2814 aliis
896 2741 1062 2841 voluptate
1072 2759 1191 2842 potan-

119 2845 177 2931 di;
204 2861 276 2933 aut,
302 2874 344 2918 ne
372 2844 505 2917 sobrius
531 2845 566 2917 in
582 2843 772 2918 violentiam
793 2843 1037 2916 vinolentorum
1056 2844 1190 2928 incidat,
1287 2906 1289 2910 .

120 2964 194 3020 ante
215 2948 364 3021 discedat
374 2965 387 3020 ε’
408 2948 456 3020 sic
479 2947 617 3020 iniurias
631 2947 802 3034 fortunae,
827 2974 908 3047 quas
929 2945 1015 3018 ferre
1035 2973 1190 3046 nequeas,

118 3236 120 3240 ’
186 3220 260 3278 88ἰο
285 3219 317 3270 de
332 3219 415 3270 Bentl.
439 3217 566 3269 sententia
583 3221 614 3269 D.
628 3221 687 3269 Em.
723 3217 791 3280 „Sed
807 3217 936 3268 recteiom
951 3217 1042 3267 Nissen
1066 3217 1199 3267 observa-'

119 3286 173 3346 rit,
199 3288 296 3343 nullam
311 3305 415 3355 prorsus
430 3302 543 3337 caussam
558 3282 675 3354 exputa'ri
694 3290 784 3365 posse,
804 3304 848 3336 cur
858 3295 922 3335 ·tam
934 3284 1101 3350 incongruum
1116 3285 1189 3349 glos-

119 3372 187 3404 sema
202 3354 333 3422 quisquam
347 3353 490 3405 inculcarit.
526 3353 594 3415 Quid
609 3353 675 3404 enirn
692 3353 749 3407 istis
771 3353 853 3403 verbis
869 3370 891 3414 ⁴a
911 3370 938 3402 se
961 3352 1116 3419 explicatum
1131 3349 1188 3400 exi-

119 3422 276 3472 stimasset.“
311 3426 352 3472 Or.
370 3422 411 3489 qui
428 3439 502 3471 unam
516 3431 615 3472 tautum
630 3439 718 3471 vocem
736 3421 847 3481 ibidem,
864 3430 893 3470 ut
909 3419 995 3486 gloss,
1010 3418 1080 3468 uncis
1095 3417 1187 3468 cinxit:

118 3491 242 3556 quoniam
261 3507 330 3538 mors
346 3491 388 3556 (sc.
402 3499 521 3567 praesto,
540 3506 587 3556 pro
604 3507 654 3557 qno
672 3488 800 3555 glossator
814 3487 880 3538 falso
895 3482 997 3553 intrusit
1012 3485 1117 3552 ibidem)
1140 3497 1188 3546 est,

118 3569 256 3606 aeternum
263 3561 331 3607 cet.“
339 3586 371 3595 -
380 3557 478 3607 Nissen.
489 3557 555 3606 coni.
573 3557 696 3625 quoniam
705 3574 774 3606 mors
804 3557 891 3606 uidem
899 3567 940 3605 eat
947 3567 1082 3604 aeternum
1098 3563 1146 3603 cet.
1156 3581 1188 3620 ··.

75 3622 79 3627 ’
117 3573 963 3693 osicR.cumaliis00dd.‚-Cf.ooer.adtcad11.§.100.
997 3621 1187 3679 .183.-Ern.'
1284 3658 1286 3663 ⁴

119 3710 140 3743 c.
158 3693 227 3760 vulg.
245 3693 380 3743 sentienti.
415 3697 428 3749 1
447 3691 488 3759 Sic
504 3692 572 3742 W.e
587 3693 619 3742 D.
636 3691 703 3743 coni.
716 3695 749 3731 -'
763 3695 822 3742 Ero.
838 3710 859 3743 c.
876 3690 944 3756 vulg.
960 3641 1098 3742 adtinctur.

171 3849 227 3902 117.
243 3843 414 3894 cantharidis
428 3843 488 3908 vim)
516 3842 637 3893 Cantha-
671 3844 723 3905 est)
733 3843 759 3892 in
768 3841 895 3910 uinrnpho
905 3838 1116 3908 nonduci,quum
1124 3837 1190 3888 hanc

117 3913 160 3963 ria
176 3929 315 3978 exgenere
337 3911 542 3972 scarabaeorum,
567 3911 638 3961 auius
671 3911 836 3977 ignominiam
852 3919 935 3960 morte
967 3905 1029 3958 ossis
1043 3907 1146 3959 evitare.
1171 3940 1174 3947 ι

118 3997 206 4030 succus
222 3989 360 4029 venenatus
379 3978 405 4027 in
423 3994 498 4027 vonas
512 3978 644 4045 ingrersus
723 3979 782 4028 Gur.
795 3979 864 4028 XLI.
883 3989 929 4028 aut
944 3927 965 4026 d

117 4048 225 4115 pestifer
236 4046 353 4105 etletulis
363 4057 411 4096 est.
428 4045 639 4097 Schuetz.Lexic.
673 4043 806 4110 Graeceii
828 4048 895 4098 πῖθι
912 4041 930 4105 ’ἢ
948 4041 1042 4096 ἄπιθι.
1075 4046 1087 4108 (
1094 4041 1190 4092 Nobis:

118 4134 138 4166 s.
156 4133 180 4166 r.
204 4117 241 4165 Dc
256 4115 393 4165 Theodoro
411 4115 444 4164 cf.
459 4116 478 4163 Ι.
496 4116 539 4177 43,
555 4132 595 4183 pr.
673 4114 736 4164 sau?
765 4114 827 4164 oder
856 4113 953 4168 loul'!)
992 4114 1086 4162 Erasm.
1108 4109 1190 4173 Adag.

171 4189 228 4243 118.
245 4187 279 4234 In
292 4197 339 4234 tua
352 4183 382 4232 id
391 4183 495 4250 quidem
508 4193 640 4252 potestate
674 4181 739 4235 cuit.
756 4184 775 4231 Ι.
792 4191 860 4232 cent.
876 4180 978 4301 X,‘)47¹⁸¹

515 4285 518 4288 ·
908 4265 949 4318 A

959 3975 1023 4038 ibat,
1038 3988 1085 4026 aut
1099 3972 1190 4038 abeat)
1202 3992 1213 4000 ·
1286 3980 1290 3985 '
