2640 4626
566 197 692 249 nrnnn
709 197 728 248 c
745 199 770 257 o.
1156 185 1199 255 61

115 313 216 387 ⁴ultra
234 313 322 388 enim
340 343 406 414 quo
423 313 638 415 progrediar,
663 343 763 414 quam
781 330 819 387 ut
833 313 903 389 veri
921 313 1051 387 videam
1066 313 1197 405 similia,

128 445 199 501 non
213 416 330 490 babeo.
358 433 445 490 certa
456 416 567 490 dicent
583 416 617 505 ii,
643 416 700 518 qui
715 434 747 491 et
760 415 890 519 percipi
905 444 943 490 ea
957 444 1056 516 posse
1073 417 1198 517 dicuni,

128 535 160 592 ct
178 547 214 622 se
231 518 392 618 sapientis
412 547 483 592 esse
500 518 704 619 profitentur.
755 525 795 595 A.
814 521 884 611 Tu,
909 534 945 590 ut
962 519 1107 596 videtur:
1133 524 1196 594 no's

117 622 172 693 'ad
199 621 401 694 audiendum
426 621 533 722 parati
557 649 679 697 sumus.
808 710 811 715 ,
1037 694 1043 699 .

232 729 287 803 18.
313 727 360 796 Μ.
377 724 473 796 Mors
491 722 592 821 igitur
608 723 692 823 ipsa,
706 751 790 823 quae
805 722 935 796 ridetur
951 722 1126 795 notissima
1141 751 1195 799 res

128 853 217 913 esse,
243 825 325 925 quid
344 825 404 915 sit,
428 826 575 925 primunr
593 842 642 899 est
664 819 851 916 videndum.
902 825 988 898 Sunt
1006 825 1111 913 enim,
1138 818 1197 925 qu‘i

128 928 312 1001 discessum
337 927 437 1000 animi
469 956 651 1027 acorpore
676 944 792 1029 putent
817 933 888 1001 e'sse
914 943 1061 1000 mortem.
1109 944 1197 1020 sunt,

128 1029 187 1129 qni
205 1028 331 1102 nullum
353 1047 508 1103 censeant
529 1029 600 1103 lieri
617 1030 817 1118 discessum,
842 1030 902 1103 sed
918 1058 984 1103 una
999 1029 1146 1103 animum
1163 1038 1195 1103 et

128 1160 251 1231 corpus
265 1131 428 1220 occidere,
453 1133 663 1232 animumque
679 1132 743 1204 in⁵
765 1159 904 1230 corpore
919 1132 1089 1230 exstingui.
1136 1131 1195 1231 qui

127 1234 299 1307 discedere
317 1234 463 1307 animum
479 1252 629 1323 censent,
655 1233 711 1306 alii
732 1234 842 1306 statim
865 1234 1040 1334 dissipari,
1066 1233 1122 1306 alii
1137 1235 1195 1307 diu

126 1364 339 1437 permanere,
371 1335 427 1409 alii
450 1365 587 1436 semper.
646 1335 740 1433 Quid
762 1335 806 1407 sit
829 1363 931 1435 porro
955 1337 1028 1435 ipse
1055 1336 1195 1426 animus,

126 1437 276 1526 aut'ubi‚
301 1455 357 1511 aut
371 1438 478 1528 unde,
501 1467 621 1537 magna
639 1439 804 1511 dissensio
822 1455 883 1510 est.
920 1436 993 1510 aliis
1011 1465 1068 1509 cor
1085 1438 1195 1538 ipsum

127 1540 258 1614 animus
276 1540 422 1616 videtur:
449 1570 487 1615 ex
504 1569 570 1640 quo
580 1541 767 1627 recorder,
794 1538 965 1639 recorder,
992 1538 1195 1636 concordes-

126 1670 192 1742 que
214 1642 386 1734 dicuntur3
412 1660 444 1717 et
458 1643 580 1718 Nasica
596 1643 657 1733 ille
670 1643 836 1745 prudens,
860 1641 915 1716 bis
940 1641 1083 1732 Consul,
1111 1644 1195 1715 Cor-

126 1746 269 1832 culum;
294 1762 326 1819 et

263 1883 402 1965 Egregie
419 1881 561 1944 cordatus
574 1884 674 1954 home,
702 1883 799 1944 Catus
818 1884 924 1944 Aelin'
944 1885 1060 1944 Sextus.

126 2004 185 2075 19.
209 1996 428 2097 Empedocles
444 1998 590 2070 animum
608 2022 679 2072 esse
697 2015 809 2072 censet
822 1998 917 2071 cordi
929 1997 1097 2073 sullnsnm
1117 2025 1195 2070 san·
1299 2030 1302 2040 ¹

125 2099 269 2196 guinem.
296 2098 369 2172 aliis
387 2126 465 2200 pars
481 2101 642 2200 quaedam
665 2100 792 2174 cerebri
816 2102 887 2173 visa
911 2117 960 2173 est
983 2100 1085 2173 animi
1100 2101 1194 2201 prin-

126 2201 275 2302 cipatum
292 2218 412 2276 tenere.
444 2201 517 2275 aliis
542 2231 602 2277 nec
628 2231 686 2276 cor
703 2203 814 2303 ipsum
833 2202 962 2305 placet,
987 2230 1050 2278 nec
1066 2202 1194 2278 cerebri

138 2354 144 2364 ·
193 2394 211 2446 5
227 2388 269 2439 Sic
285 2388 366 2440 codd.
382 2389 567 2442 Pm-nrn.
583 2408 607 2456 p.
620 2388 747 2459 plerisque
763 2389 828 2440 Edd.
843 2399 907 2440 vett.
921 2407 986 2440 eum.

121 2507 179 2557 Cic.
194 2505 264 2576 phil.
276 2524 302 2574 p.
315 2505 427 2565 66-741
444 2506 489 2558 ubi
505 2505 642 2556 Academi·
673 2516 776 2569 acutus,
791 2506 880 2570 solers,
898 2522 1002 2573 gnarus:
1024 2514 1088 2572 qnae
1104 2496 1193 2568 rox,⁴a
1302 2544 1304 2548 »

124 2591 213 2625 corum
239 2575 417 2643 Ciceronisque
444 2573 641 2641 philosophandi
674 2573 786 2637 Sabinis,
809 2584 912 2624 auctore
927 2574 1042 2624 Varrone
1056 2575 1086 2622 L.
1102 2574 1133 2623 L.
1148 2575 1192 2624 VI.
1297 2604 1299 2609 ,

124 2641 253 2692 rationem
268 2642 323 2691 firse
339 2641 485 2709 persequuti
498 2659 590 2691 sumus.
673 2646 698 2700 3.
711 2641 792 2713 medq
804 2641 889 2702 ducta,
902 2641 929 2690 in
942 2639 1123 2707 anitiquioribus
1138 2641 1192 2690 La-

176 2721 251 2759 certa
266 2709 367 2774 dicem)
385 2712 456 2759 Zeno
471 2709 553 2771 enim,
572 2708 641 2759 stoi·
673 2709 704 2760 tii
720 2709 885 2776 scriptoribus
910 2709 1086 2774 frequentata,
1112 2707 1193 2757 Tullii
1228 2723 1230 2728 ·

124 2793 170 2826 cae
182 2776 329 2844 disciplinae
337 2786 433 2838 auctor,
451 2775 591 2844 sapientem
604 2776 642 2825 ita
674 2786 758 2828 aetate
768 2794 820 2826 non
829 2775 934 2842 amplius
948 2774 974 2824 in
990 2776 1101 2825 usnfuit.
1120 2777 1193 2836 Qua-

123 2843 259 2893 cfformare
275 2843 385 2905 volebat,
402 2843 444 2910 qui
453 2842 642 2913 nunquamfnl-
673 2853 780 2911 propter
803 2843 836 2893 de
856 2846 936 2909 Legg.
959 2844 987 2905 1,
1010 2846 1057 2904 16,
1081 2843 1124 2900 45.
1142 2842 1191 2892 ait:

121 2911 234 2973 leretur,
252 2911 316 2960 nihil
329 2911 483 2978 opinaretur,
500 2911 546 2960 sed
558 2910 642 2961 omniu
675 2910 738 2972 Quis
758 2911 837 2977 igitur
858 2911 1023 2979 prudentem,
1048 2918 1088 2972 et,
1107 2921 1135 2959 ur
1151 2911 1192 2959 itu

123 2978 230 3028 firmiter
251 2977 342 3040 sciret,
365 2977 438 3028 etin
458 2977 570 3028 sensibus
594 2994 642 3028 eo·
675 2978 951 3039 dicam,cntnn1‚non
967 2976 1084 3044 exipsius
1093 2976 1190 3038 habitu,

121 3062 228 3113 rumque
243 3044 388 3096 notionibus
402 3043 456 3094 veri
471 3044 642 3112 felsiqneno-
674 3044 720 3095 sed
744 3062 776 3094 ex
796 3045 879 3112 aliqua
897 3061 925 3095 re
948 3054 1051 3094 externa
1076 3043 1192 3094 iudicet?

122 3123 177 3163 tarn
193 3114 275 3173 inesse
297 3121 428 3162 statueret.
461 3114 493 3164 V.
514 3130 561 3163 nos
577 3111 596 3162 l.
614 3111 640 3162 d.
674 3112 718 3163 ubi
730 3129 755 3162 v.
764 3113 889 3163 Goerena.
903 3130 929 3179 p.
939 3116 980 3170 71.
998 3111 1071 3162 Adde
1085 3111 1192 3162 eundern

122 3199 149 3248 P·
170 3183 308 3239 151·163·
674 3179 707 3231 ad
721 3178 841 3250 bcadem.
858 3182 889 3231 11.
906 3185 948 3243 30,
963 3183 1005 3238 97.
1023 3197 1049 3246 p.
1067 3183 1125 3238 177.

177 3252 220 3326 18·
239 3245 388 3325 mulum)
402 3245 641 3326 llafimnlitawg'
688 3310 691 3314 ·
724 3280 821 3347 Aeliu)
847 3264 920 3330 Orat*
936 3276 979 3339 48.
1013 3282 1121 3331 Itanon
1136 3289 1191 3329 erat

122 3324 280 3408 P⁰mm³l¹lm
287 3315 372 3377 Μεθ’
388 3314 476 3364 cmm
485 3325 562 3364 mam
569 3316 642 3363 Bm*
675 3346 782 3399 offensio
798 3347 825 3397 in
838 3347 958 3408 versibus,
976 3365 1051 3415 quam
1065 3364 1132 3396 nunc
1147 3348 1192 3396 fu-

122 3387 169 3440 20'
190 3382 288 3432 thu⁸
302 3383 335 3432 H‘
348 3383 382 3432 N'
398 3383 461 3445 VH’
477 3384 520 3439 3¹¹
536 3390 563 3430 et
580 3385 641 3435 ΑΨ·
674 3415 748 3481 ginnt
760 3424 854 3482 poetae
869 3415 938 3464 novi.
962 3416 1001 3464 Itu
1018 3414 1085 3464 enim
1099 3413 1191 3480 loque-

120 3452 213 3502 v¹⁰t⁰r
227 3449 259 3499 de
276 3449 374 3500 m'ffl‘
388 3449 431 3506 Μ’
444 3457 556 3498 narrant'
574 3447 642 3498 Tm*
674 3483 775 3533 bamur:
806 3483 856 3546 Qui
879 3480 1044 3531 estonmibu'
1056 3483 1191 3550 princeps,

120 3526 161 3567 rut
175 3527 260 3567 autem
273 3517 323 3567 hoc
340 3514 642 3593 cognomenapruden-
674 3548 890 3611 n0n‚·01nnibus
909 3549 1043 3621 princeps,
1084 3551 1118 3599 Et
1134 3550 1192 3599 „im

120 3585 253 3717 ἷξεξξ
268 3584 641 3702 castraserras
673 3618 735 3735 »gg
748 3617 845 3746 {qq
862 3617 980 3741 gaue-
1023 3615 1063 3667 a.
1084 3615 1191 3678 Qu...

111 3716 184 3783 tuni,
202 3730 267 3770 teste
279 3713 365 3769 Festo.
847 3769 850 3775 ,

189 3788 309 3858 Egregie
329 3787 463 3852 cordatus)
488 3782 535 3836 Est
553 3802 640 3836 versus
725 3787 765 3842 19.
790 3783 962 3854 Empedocles
978 3815 1010 3823 —
1024 3785 1189 3865 sanguinem)

120 3854 211 3916 Ennii,
230 3872 304 3922 quem
318 3854 421 3915 Tullius
439 3863 466 3903 et
479 3853 521 3903 ‘de
530 3856 600 3902 Orat.
617 3855 638 3902 1.
672 3853 743 3902 Haec
755 3853 835 3902 ‘uerba
849 3853 887 3901 ita
902 3851 1051 3920 accipienda
1064 3853 1190 3915 indentur,

119 3924 173 3985 45,
194 3926 250 3981 198.
269 3921 321 3989 (ubi
343 3939 368 3978 v.
390 3921 506 3971 Mueller.
524 3939 549 3988 p.
568 3921 640 3986 135.)
672 3929 702 3970 ut
720 3919 887 3986 Empedocles
910 3936 961 3969 non
985 3920 1067 3987 ipsum
1084 3921 1190 3988 sangui-

119 3990 216 4040 laudat.
251 3989 382 4040 Corduena
396 3998 435 4038 est
450 3989 558 4055 sapiens,
576 4005 640 4055 pru-
673 4005 731 4037 nem
745 3986 855 4037 animum
872 4004 925 4036 esse
941 3988 1073 4049 statuerit,
1095 3988 1140 4037 sed
1163 3988 1190 4036 in

120 4058 192 4107 dens.
217 4059 266 4108 ‚Ita
289 4055 429 4123 appellatus
450 4067 489 4106 est
511 4057 565 4105 Cat.
583 4055 639 4104 Ael.
672 4054 793 4120 sanguine
815 4055 891 4105 animi
909 4055 1002 4105 sedem.
1037 4057 1068 4106 V.
1084 4056 1190 4111 Tenue-

119 4128 211 4175 Sextus
224 4134 330 4191 propter
341 4123 401 4173 iuris
414 4119 638 4184 civilisscientiam,
672 4140 748 4172 mann
776 4123 871 4172 Gescl.
896 4122 921 4173 d.
932 4122 1095 4192 ‘Philosoplu
1114 4124 1144 4172 T.
1167 4123 1188 4171 1.

120 4202 187 4244 teste
211 4193 332 4244 Cicerone
351 4190 370 4240 l.
392 4190 419 4242 d.
440 4219 474 4230 -
495 4193 577 4241 Carus
601 4199 640 4240 est
672 4208 698 4256 p·
715 4193 776 4249 253.
792 4200 820 4239 et
833 4189 949 4240 Davisius
963 4189 999 4240 ud
1015 4190 1043 4240 b.
1063 4190 1086 4239 l.
