2640 4626
446 204 491 253 ΔΙ)
511 202 727 254 LUDOLPHUM
744 198 870 251 DISSEN.
1156 207 1191 244 xr

120 321 329 423 quendisque
353 318 643 422 disquisitionibus
679 317 919 393 assuefaciendi
945 317 1082 392 materia
1112 345 1192 419 sup,-

1168 422 1184 472 ἱ.

119 459 333 560 peditaretur.

222 729 467 803 Adnotationes
489 744 623 803 nostrae
643 727 764 827 partim
787 743 958 800 versantur
976 726 1011 798 in
1030 724 1193 800 libromm

121 864 320 939 lectionibus
345 863 572 939 examinandis
598 881 631 939 et
649 864 693 936 ad
715 863 846 937 criticae
863 891 1014 935 normam
1038 890 1194 936 revocan-

77 996 82 1007 ’
121 999 187 1089 dis,
212 999 334 1100 partim
357 1000 392 1072 in
409 999 614 1100 exponendis
636 999 759 1087 verbis,
785 999 1021 1097 sententiisque
1038 1027 1076 1071 ae
1093 998 1192 1071 rebus

121 1136 331 1238 aperiendis..
359 1135 411 1209 Ac
428 1135 574 1235 primum
591 1135 700 1209 dicam
717 1135 758 1207 de
776 1134 897 1208 critica.
934 1135 1101 1234 Sequntus
1120 1163 1194 1209 sum

122 1301 199 1346 cum
214 1270 337 1344 Neidio
360 1271 587 1345 recensionem
604 1269 733 1358 Wollii,
759 1270 832 1369 qui,
857 1271 942 1343 miro
967 1271 1092 1368 ingenii
1117 1301 1194 1344 acu·

123 1407 215 1480 mine
233 1422 389 1495 ornatus,
415 1406 671 1506 exquisitissima
690 1405 916 1479 ciceronianae
944 1406 1194 1480 consuetudinis

123 1541 349 1640 orationisque
364 1542 543 1639 elegantiae
559 1542 696 1616 scientia
713 1542 878 1629 munitus,
902 1570 1031 1614 summa
1051 1541 1193 1641 denique
1223 1577 1234 1595 =

124 1678 258 1752 criticae
274 1677 428 1751 facultate
442 1678 632 1768 instructus,
650 1680 685 1751 in
699 1679 881 1779 scripturae
893 1678 1085 1776 integritate
1099 1679 1194 1751 resti-

120 1813 247 1888 tuenda
267 1813 461 1888 excellenter
487 1831 635 1888 versatus
662 1832 718 1888 est.
769 1815 916 1914 ltaque,
934 1814 995 1887 etsi
1024 1813 1193 1887 nonnullis

121 1948 206 2023 loeis
221 1950 256 2021 in
270 1948 427 2038 lectione,
456 1979 475 2024 a
491 1939 612 2025 Wolfio
634 1967 768 2051 recepta
783 1952 991 2051 acquiescere
1005 1979 1074 2023 non
1090 1950 1195 2050 potui,

123 2102 252 2174 tamen,
277 2114 379 2185 quum
402 2113 439 2160 ea
462 2102 494 2159 et
511 2115 616 2186 pauca
634 2105 760 2175 essent,
785 2117 846 2161 nee
863 2087 1045 2176 eiusmodi,
1069 2103 1106 2158 ut
1131 2085 1195 2160 ele-

118 2221 317 2320 gantissima
339 2223 395 2296 illa
416 2224 570 2296 recensio
587 2224 770 2297 deserenda
796 2241 898 2312 esset,
925 2253 1015 2312 eam,
1041 2253 1082 2297 ne
1099 2223 1195 2296 levis·
1240 2296 1243 2301 .

122 2357 210 2432 sima
236 2358 372 2457 quidem
398 2359 544 2431 admissa
568 2360 766 2447 mutatione,
794 2359 861 2432 nisi
887 2360 978 2459 quod
1012 2359 1194 2432 hincinde

124 2495 336 2596 apertissima
359 2496 635 2596 interpunctionis
657 2495 753 2583 vitia,
780 2523 863 2594 quae
884 2494 1120 2567 sententiarum
1144 2495 1194 2566 in-

121 2630 323 2728 telligentiae
343 2630 529 2719 officerent,
555 2631 690 2719 sustuli,
716 2632 877 2729 integram
899 2630 1121 2703 recudendam
1139 2659 1195 2703 eu.

122 2767 203 2838 ravi.
237 2768 363 2864 Magna
378 2768 444 2840 iam
461 2768 710 2841 adnotationum
725 2796 871 2840 mearum
886 2784 980 2867 parte
999 2767 1195 2867 perscripta,

122 2904 160 2975 in
178 2901 284 2975 lucem
305 2904 502 3002 prodierunt
515 2904 741 2991 Tusculanae,
768 2904 884 2977 Orellii
909 2895 1080 3001 diligentia
1099 2919 1196 3002 atque

124 3038 278 3112 acumine
296 3040 493 3113 recensitae:
519 3068 619 3139 quam
636 3040 816 3113 editionem
834 3068 935 3138 quum
952 3039 1082 3142 eximiis
1097 3039 1196 3112 bonis

124 3174 271 3247 viderem
299 3175 515 3264 cumulatam,
541 3193 572 3249 et
595 3175 748 3276 pluribus
775 3176 901 3248 locis'a
919 3175 1070 3250 wolfiaua
1086 3204 1199 3265 recen-

128 3312 224 3383 sione
240 3310 501 3410 discrepantem,
525 3311 608 3401 leei,
633 3330 682 3400 ut,
702 3313 883 3385 retractatis
899 3338 982 3411 quas
1001 3301 1200 3410 scripseram

118 3445 401 3526 ,adnotationibus
426 3447 567 3536 criticis,
600 3449 641 3521 ab
667 3448 763 3520 initio
787 3476 891 3547 usque
919 3446 961 3518 ad
987 3445 1086 3519 lmem
1114 3447 1201 3519 hanc

127 3583 359 3657 recensionem
378 3612 453 3656 eum
466 3582 617 3659 wolfiana
633 3584 827 3671 conferrem,
844 3599 874 3656 et
889 3599 992 3655 totam
1004 3583 1202 3656 variantium

125 3707 329 3809 lectionum,
356 3719 397 3790 ab
427 3717 553 3791 Orellio
577 3736 798 3806 enotatarum,
824 3718 956 3806 silvam,
982 3737 1104 3818 quanta
1133 3750 1201 3793 ma-

129 3856 223 3928 xima·
234 3863 368 3955 possem
383 3854 554 3951 diligentia
570 3856 833 3956 pervestigarem¹
870 3858 939 3928 Nec
956 3848 1105 3954 prolecto
1122 3885 1201 3956 poe-

115 3992 258 4065 jnitebat
273 4019 335 4079 me,
353 3992 440 4065 hanc
457 3990 665 4068 collationem
680 3992 872 4083 instituisse,
893 3988 1097 4067 laboriosam
1113 3991 1202 4065 illam
