2640 4626
202 207 244 278 42
315 232 319 239 ¹
609 217 869 269 anoaaeouaua
933 272 938 283 ,

203 343 344 422 piditates
379 341 488 421 partim
516 360 578 400 esse
610 339 762 399 naturales
787 349 818 398 et
848 339 1045 414 necessariam
1082 340 1194 418 partim
1222 361 1277 399 na-

202 445 314 504 turales
343 452 372 503 et
397 463 459 502 non
483 442 682 517 necessarias,
720 440 831 519 partim
865 461 922 499 nec
951 441 1103 500 naturales
1133 462 1189 501 nec
1224 464 1277 501 ne-

205 546 361 606 cessarias:
397 543 579 604 necessarias
610 541 714 603 satiari
735 563 821 621 posse
845 563 941 622 paene
966 541 1079 616 nihi103
1109 544 1277 604 secundum

137 660 140 666 ’
204 658 305 707 autem
325 668 419 726 genus
442 646 643 726 cupiditatum
663 664 719 704 nec
746 644 785 703 ad
799 645 978 723 potiendum
999 644 1122 705 difficile
1144 666 1209 704 esse
1223 668 1277 706 nec

205 770 277 808 vero
292 749 331 808 ad
349 747 527 824 carendum3
549 748 663 821 tertias,
683 745 765 824 quod
785 754 882 804 essent
896 747 986 824 plane
1003 746 1116 820 inanes,
1137 748 1276 806 funditus

205 850 365 910 eiiciendae
386 870 456 909 ease.
479 871 505 908 c.
521 852 574 919 33.
597 851 626 926 §.
643 849 695 916 93.
737 848 843 925 Itaque
865 868 966 907 omnes
996 847 1160 906 eiusmodi
1183 850 1275 908 volu-

206 960 301 1031 ptates
310 952 461 1032 Epicurus
484 959 635 1011 extenuat.
658 949 685 1026 §·
696 944 809 1017 9495.
843 950 938 1009 Porro
954 958 1120 1009 extenuant
1136 950 1274 1029 magnisi-

206 1055 335 1114 centiam
351 1063 381 1112 et
392 1063 547 1133 sumptum
565 1052 740 1131 epularum,
763 1049 845 1129 quod
858 1072 955 1135 parvo
973 1052 1061 1110 cultu
1075 1061 1184 1111 natura
1200 1075 1276 1113 con-

205 1164 288 1214 tenta
305 1155 353 1214 sit.
396 1155 541 1234 Exempla
562 1154 747 1228 afferuntur,
770 1152 880 1230 quibus
894 1154 1042 1232 probetur
1054 1153 1275 1217 iucunditatem

205 1257 306 1317 victus
332 1277 393 1317 esse
418 1259 451 1316 in
474 1242 641 1331 desiderio,¹
661 1272 724 1321 non
745 1255 780 1313 in
803 1255 947 1314 satietate.
968 1276 994 1314 e.
1013 1253 1064 1323 34.
1083 1260 1134 1325 35.
1158 1259 1187 1334 §.
1207 1261 1274 1325 101.

206 1361 410 1419 Contemnunt
424 1358 556 1432 divitias,
579 1359 694 1433 §.102
715 1355 855 1432 honores,
879 1378 905 1416 c.
923 1357 975 1426 36.
997 1357 1154 1434 exsilium,
1177 1380 1205 1418 c.
1226 1362 1274 1428 37.

205 1462 335 1538 itemque
350 1461 485 1539 corporis
499 1459 698 1535 infirmitates,
721 1470 755 1519 ut
771 1460 951 1534 caecitatem,
973 1459 1159 1519 surditatem.
1180 1482 1208 1520 c.
1225 1463 1273 1530 38.

203 1565 255 1630 39.
276 1560 327 1629 40.
352 1563 470 1638 §.113
514 1561 656 1638 Denique,
679 1560 704 1618 si
724 1571 924 1638 congerantur
940 1561 975 1618 in
993 1581 1089 1619 unum
1108 1563 1221 1637 omnia,
1244 1574 1274 1622 ut

205 1664 283 1724 idem
310 1664 406 1722 oculis
428 1672 458 1722 et
473 1662 596 1721 auribus
618 1670 723 1741 captus
747 1661 805 1737 sit,
828 1660 983 1740 prematur
1005 1662 1093 1723 etiam
1118 1662 1274 1723 doloribus

206 1764 357 1825 acerrimis
382 1764 533 1843 eorporis,
555 1783 618 1821 non
640 1783 703 1822 esse
726 1762 850 1839 dicunt,
872 1762 954 1840 quod
971 1763 1157 1840 laboremus,
1183 1785 1273 1842 quum
1314 1790 1316 1801 ·

206 1887 286 1925 mors
305 1876 447 1943 tanquam
461 1874 568 1945 portus
583 1873 702 1944 praesto
719 1864 776 1940 sit,
798 1873 952 1923 aeternum
967 1864 1047 1924 nihil
1061 1866 1215 1926 sentiendi
1227 1888 1274 1927 re-

207 1968 404 2046 ceptaculum.
428 1966 453 2042 §.
471 1969 541 2035 117.
564 1986 590 2026 c.
610 1962 661 2034 41.
680 1966 778 2045 princ.
835 1970 840 1989 ⁴

290 2069 341 2129 tv.
365 2072 533 2128 concamio
553 2088 645 2127 nutus
666 2088 758 2127 amni.
802 2069 899 2145 Ergo,
921 2069 947 2127 si
962 2068 1122 2148 Epicurei,
1145 2091 1273 2148 quorum

207 2193 239 2230 ea
253 2171 400 2230 sententia
425 2180 483 2246 est,
506 2179 541 2229 ut
555 2170 655 2229 virtus
676 2190 732 2249 per
753 2190 783 2229 se
803 2170 868 2249 ipsa
883 2168 963 2229 nihil
979 2170 1095 2245 valeat3
1117 2190 1274 2251 omneque,

207 2272 288 2351 quod
303 2272 461 2331 honestum
482 2270 539 2330 nos'
560 2281 589 2330 et
612 2271 764 2330 laudabile
785 2290 848 2331 esse
863 2270 1009 2348 dicimus,
1031 2271 1064 2330 id
1085 2272 1134 2331 illi
1159 2295 1274 2335 cassum

207 2373 348 2450 quiddam
372 2383 401 2432 et
422 2374 506 2433 inani
531 2373 616 2433 vocis
637 2394 711 2432 sono
736 2373 909 2437 decoratum
933 2394 997 2433 esse
1021 2373 1142 2449 dicant;
1177 2384 1274 2443 tamea

206 2496 321 2553 semper
342 2477 461 2534 beatum
485 2485 607 2534 censent
626 2496 688 2534 esse
708 2475 888 2553 sapientem:
910 2475 1007 2534 multo
1026 2475 1119 2553 magis
1136 2475 1171 2534 id
1188 2500 1205 2536 a
1220 2480 1273 2536 So-

207 2586 287 2634 crate
308 2586 337 2634 et
359 2577 482 2635 Platone
505 2576 648 2655 profectis
664 2575 852 2655 philosophis
868 2576 1037 2638 faciendum
1063 2589 1122 2637 est:
1145 2598 1274 2656 quorum

206 2677 258 2735 alii
283 2676 485 2757 (Peripatetici
507 2686 536 2748 et
561 2674 743 2756 Academici)
765 2687 880 2736 tantam
903 2679 1116 2757 praestantiam
1135 2680 1169 2738 iu
1190 2683 1274 2741 bonis

206 2778 297 2837 animi
313 2798 376 2837 esse
393 2778 517 2853 dicunt,
539 2787 575 2836 ut
593 2778 629 2837 ab
650 2777 699 2837 liis
715 2779 851 2857 corporis
868 2789 898 2838 et
916 2790 1041 2840 externa
1056 2781 1273 2857 obscurentur3

206 2880 259 2939 alii
272 2888 372 2938 autem
389 2877 506 2959 (Stoici)
523 2877 597 2938 haec
613 2900 652 2937 ne
668 2879 747 2938 bone
763 2878 884 2959 quidem
900 2881 1034 2959 ducunt,
1055 2882 1088 2941 in
1105 2884 1210 2945 animo
1227 2907 1273 2946 re·

206 2991 325 3058 ponunt
341 2981 449 3040 omnia.
473 2982 500 3058 §.
525 2984 594 3048 119.
620 2984 688 3048 120.

291 3084 421 3160 lienique
447 3083 564 3142 'Pollius
590 3082 644 3142 has
669 3083 802 3161 quinque
825 3084 942 3144 dierum
961 3085 1183 3164 disputationes
1202 3109 1273 3148 con·

207 3184 358 3245 scribendi
375 3185 458 3247 etad
476 3186 605 3248 Brutum
620 3185 760 3248 mittendi
777 3186 936 3246 eonsilium
954 3187 1088 3276 exponit.
