2640 4626
198 184 262 258 294
446 193 724 246 rusounnunnun
741 189 1022 243 ntsruranouun

200 346 265 417 que
299 315 488 401 laudamus,
523 311 581 411 qui
612 338 682 383 non
705 309 899 403 turbulente,
923 309 1069 382 humana
1094 308 1268 410 patiantur,

201 419 292 520 qnod
311 418 445 516 quidem
461 413 544 487 solet
570 412 617 486 eis
635 413 732 486 etiam
750 411 918 500 accidere,
944 411 1002 512 qui
1019 410 1072 485 itta
1098 411 1187 486 mala
1203 440 1269 488 esse

201 536 352 607 censent,
376 517 637 593 ferendatamen
652 543 757 614 aequo
785 515 895 588 animo
919 514 1129 588 arbitrantur.
1179 531 1269 615 putat

201 624 333 723 aliquis,
359 649 430 694 esse
446 619 645 719 voluptatem
659 617 803 693 bonum:
830 617 914 690 alius
932 633 1051 707 autem,
1075 616 1267 718 pecuniam:

201 744 311 799 tamen
330 740 360 797 et
376 721 429 796 ille
445 722 486 794 ab
504 720 773 822 intemperantia,
799 736 832 795 et
852 719 907 793 hic
921 720 963 793 ab
980 719 1115 795 avaritia
1140 722 1266 797 avocari

226 843 310 902 otest

200 857 224 930 p
301 886 360 1008 illa
382 944 488 1000 autem
507 924 606 998 altera
619 923 704 997 ratio
723 940 754 997 et
771 923 899 1013 oratio,
926 952 1009 1023 quae
1022 922 1122 997 simul
1144 939 1178 997 et
1200 924 1267 1025 opi-

200 1033 335 1106 nionem
348 1029 464 1103 falsam
480 1027 574 1114 tollit,
597 1044 628 1100 et
646 1026 884 1124 aegritudinem
901 1026 1053 1114 detrahit,
1079 1041 1128 1100 est
1143 1055 1184 1100 ea
1200 1025 1267 1128 qui-

201 1122 450 1219 dem'uriti0r1,
476 1130 536 1203 sed
549 1158 625 1202 raro
641 1127 790 1229 proficit,
815 1157 922 1228 neque
940 1145 990 1203 est
1008 1129 1051 1205 ad
1072 1127 1190 1228 volgus
1214 1128 1267 1202 ad-

200 1235 357 1312 hihenda.
407 1241 464 1315 61.
490 1231 664 1328 Quaedam
690 1248 798 1307 autem
821 1248 896 1311 sunt
919 1231 1164 1330 aegritudines,
1190 1260 1266 1332 quas

200 1337 306 1412 levare
323 1337 378 1409 illa
394 1335 558 1408 medicina
575 1334 666 1407 nullo
685 1330 785 1406 modo
800 1333 916 1435 possit.
942 1350 996 1422 nt,
1021 1335 1051 1408 si
1074 1333 1152 1433 quis
1175 1362 1267 1433 aegre

199 1440 303 1529 serat,
327 1437 412 1512 nihil
430 1438 465 1510 in
483 1465 518 1511 se
549 1465 620 1511 esse
639 1435 787 1523 virtutis,
812 1435 897 1519 nihil
915 1435 1033 1525 animi,
1058 1435 1145 1510 nihil
1171 1436 1268 1523 offici,

200 1542 284 1616 nihil
311 1540 509 1626 honestatis3
535 1555 672 1638 propter
701 1538 787 1611 mala
810 1539 838 1611 is
869 1538 1002 1637 quidem
1029 1554 1187 1636 angatur,
1213 1539 1268 1614 sed

201 1644 265 1718 alia
278 1643 440 1744 quaedam
459 1641 503 1714 sit
519 1642 562 1714 od
581 1670 656 1715 eum
670 1640 875 1735 admovendo¹
885 1641 1034 1728 curatio,
1061 1657 1092 1713 et
1104 1641 1182 1715 talis
1200 1642 1269 1741 qui-

201 1747 293 1833 dem,
320 1773 403 1845 quae
422 1743 531 1845 possit
551 1772 622 1817 esse
648 1743 813 1831 omnium,
840 1743 937 1835 etiam
959 1744 1001 1816 de
1028 1743 1145 1816 ceteris
1170 1745 1268 1818 rebus

201 1846 470 1947 discrepantium,
494 1845 781 1946 philosophorum.
815 1844 902 1931 inter
921 1845 1030 1919 omnis
1046 1845 1135 1919 enim
1152 1874 1268 1925 couve-

198 1951 271 2029 nire
300 1965 448 2051 oportet,
481 1948 717 2023 commotiones
742 1948 948 2036 animorum,
987 1977 1006 2021 a
1031 1964 1120 2022 recta
1143 1949 1268 2023 ratione

200 2081 339 2141 aversas,
357 2080 428 2126 esse
445 2051 596 2124 vitiosas:
623 2067 669 2138 ut,
695 2050 823 2124 etiamsi
841 2057 900 2123 et2
921 2050 1005 2123 mala
1023 2050 1089 2122 sint
1106 2049 1173 2138 itta,
1190 2079 1268 2151 quae

200 2172 323 2229 metum
340 2153 638 2253 aegritudinemve,
664 2169 696 2227 et
709 2154 816 2242 bona,
842 2180 925 2252 quae
947 2152 1162 2253 cupiditatem
1181 2153 1268 2227 laeti-

267 2345 295 2458 1V
299 2340 413 2459 Vffln·
463 2344 481 2398 2
500 2339 559 2389 nm.
579 2304 608 2391 ὀ.
627 2339 690 2417 ⁶⁰5¹·
707 2339 794 2392 ursini
815 2341 847 2397 n.
867 2339 932 2409 nau
960 2338 1031 2389 omis.
1057 2350 1097 2401 ee,
1115 2337 1180 2389 uem
1201 2356 1267 2391 verte

199 2425 252 2475 seq.
296 2445 302 2459 .
360 2426 386 2461 n.

246 2521 325 2578 putat
339 2508 437 2576 aliquia
451 2535 485 2546 —
501 2507 580 2573 olins)
598 2506 639 2559 sic
656 2506 717 2557 alibi
750 2509 809 2584 quia
822 2507 897 2575 pauci
913 2517 1011 2558 tantum
1021 2508 1059 2562 iu
1073 2506 1189 2558 instituti
1204 2517 1265 2567 aunt,

199 2587 288 2626 contra
304 2576 375 2625 olins
388 2575 535 2643 -raliqnis
551 2575 583 2625 de
599 2575 654 2625 Fin.
670 2577 715 2638 111,
749 2586 779 2625 ut
799 2575 858 2626 huic
881 2575 1005 2626 curationi
1027 2575 1079 2641 apti
1096 2575 1163 2625 siut:
1193 2594 1266 2643 oeque

200 2648 239 2703 19,
254 2647 295 2701 63
310 2644 367 2693 alia
380 2654 438 2692 sunt
452 2648 575 2719 tanquam
588 2642 635 2692 sibi
647 2651 715 2703 nata,
748 2642 827 2709 igitur
842 2652 881 2692 est
896 2642 930 2692 ad
947 2642 1036 2709 vudgus
1051 2641 1208 2693 adhibenda.

198 2720 227 2760 ut
243 2711 317 2772 oculi,
333 2721 360 2760 ut
373 2727 459 2758 aures:
474 2711 566 2778 alequa
580 2709 655 2758 etium
670 2727 715 2758 ee-
800 2747 831 2801 61
874 2742 903 2792 ,Η

198 2788 309 2828 tenorum
318 2777 484 2835 membrorum
501 2795 571 2826 ustum
586 2777 715 2838 adiuvant,
748 2810 794 2860 ffla
809 2761 876 2860 m‘ed}
901 2761 918 2793 α

197 2855 227 2979 pt
240 2854 483 2970 {grpugtuggnxffi
499 2843 714 2973 ἣδἺοῗῧΓωΖ·
748 2879 800 2928 lum
809 2895 861 2932 non
875 2895 937 2940 esse,
955 2896 986 2928 ex
996 2895 1046 2946 quo
1063 2877 1200 2944 aegritudo
1214 2896 1267 2929 eue-

247 2981 359 3030 ratioet
377 2981 475 3044 oratio)
492 2980 525 3031 V.
541 2978 672 3029 Adnotatu
688 2977 716 3029 in
750 2945 865 3014 cipiatur'
901 2946 939 2996 Cf·
952 2963 1027 3043 ’Ψ
1041 2948 1085 2996 ΠΙ·
1101 2950 1145 3007 3²⁹
1161 2950 1205 3006 73·

198 3064 220 3096 c.
240 3050 279 3107 17,
296 3052 338 3104 38.
798 3029 925 3146 angatur)
944 3028 1134 3091 eoncedendum
1148 3038 1198 3093 est,
1220 3046 1267 3081 non

247 3114 351 3172 utilior)
369 3113 439 3162 Haec
455 3122 495 3163 est
509 3113 619 3172 omnium
632 3112 715 3174 libro-
748 3113 830 3162 ”⁶8⁸⁰
849 3114 891 3147 ⁰¹¹¹
906 3106 952 3160 “tr
968 3095 1039 3146 illum
1054 3096 1217 3162 8θὲῐίωῶὓο
1229 3097 1267 3148 ¹⁸·

195 3196 251 3228 rum
267 3189 293 3228 et
308 3179 459 3254 scriptorum
478 3190 504 3231 et
527 3181 652 3249 editorum
673 3180 714 3233 le·
748 3163 849 3214 bfflffi·

197 3245 264 3311 otio:
282 3264 330 3314 qua
347 3264 407 3307 vero
425 3246 488 3296 nihil
502 3248 590 3296 tetrius
599 3247 714 3298 foedius·
798 3248 904 3298 etiamsi
918 3260 944 3298 et
958 3247 1031 3309 neela
1044 3249 1139 3299 sint-
1148 3262 1176 3300 et
1190 3248 1265 3315 tona)

196 3331 227 3363 ve
244 3330 271 3363 se
288 3314 380 3364 vidisse
400 3313 463 3364 dicit
481 3313 625 3377 Boudeion,
653 3314 713 3382 opi·
746 3314 787 3364 stc
809 3315 946 3373 lectionem
968 3315 1101 3375 constituit
1122 3316 1266 3368 Lambinus

195 3399 258 3432 naus
269 3381 375 3442 scilicet,
384 3381 459 3431 verbu
467 3382 568 3443 utilior,
587 3382 636 3432 sed
650 3400 713 3432 roro
745 3382 873 3442 Bentleius
888 3382 999 3442 coniecit
1012 3384 1120 3448 etiaoui
1141 3385 1186 3436 vel
1200 3384 1268 3444 malo

192 3449 411 3519 proficitprorsus
426 3448 473 3503 sibi
489 3466 638 3516 repugnare.
656 3452 712 3511 Quo
745 3451 801 3499 sint
824 3477 858 3488 -
877 3451 922 3501 vel
942 3449 1016 3500 bona.
1046 3450 1140 3503 Lectio
1168 3452 1266 3519 vulgus

194 3516 228 3566 de
242 3535 328 3568 caussa
337 3516 471 3584 legendum
480 3526 567 3571 censet
575 3516 712 3567 subtilior:
745 3518 852 3571 chunni
869 3535 916 3568 nec
933 3519 1005 3569 mula
1020 3519 1077 3575 eim
1087 3546 1122 3559 ·-·
1138 3537 1188 3572 nec
1205 3520 1268 3571 bono

195 3601 269 3650 quam
284 3582 454 3636 coniecturam
471 3584 570 3643 calculo
585 3603 631 3644 suo
647 3603 712 3652 pro·
745 3584 920 3646 absurdissima
934 3596 988 3650 est,
1005 3583 1108 3653 locique
1128 3586 1267 3639 sententiae

194 3650 318 3701 baveruut
335 3651 464 3711 Davisius,
483 3651 638 3718 neuterius,
661 3653 711 3701 Er·
744 3652 820 3719 plane
847 3653 982 3704 contraria.
1016 3652 1065 3702 vet
1091 3653 1150 3717 sola
1181 3654 1266 3708 vocula

193 3718 297 3767 nestius.
315 3723 350 3769 At
365 3719 462 3785 optimo
471 3719 524 3770 inre
533 3720 642 3770 Woltius
651 3717 712 3770 vul-
745 3721 851 3774 etiamsi
865 3731 952 3788 aperte
966 3720 1068 3782 clamat,
1082 3719 1152 3773 hauc
1166 3739 1266 3802 expres·

211 3795 277 3833 atam
290 3785 317 3834 in
349 3785 462 3835 ristiuam
480 3804 550 3836 suam
565 3787 651 3841 sedem
667 3804 711 3836 re·
744 3805 797 3836 sam
821 3805 874 3837 osse
890 3787 1057 3838 sententiam:
1084 3801 1265 3841 commotiones

193 3801 273 3901 duxit.
292 3805 381 3902 Voiuit
395 3853 461 3902 enim
471 3853 613 3919 significare
623 3854 710 3905 Cicero
745 3854 883 3905 animorum
900 3872 953 3906 esse
969 3854 1090 3918 vitiosae,
1114 3873 1165 3908 nec
1181 3858 1264 3916 solnm,

945 2743 1085 2809 medicina)
1114 2743 1177 2793 Soil.
1202 2743 1267 2813 prior

877 2811 948 2873 eiua,
966 2820 995 2863 ut
1013 2810 1113 2871 docens,
1130 2811 1198 2861 illud
1215 2829 1267 2861 ma-

193 3917 317 3969 hoccilla
331 3919 411 3968 ultera
426 3919 492 3970 ratio
502 3920 581 3971 multo
590 3922 711 3972 maiorem
744 3939 820 3988 quum
839 3922 897 3984 illa,
921 3940 984 3990 quae
1009 3941 1051 3973 eas
1076 3935 1200 3985 movent,
1222 3940 1264 3975 nee

192 3985 295 4055 quidem
316 3986 366 4036 viui
389 3987 512 4036 habetet
536 3988 711 4039 efficacitatem
744 3990 810 4038 mala
826 4001 893 4050 sunt,
908 3990 1046 4048 necbona3
1063 3992 1262 4045 sedetiamtum.

191 4055 218 4104 in
234 4053 272 4116 iis,
288 4052 330 4121 qui
344 4053 484 4121 sapientiae
498 4057 640 4131 praeceptis
659 4057 710 4106 im·
744 4056 765 4106 si
781 4056 827 4105 itta
835 4075 923 4107 revera
938 4067 965 4107 et
978 4058 1044 4108 mala
1059 4059 1261 4117 sintetbonoe‘

191 4121 247 4172 buti
264 4121 297 4172 ad
320 4120 391 4171 illum
413 4119 562 4171 medicinam
582 4123 711 4190 recipien-
744 4123 1260 4190 Similitermoxc.29,62.tumeu‚etimne·

191 4188 248 4240 dam
264 4189 350 4240 idonei
363 4199 435 4249 scrut,
457 4188 501 4238 sed
514 4207 577 4240 roro
590 4191 709 4260 proficit,
744 4191 769 4242 si
785 4191 884 4242 virtutis
899 4192 977 4261 ipsius
994 4192 1172 4247 vehementior
1188 4211 1259 4264 eppe·
