2640 4626
194 184 255 251 160
438 188 720 243 wchLaNsuunt
735 187 1016 243 umsuns'ttortutt

192 312 417 384 Possumusne
434 335 497 382 nos
516 324 725 382 contemnere
741 304 910 393 dolorem,
937 335 1038 407 quum
1054 307 1170 410 ipsum
1188 309 1265 383 Her-

194 413 297 487 culem
314 428 382 484 tam
400 409 614 485 intoleranter
632 407 743 482 dolere
757 407 952 483 videamus?
971 452 972 457 κ

293 517 335 587 Χ.
386 523 444 593 23.
469 512 590 586 Veniat
605 509 810 614 Aeschylus,
834 539 904 607 non
930 527 1029 612 poeta
1053 510 1186 600 solnm,
1210 513 1264 587 sed
1308 514 1310 563 t

194 617 292 690 etiam
305 614 552 721 Pythagoreus:
578 614 626 688 sic
652 612 740 686 enim
763 613 961 714 accepimus.
988 640 1055 714 quo
1082 614 1189 689 modo
1207 614 1264 689 sert
1307 674 1310 693 .

194 719 284 820 apud
311 744 387 791 enm
406 717 623 792 Prometheus
645 714 815 804 dolorem,
840 744 939 817 quem
956 714 1115 819 eucepitx
1137 716 1183 792 oh
1200 716 1263 791 fur-
1308 742 1310 811 t

193 839 264 896 tum
278 819 472 894 Lemnium!
1025 844 1028 849 '
1308 822 1310 849 ²

278 942 365 1002 Unde
385 942 463 1020 ignis
485 941 567 1001 cluet
587 939 808 1000 immortalibus

277 1028 361 1086 Divis
384 1027 456 1085 olim
478 1025 578 1085 doctu’
600 1023 796 1084 Prometheus

279 1111 424 1190 Clepsisse
446 1111 533 1185 dolo,
555 1128 726 1190 poenasque
746 1109 821 1168 Iovi’

277 1196 354 1255 Fato
376 1195 551 1276 expendisse
572 1214 711 1274 supremo
721 1192 747 1252 ².
806 1206 809 1219 '

192 1294 262 1411 Has
286 1293 388 1391 igitur
409 1320 536 1395 poenas
558 1292 728 1393 pendens,
754 1289 872 1397 affixus
899 1289 942 1364 ad
956 1291 1162 1379 Caucasum,
1189 1291 1264 1365 haec

194 1396 420 1562 dlelt'litonum
440 1499 602 1576 suboles³,
624 1499 706 1558 socia
726 1498 823 1557 nostri
843 1497 1013 1576 sanguinis,

278 1587 425 1646 Generata
446 1585 556 1659 Coelo,
578 1583 725 1662 adspicite
744 1583 904 1661 religatum
924 1583 1038 1662 asperis

262 1732 336 1790 1Sic
358 1734 420 1789 02¹.
445 1739 472 1782 et
495 1731 580 1797 plures
604 1729 668 1780 Edd.
693 1739 757 1781 vett.
783 1759 814 1770 -
841 1734 883 1781 Or.
909 1748 932 1781 c.
958 1702 1143 1781 emissionis
1158 1730 1265 1800 excipit.

191 1807 211 1860 2
227 1799 268 1850 Sic
281 1798 329 1849 hos
345 1815 411 1848 vers.
429 1798 563 1849 constituit
579 1798 624 1848 W.
642 1797 708 1848 viam
722 1807 860 1867 praeeunte
874 1797 998 1850 Bentleio.
1015 1796 1160 1849 Δηώ.
1195 1798 1266 1858 asic

193 1869 239 1919 W.
258 1884 280 1917 c.
298 1866 352 1916 LD.
370 1895 402 1904 -
420 1868 480 1943 Em.
499 1883 520 1916 c.
538 1864 606 1931 vulg.
624 1864 733 1939 soboles.

194 1967 288 2038 Spolia
302 1966 378 2036 cepit.
387 1964 508 2034 Sophocl.
524 1983 548 2014 v.
558 1965 631 2022 1104.
649 1962 712 2019 κου’-
746 1983 846 2035 nosque
865 1967 926 2017 Iovi
942 1963 1009 2035 fase
1037 1965 1203 2036 expendisse
1223 1984 1264 2018 su-

194 2035 253 2098 date
266 2031 380 2101 τρόπαι’
396 2032 488 2100 ἔστησε
509 2033 565 2085 τῶν
581 2029 655 2100 ἐμῶν
668 2036 708 2101 χεὲ
744 2051 843 2104 premo.
903 2066 905 2071 ν
962 2096 965 2103 ι

194 2103 266 2171 quiet
295 2102 364 2168 unde
376 2100 477 2151 Ernesti
498 2100 583 2150 locum
598 2109 712 2152 nostrum
796 2098 1002 2167 Iamdesingnlis
1012 2097 1194 2168 dispiciamusl
1213 2103 1265 2152 lla·

195 2169 309 2237 explicat
324 2168 375 2219 sic:
394 2186 442 2219 nec
451 2169 589 2238 quisquam
604 2183 654 2218 nos
668 2169 713 2218 vi·
747 2167 783 2218 de
796 2169 821 2218 h.
838 2185 860 2219 e.
875 2168 944 2218 furto
961 2167 1088 2230 Lemnio,
1107 2169 1184 2221 eluet
1198 2169 1261 2221 anti·

192 2237 455 2371 ttatttt'gtt.
476 2235 714 2355 Lt‘l‘ttttttt
745 2233 1266 2369 lssilffsdii‘dhllhffi‘dhill

457 2338 464 2353 ·
523 2337 529 2352 ·
1136 2341 1145 2367 a

194 2377 304 2490 “puisi
313 2378 357 2489 ⁵51.
375 2441 418 2497 sa
424 2436 576 2503 resorptus
592 2439 624 2487 v.
635 2435 714 2488 wel·
744 2369 1158 2504 illhmsshlssioli‘sslhiiiif
1173 2390 1265 2519 gild

194 2507 254 2559 cker
260 2506 405 2576 Nachtrag
411 2524 443 2577 zu
450 2505 476 2557 d.
486 2505 564 2555 Sctri
579 2504 660 2555 tuber
669 2504 713 2554 die
746 2504 788 2572 qui
803 2504 937 2571 prudentia
953 2514 980 2554 et
1000 2504 1145 2557 calliditate
1161 2523 1265 2559 mutans

195 2574 388 2640 Aeschylisclse
403 2573 530 2642 Trilogie.
547 2590 574 2639 p.
589 2576 630 2631 36.
648 2588 701 2639 sqq.
744 2572 864 2638 polleret,
881 2572 1028 2640 clepsissee
1037 2575 1264 2639 graecoruum

246 2641 276 2691 ob
286 2639 394 2709 furtum
419 2640 570 2704 Lemnium)
604 2640 712 2689 Prome·
745 2639 905 2707 untiquepro
916 2637 996 2707 furto
1008 2641 1195 2710 surripuisse,
1204 2640 1265 2712 sato

195 2708 272 2759 thens
307 2709 339 2758 ab
368 2707 451 2757 insula
476 2708 573 2756 Lemno
595 2704 710 2756 Vulcano
743 2723 864 2776 supremo
885 2707 902 2756 i.
926 2724 948 2758 e.
970 2706 1018 2757 tasi
1029 2707 1141 2786 supremi
1154 2710 1199 2761 cui
1212 2727 1264 2761 om·

194 2777 278 2892 ignelsp
290 2773 475 2907 dgrgpnlmdin
490 2783 570 2889 tprqas
585 2772 702 2889 detulitti..
744 2773 786 2851 nia
801 2783 876 2890 atqpc
888 2773 997 2890 ipsitdtii
1009 2775 1119 2826 subrecti
1139 2786 1169 2827 et
1184 2777 1264 2829 obno-

271 2860 288 2892 n
368 2859 400 2891 nu
451 2857 499 2889 nne
551 2857 596 2889 ans
616 2857 657 2890 aes
680 2857 702 2888 cr
744 2857 838 2890 xnsuu
867 2858 1008 2892 vounae.

195 2927 259 2977 quos
276 2907 332 2957 finit
354 2925 439 2959 versus
456 2858 645 2974 paroemiaclis,
664 2876 712 2956 ἀεὶ
795 2908 931 2970 „Ceterum
944 2908 1030 2972 locus,
1048 2908 1093 2977 qui
1105 2910 1264 2990 sequitur,e

195 2975 289 3042 sumpti
305 2992 336 3024 ex
349 2975 414 3025 Attii
429 2974 583 3025 Philocteta.
608 2976 639 3024 V.
655 2974 713 3024 Ad·
744 2975 876 3042 tragoedia
891 2975 1040 3043 deperdita,
1062 2994 1130 3045 quae
1145 2977 1264 3044 rnscmhi-

195 3052 252 3094 not.
274 3042 301 3091 in
316 3059 339 3092 c.
352 3047 370 3101 7
377 3080 385 3106 ,
401 3045 443 3101 19.
462 3042 499 3093 Cf.
509 3043 636 3091 Hermann
650 3042 712 3091 Ele·
744 3052 787 3092 tur
804 3043 970 3093 Prometheus
987 3042 1139 3111 indueres.
1170 3046 1204 3097 ab
1218 3049 1262 3098 At-

196 3119 274 3160 ment.
292 3108 374 3160 doctr.
392 3119 464 3159 metr.
481 3110 511 3158 Π.
527 3114 568 3168 32.
578 3113 663 3176 p.386.
673 3126 711 3175 sq.
745 3110 782 3161 tio
810 3109 890 3160 latine
905 3111 1003 3174 ‘facta,
1036 3111 1191 3180 depromtus
1221 3112 1263 3165 eei·

196 3175 270 3231 etde
285 3176 403 3244 Aeschyli
417 3175 562 3226 Philocteta
576 3195 600 3244 p.
621 3180 645 3233 9.
669 3174 713 3226 ubi
745 3177 813 3227 Hinc
828 3176 905 3227 etiam
928 3178 1024 3246 liquet,
1053 3197 1099 3229 cur
1118 3178 1166 3233 laic
1185 3180 1264 3233 resin

194 3243 334 3295 rectissime
353 3243 400 3296 hos
416 3261 502 3294 versus
517 3243 556 3295 ita
572 3243 711 3294 emendan-
745 3244 857 3294 Caucaso
871 3255 958 3297 monte
977 3257 1096 3312 geratur,
1113 3260 1201 3321 quum
1211 3264 1264 3300 soe·

196 3311 244 3362 dos
257 3320 357 3362 censet:
743 3329 778 3362 na
793 3312 945 3362 Promethei
961 3314 1046 3364 uincti
1059 3315 1094 3363 sit
1107 3312 1264 3384 inentis

230 3376 297 3429 unde
313 3378 379 3446 ignis
394 3378 463 3430 cluet
480 3375 628 3429 mortdhhus
647 3376 712 3427 clam
743 3378 892 3430 Notandum
915 3380 996 3444 enim,
1018 3378 1205 3434 Prometheum
1228 3382 1265 3434 ets

227 3445 335 3498 divisus:
361 3464 417 3497 eum
438 3445 530 3496 doctus
545 3443 712 3495 Promdtheus
743 3445 772 3496 in
792 3462 856 3514 rupe
883 3446 990 3498 vinculis
1012 3448 1184 3509 constrictum
1207 3466 1265 3511 esse,

228 3514 347 3582 clepsisse
363 3513 441 3576 dolo,
458 3529 604 3582 poenasque
617 3511 673 3564 Iovi
743 3513 851 3592 primum
873 3513 900 3564 in
923 3532 987 3583 rupe
1007 3515 1143 3584 Scythica,
1176 3516 1266 3569 umus

261 3583 315 3632 fato
331 3581 479 3648 expendisse
495 3583 621 3649 supremo.
744 3597 772 3631 m
787 3581 890 3633 Caucasi
906 3581 982 3649 iugo,
1008 3592 1035 3632 et
1055 3583 1146 3635 eadem
1161 3583 1215 3637 hac
1228 3583 1265 3637 al·

128 3672 131 3678 ¹
194 3650 277 3711 Quam
296 3649 499 3700 emendationem
524 3647 624 3716 recepit
637 3646 713 3698 orel·
745 3657 801 3698 tera
815 3648 871 3699 vice
887 3649 982 3700 stovis
998 3650 1082 3717 aquila
1096 3650 1172 3703 ieeur
1185 3650 1266 3703 eidi-

193 3715 250 3765 lius.
268 3715 352 3766 Princi
371 3716 422 3766 ium
434 3716 508 3767 huius
523 3733 608 3765 versus
624 3732 712 3766 serva-
744 3713 911 3767 laniabam·
929 3718 962 3769 V.
977 3717 1108 3779 Schuetzii
1124 3719 1265 3773 Conmmt.

193 3791 237 3832 tur
250 3782 318 3848 apud
357 3798 441 3833 amon.
455 3783 486 3833 1..
502 3784 533 3833 L.
552 3784 608 3835 vu.
626 3800 652 3850 p.
667 3787 710 3842 67.
745 3782 778 3832 ad
792 3783 883 3834 Aesoh.
897 3785 982 3835 Prom.
999 3783 1085 3836 Vinet.
1099 3802 1127 3854 p·
1142 3789 1191 3846 10·
1209 3786 1267 3849 11·“

195 3848 247 3899 sic:
274 3848 351 3899 Unde
372 3849 452 3920 ignee
471 3849 541 3900 eluet
556 3849 712 3900 mortalibus
744 3850 841 3902 Neide.
877 3851 916 3902 Cf.
936 3850 1069 3903 Welcker.
1086 3851 1106 3903 l.
1121 3852 1147 3904 d.
1189 3898 1194 3909 .

193 3916 283 3967 Divis.
317 3914 463 3983 Edebsntur
479 3926 563 3967 autem
572 3915 636 3966 haec
651 3917 710 3968 vul-
794 3920 930 3969 Generum
950 3913 1043 3986 Caelo)
1069 3920 1188 3983 „Terra

193 4000 228 4050 go
251 3981 362 4050 itemque
391 3980 423 4033 ab
446 3982 562 4032 Emestio
592 3984 710 4051 prosaico
744 3984 811 4035 enim
826 4003 858 4037 ex
873 3985 950 4038 caelo
966 3984 1114 4056 (oleove)

193 4061 284 4101 tenore
297 4049 346 4100 sic:
365 4049 443 4100 Unde
459 4051 535 4120 ignis
552 4049 621 4102 lucet
640 4069 711 4101 mor-
744 4052 866 4116 Titanos,
885 4054 997 4117 Coeum,
1016 4005 1161 4119 Crium,ll
1228 4114 1231 4119 ,

193 4116 376 4169 talibusclam
387 4117 513 4168 divisus?
546 4135 604 4167 eum
620 4119 712 4170 doetus
744 4137 803 4171 nem
824 4131 851 4171 et
877 4124 1006 4191 Iapetum,
1030 4121 1076 4190 qui
1105 4131 1184 4193 peter
1213 4130 1266 4177 aet

192 4184 366 4263 PrQnetlseus
391 4184 520 4259 clepsisse
540 4184 618 4251 delo,
645 4203 712 4258 poe-
745 4187 921 4241 Promethei.“
952 4189 1049 4244 Neide.
