2640 4626
103 174 167 245 362
350 177 928 232 ruscumusaummsrnmnonnu

104 299 292 403 principem
307 297 466 383 civitatis,
491 298 617 384 serunt,
644 325 744 396 quum
754 297 936 370 cenavisset
950 296 1041 397 apud
1065 293 1176 368 Plato.

104 431 191 491 nem,
217 429 323 501 eoque
340 396 490 473 coneilio
510 399 689 473 admodum
707 399 885 473 delectatus
904 415 999 488 esset,
1022 397 1178 471 vidisset-

106 534 170 607 que
188 533 263 578 eum
281 503 461 602 postridie,
487 502 626 576 dixisse:
658 507 803 576 Vestrae
818 501 963 603 quidem
977 529 1085 575 cenae
1106 528 1178 574 non

106 609 224 681 solum
250 609 289 678 in
308 609 531 706 praesentia,
558 603 626 677 sed
639 608 746 678 etiam
757 621 901 705 postero
920 605 977 677 die
1000 602 1180 675 siccundae

106 724 197 784 sunt.
250 707 355 804 Quid,
382 708 473 807 quod
492 736 534 781 ne
547 723 655 780 mente
673 708 806 806 quidem
823 723 909 781 recte
923 708 971 778 uti
986 733 1179 806 possumus,

105 810 305 887 multorcibo
321 827 352 884 et
376 810 512 910 potione
538 809 714 910 completi?
763 812 824 882 Est
844 809 1012 910 praeclara
1038 807 1180 908 epistola

106 915 254 988 Platonis
274 914 317 987 ad
334 913 454 985 Dionis
470 913 696 1013 propinquos;
722 912 756 985 in
780 942 845 1012 qua
867 913 1026 1013 scriptum
1052 928 1104 983 est
1126 908 1180 982 his

106 1017 175 1092 fere
189 1016 316 1090 verbis:
367 1015 463 1111 »Quo
481 1044 581 1115 quum
600 1015 780 1102 venissem,
806 1015 872 1088 vita
894 1015 949 1088 illa
972 1014 1069 1088 beata
1095 1041 1179 1113 quae

107 1119 291 1206 ferebatur,
316 1116 415 1218 plena
434 1117 621 1190 Italicarum
636 1117 953 1220 Syracusiarumque
977 1143 1180 1202 mensarum,

107 1221 199 1296 nullo
219 1221 319 1294 modo
344 1220 424 1293 milri
445 1220 586 1321 placuit:
611 1221 665 1293 bis
693 1220 805 1293 indie
830 1237 977 1293 saturum
1001 1218 1094 1305 lieri,
1120 1246 1180 1290 nec

5 1348 9 1357 ·
107 1351 263 1423 umquam
286 1338 481 1424 pernoctare
507 1322 633 1409 solum;
659 1339 849 1422 ceteraque,
876 1351 959 1423 quae
980 1321 1181 1395 comitantur

106 1426 185 1500 huic
200 1426 301 1500 vitae:
327 1426 363 1497 in
379 1454 442 1524 qua
458 1425 592 1525 sapiens
609 1438 707 1498 nemo'
727 1425 887 1499 efficietur
904 1452 1083 1523 umquam,
1110 1451 1180 1495 mo-

110 1530 242 1603 deratus
258 1555 336 1601 vero
354 1526 457 1600 multo
474 1528 593 1601 minus.
645 1535 725 1608 101.
753 1527 848 1624 Quae
866 1528 953 1603 enim
973 1542 1093 1598 natura
1115 1541 1179 1597 tam

109 1630 304 1705 mirabiliter
317 1631 494 1730 temperari
508 1647 617 1729 potest
624 1632 656 1703 i«
708 1629 785 1726 Quo
800 1630 902 1703 modo
919 1629 1021 1727 i'gitur
1035 1627 1179 1702 iucunda

108 1735 175 1808 vita
192 1749 405 1834 potestesse,
431 1761 449 1805 a
466 1761 531 1832 qua
547 1733 633 1805 absit
643 1733 840 1832 prudentia,
868 1732 954 1805 absit
970 1730 1178 1805 moderatio?

108 1838 160 1911 Ex
183 1863 249 1935 quo
264 1834 498 1935 Sardanapali,
524 1835 766 1934 opulentissimi
787 1835 904 1939 Syriae
920 1845 935 1884 ¹
953 1834 1063 1933 regis,
1092 1856 1178 1907 error

113 1938 320 2038 ageroscitur,
347 1936 404 2037 qui
421 1937 525 2010 incidi
543 1937 640 2010 iussit
654 1937 689 2009 in
711 1938 828 2012 busto:

194 2059 277 2120 Haec
296 2058 412 2133 habeo,
435 2080 511 2138 quae
532 2060 598 2134 edi,
621 2079 755 2138 quaeque
777 2067 948 2120 exsaturata
969 2057 1068 2118 libido

194 2144 318 2204 Hausit:
341 2153 372 2204 at
391 2145 445 2204 illa
465 2146 565 2205 iacent
585 2146 679 2203 multa
702 2153 731 2203 et
751 2145 906 2224 praeclara
927 2143 1043 2203 relicta.

113 2241 223 2341 (Quid
243 2242 351 2329 aliud,
376 2242 485 2342 inquit
499 2241 713 2328 Aristoteles,
739 2242 775 2314 in
791 2241 914 2328 bovis,
929 2270 999 2313 non
1026 2240 1064 2313 in
1087 2241 1178 2339 regis,

116 2345 268 2444 sepulcro
290 2345 528 2440 inscriberesi)
579 2345 668 2417 Haec
696 2344 818 2418 habere
844 2372 879 2416 se
901 2359 1071 2416 mortuum
1095 2344 1179 2431 dicit,

114 2475 199 2547 quae
213 2475 256 2522 ne
268 2447 360 2520 vivus
380 2448 513 2547 quidem
531 2447 656 2519 diutius
670 2445 831 2534 habebat,
856 2474 954 2545 quam
969 2445 1150 2519 fruebatur.

216 2556 298 2629 102.
314 2544 391 2622 'Cur
408 2550 509 2647 igitur
530 2550 663 2623 divitiae
681 2549 930 2623 desiderentur?
956 2565 1012 2621 aut
1027 2549 1089 2621 ubi
1105 2577 1182 2648 pau-

137 2665 224 2725 ertas
239 2650 354 2726 beatos
373 2680 444 2726 esse
470 2679 539 2726 non
563 2652 699 2725 sinit2?
750 2647 881 2745 Signis,
908 2649 1026 2737 credo,
1053 2651 1183 2737 tabulis,

111 2680 244 2827 ludis³.
295 2754 333 2827 Si
357 2755 431 2854 quis
458 2771 524 2841 est,
551 2754 606 2853 qui
636 2753 688 2826 his
708 2752 902 2840 delectetur,
927 2781 1039 2825 nonne
1070 2753 1183 2827 melius

46 2934 48 2939 ,
114 2872 230 2930 tenues
252 2855 404 2930 homines
429 2856 600 2944 fruuntur,
626 2883 724 2954 quam
747 2855 812 2945 illi,
838 2855 895 2956 qui
916 2855 969 2927 his
993 2855 1185 2930 abundant?

184 3009 250 3068 1v.
268 3008 334 3060 adn.
368 3010 461 3067 2Ern.
479 3027 493 3059 e
510 3009 576 3060 coni.
594 3008 675 3059 sinat.
709 3007 882 3060 Sina'caussa.
922 3008 989 3066 3V.
1005 3007 1074 3058 Adn.

167 3113 226 3168 100.
250 3110 363 3179 epistola
375 3110 518 3176 Platonis)
542 3112 587 3177 Ep.
609 3114 634 3168 7.
704 3104 937 3178 Te'ptw'lttetdov·
954 3105 1187 3162 vddlmtdldtuel

116 3178 191 3227 Tom.
207 3179 254 3226 IX.
279 3196 305 3256 p.
321 3180 362 3234 97.
388 3178 427 3227 ed.
445 3177 501 3246 Bip.
535 3177 636 3256 Scripta
819 3175 901 3244 ὄλβια
915 3173 1007 3228 πάντα
1024 3176 1170 3230 λέλειπται.

116 3254 156 3294 est
168 3243 231 3293 haec
245 3243 353 3310 epistola
369 3254 553 3311 postmortem
569 3246 636 3294 Dro-
669 3244 707 3293 CI.
721 3243 913 3295 eruditissimam
928 3243 1123 3295 adnotationem
1136 3247 1187 3294 Da-

116 3311 155 3362 nis
170 3311 268 3379 patriae
282 3310 433 3361 liberatoris.
467 3313 585 3362 Ernesti.
668 3311 724 3362 visii
740 3311 772 3361 ad
791 3311 841 3362 hoe
861 3313 1021 3378 epigramma.

168 3383 223 3437 101.
244 3392 296 3428 tem
315 3380 401 3446 erari)
420 3378 526 3430 misceri·
719 3383 778 3436 102.
798 3381 900 3449 Signis,
918 3379 1005 3440 eredo,
1019 3379 1131 3441 tabulis,
1148 3380 1188 3430 I-

168 3447 277 3513 Syriae)
294 3397 424 3497 Senestius
448 3457 551 3497 auctore
570 3446 636 3496 Gor·
670 3446 723 3512 dis)
741 3446 782 3496 Ad
796 3447 817 3496 si
836 3465 875 3508 na,
892 3447 977 3508 medo,
989 3447 1102 3511 tabulas,
1118 3447 1189 3497 ludos

117 3514 179 3564 rado
195 3513 221 3564 in
237 3518 342 3577 Quaeat.
354 3532 384 3631 p
393 3519 452 3573 383.
471 3513 572 3582 scripsit
581 3515 636 3564 Ae·
668 3515 794 3583 parandos
811 3465 987 3566 desiderantur
1002 3514 1121 3566 diuitiae.
1147 3515 1188 3564 Si-

118 3583 228 3647 syriae;
258 3592 284 3632 et
307 3585 353 3632 Sar
372 3582 492 3650 anapalus
519 3590 574 3631 erat
591 3596 636 3630 rex
669 3600 725 3651 gna
740 3590 799 3631 sunt
812 3593 919 3633 statuae.
943 3584 981 3631 De
997 3582 1098 3633 ironico
1114 3581 1189 3633 eredo

118 3650 247 3716 Assyriam
279 3649 324 3699 sed
349 3668 424 3718 saepe
445 3668 460 3699 a
480 3648 513 3699 ud
537 3659 637 3698 veteres
670 3667 745 3718 supra
769 3648 885 3700 diximus.
924 3648 1042 3716 Denique
1055 3668 1106 3701 vox
1121 3650 1189 3700 ludia

118 3717 403 3783 scriptoresAssyriam
416 3728 442 3769 et
465 3718 560 3784 yriam
574 3735 626 3785 per·
670 3715 739 3766 van'e
754 3718 903 3780 avenn.
918 3716 1058 3768 sollicitata
1076 3727 1129 3768 eet:
1146 3733 1190 3767 nec

117 3793 228 3834 mutatas
250 3785 370 3852 reperiri,
386 3785 570 3835 demonstravit
584 3786 639 3833 Da·
671 3801 731 3835 sane
745 3784 863 3834 convenit
877 3803 934 3834 cum
944 3785 1122 3851 sequentibus;
1136 3801 1189 3835 nam

118 3851 203 3902 alsius.
239 3852 277 3902 cf.
295 3851 326 3900 de
341 3852 396 3903 Fin.
408 3855 439 3902 II.
455 3857 497 3910 32,
515 3856 571 3910 106.
671 3869 753 3919 neque
765 3851 815 3902 dici
829 3862 915 3918 potest
929 3851 1028 3911 habere
1044 3853 1130 3914 ludos,
1145 3869 1189 3902 ne·

170 3921 246 3970 Haec
260 3919 354 3984 habeo)
371 3921 429 3970 Iloe
445 3920 598 3986 epigramma
612 3927 640 3968 et
692 3937 722 3968 ue
738 3918 830 3987 privati
844 3919 913 3970 domi
927 3919 1002 3970 ludos
1016 3919 1190 3970 instituebant.

48 4036 54 4051 ,
119 3987 152 4038 ab
167 3986 222 4037 aliis
238 3985 359 4049 affertur,
378 3997 404 4036 et
421 3986 452 4036 ab
468 3988 600 4038 Athenaeo
611 3984 639 4037 in
672 3939 988 4056 lorraquaesequuutur:
1008 3999 1190 4050 cataractam

120 4054 242 4123 Deipnos.
261 4056 328 4106 VIII.
345 4071 371 4120 p.
386 4058 445 4112 336.
672 4056 702 4105 in
717 4072 767 4104 sua
785 4055 851 4104 rur'a
868 4067 1010 4118 venerunt,
1029 4055 1064 4105 ad
1081 4056 1153 4122 signa
1165 4064 1190 4104 et

154 4120 230 4176 Keiv'
249 4119 301 4190 ἔχω
314 4118 372 4173 ὄπ’
386 4119 492 4189 ἔφαγον
508 4121 556 4174 καὶ
572 4119 638 4190 lutti-
672 4122 773 4172 tabulas
787 4122 875 4173 referri
887 4132 1002 4191 possunt,
1019 4139 1073 4173 non
1086 4123 1147 4173 item
1161 4119 1190 4172 ad

154 4205 159 4216 ·
234 4222 236 4228 .
273 4189 366 4256 βρισιι,
383 4187 431 4242 nal
447 4186 594 4256 adeluiam
673 4189 755 4241 ludos.
775 4189 842 4242 Hinc
857 4190 985 4242 Bentleius
999 4189 1136 4257 legendnm
1149 4208 1189 4240 eu-
