2640 4626
541 244 672 299 arnan
686 246 732 299 111.
749 248 791 303 ro
1136 242 1198 311 tn

124 362 261 434 duchrm
283 376 333 434 eet
358 361 495 435 animis
512 361 673 436 inurendo
685 361 853 437 fanonem
868 361 1020 454 alteriue,
1046 382 1081 440 ot
1097 384 1147 443 est
1162 370 1199 445 in

123 463 371 564 Melanippa4,

209 570 358 643 Quisnam
378 569 485 631 florem
503 570 637 629 liberum
656 568 770 629 invidit
789 571 912 630 meum?

122 667 214 741 Male
230 668 348 742 Latine
362 667 513 755 videtur3
538 666 601 740 sed
614 666 782 766 praeclare
797 667 925 743 Attius:
948 687 985 742 ut
999 673 1088 747 enim
1105 676 1197 751 mile.

120 799 170 857 re,
197 769 248 845 sic
262 768 557 871 i'rrriderefhrem
576 768 710 856 rectius,
734 775 936 871 quanflorr‘.
978 776 1040 847 n'os
1058 803 1211 855 consue·

122 873 242 946 tudine
266 871 500 972 prohibemur:
526 888 623 971 pocta
645 872 697 944 ius
717 899 815 946 suum
837 874 962 968 tenuit,
990 893 1022 949 et
1039 877 1123 953 dixit
1138 906 1197 955 an.

122 975 249 1050 dacius.
298 979 341 1048 X.
391 982 449 1053 21.
476 974 574 1047 Cadit
597 974 699 1072 igitur
715 973 749 1049 in
767 975 910 1050 eundem
925 992 957 1049 et
971 978 1140 1070 misereri,
1162 1000 1197 1059 ct

120 1078 278 1151 inridere.
303 1104 383 1151 nam
416 1077 474 1176 qui
511 1075 600 1150 dolet
627 1076 727 1150 rebus
753 1077 891 1151 alicuius
917 1079 1081 1172 adversis,
1107 1084 1218 1161 idem?

121 1179 262 1254 alienius
288 1180 384 1253 etiam
407 1179 562 1253 secundis
578 1179 706 1252 dolet0.
732 1195 769 1251 ut
786 1181 1058 1280 Theophrastus,
1083 1183 1197 1261 interi-

118 1299 193 1355 tum
212 1282 390 1382 deplorans
407 1282 634 1370 Callisthenis,
660 1281 785 1354 sodalis
802 1281 874 1370 sui,
899 1283 999 1357 rebus
1014 1286 1197 1364 Alexandri

119 1386 295 1485 prosperis
311 1385 457 1482 angitur:
483 1385 594 1483 itaque
611 1383 709 1472 dicit,
735 1383 969 1459 Callisthenem
985 1386 1143 1465 incidisse
1159 1392 1196 1466 in

121 1488 294 1560 hominem
309 1515 437 1559 summa
451 1487 616 1586 potentia,
640 1510 836 1586 somniaque
850 1486 999 1576 fortuna,
1026 1491 1087 1564 sed
1103 1492 1195 1590 igna-

119 1617 203 1662 rum·
223 1590 504 1688 quemadmodum
533 1589 633 1661 rebus
649 1589 805 1662 secundis
821 1590 870 1661 nti
887 1592 1084 1666 conveniret.
1134 1596 1195 1669 At-

119 1692 180 1791 qui
192 1692 471 1790 quemadmodum
481 1691 709 1764 misericordia
719 1691 889 1789 aegritudo
899 1709 994 1768 estex
1003 1693 1195 1772 alteriusre-

119 1794 361 1883 husadversis3
387 1794 622 1867 sicinvidentia
640 1794 811 1891 aegritudo
826 1812 874 1867 est
890 1824 927 1869 ex
945 1795 1079 1871 alterius
1094 1799 1194 1874 rebus

120 1897 287 1970 secundis.
313 1898 352 1968 In
368 1925 467 1995 quem
485 1896 692 1994 igitur-cadit
712 1895 870 1984 misereri,
887 1897 922 1969 in
939 1899 1080 1972 eundem
1096 1902 1194 1976 e'tiam

119 1999 279 2072 invidere.
304 2028 377 2071 non
399 1999 487 2071 cadit
511 2015 617 2073 autem
644 1998 790 2071 invidere
813 1999 847 2071 in
877 1999 1077 2099 sapientem:
1114 2032 1193 2102 ergo

123 2130 167 2174 ne
190 2101 340 2174 misereri
366 2102 509 2200 quidem.
543 2101 664 2200 quodsi
681 2129 777 2197 aegre
796 2100 881 2174 serre
904 2102 1037 2200 sapiens
1064 2103 1194 2194 soleret,

123 2203 276 2277 misereri
293 2205 391 2276 etiam
407 2203 534 2277 soleret.
568 2203 661 2275 abest
679 2231 756 2298 ergo
779 2231 796 2274 a
816 2203 964 2302 sapiente
979 2206 1161 2303 aegritudo.

223 2317 282 2382 22.
307 2307 397 2379 Haec
430 2306 479 2377 sic
495 2306 651 2378 dicuntur
673 2334 691 2377 a
720 2304 860 2391 Stoicis,
886 2306 1193 2408 concludunturque

119 2407 315 2481 contortius.
340 2409 400 2480 sed
415 2407 511 2480 latius
531 2407 697 2506 aliquanto
719 2408 860 2480 dicenda
880 2425 956 2479 sunt
971 2425 1004 2481 et
1019 2410 1192 2485 diffusius:

119 2509 293 2582 sententiis
310 2526 420 2583 tamen
435 2511 594 2582 utendum
609 2537 723 2582 eorum
738 2510 960 2609 potissimum,
972 2511 1037 2609 'qui
1052 2512 1194 2587 maxime

119 2611 201 2685 forti
216 2628 266 2698 et,
291 2629 328 2684 ut
341 2613 386 2685 ita
402 2613 529 2697 dicam,
555 2611 642 2683 virili
658 2628 794 2683 utuntur
808 2612 935 2685 ratione
951 2629 1048 2712 atque
1064 2631 1210 2688 senten.

153 2864 170 2876 ..
189 2797 208 2854 4
227 2796 268 2846 Sia
281 2796 355 2874 dedit
377 2799 439 2859 W.,
459 2809 488 2846 ut
506 2808 545 2847 est
559 2797 586 2847 in
600 2798 682 2876 Marg.
699 2799 771 2847 Bern.
781 2826 814 2835 —
830 2801 887 2848 Ern.
903 2817 924 2848 c.
942 2799 1011 2864 vulg.
1027 2772 1192 2871 Menalippa.

119 2863 445 2982 ΔνΙυέξζξαῗζξα.εἳξεὲτ.
462 2865 494 2914 ad
509 2864 535 2914 h.
551 2864 569 2914 l.
579 2874 606 2916 et
622 2865 702 2916 Beier.
711 2864 744 2914 ad
753 2863 801 2914 Off.
813 2868 833 2915 I.
841 2869 883 2928 31,
900 2867 958 2927 114.
987 2873 1004 2924 5
1022 2866 1191 2936 Godd.pauoi.

172 3032 302 3096 Quisnam
311 3032 423 3099 florem)
442 3032 516 3100 Apud
529 3032 641 3082 Nonium
675 3049 733 3082 casn
756 3032 782 3080 in
807 3033 819 3081 i
839 3031 946 3082 finierit:
972 3034 1008 3083 sic
1031 3034 1192 3085 scribendum
1224 3079 1226 3087 ,

119 3099 267 3150 trochaicus
281 3099 375 3166 legitur
389 3100 438 3150 sic:
559 3132 565 3143 .
675 3117 729 3148 esse
750 3100 899 3162 Carneadi,
924 3101 1044 3166 Lacydi,
1071 3102 1190 3152 Herculi.

155 3167 236 3216 Unde
255 3179 303 3216 aut
324 3169 384 3235 quis
404 3168 525 3216 mortalis
542 3167 642 3234 florem
676 3167 715 3216 Cf.
731 3166 872 3217 llumshorn
890 3170 950 3216 Lar.
969 3170 1084 3218 Gramm.
1109 3172 1131 3239 Ι.
1147 3166 1191 3228 29.

272 3233 499 3285 liherhmirrvidit
516 3233 607 3285 madro.
674 3253 700 3303 p.
714 3236 756 3291 48.
790 3234 831 3283 sic
847 3234 972 3286 infratv.
989 3240 1038 3297 33,
1056 3240 1097 3294 71.
1122 3245 1192 3286 recte

120 3303 159 3351 De
186 3302 377 3352 constructione
402 3302 474 3352 verbi
501 3302 643 3352 invidendi
675 3301 753 3351 Orelli
770 3301 861 3352 edidit:
887 3301 920 3350 de
935 3303 1088 3368 Ganymedi
1108 3313 1191 3370 raptu.

120 3368 239 3419 Dasisius
262 3370 378 3420 conferre
400 3367 472 3419 iubet
487 3373 573 3420 Senot.
588 3370 642 3418 Mi-

119 3453 191 3487 nerv.
214 3438 264 3499 ΙΙΙ,
281 3441 307 3494 3.
332 3437 372 3506 (p.
387 3439 446 3495 485.
472 3437 511 3486 ed.
535 3436 640 3500 Baueri)

120 3505 237 3555 Gronov.
263 3502 297 3553 ad
313 3502 397 3555 Tacit.
420 3508 485 3554 Ann.
503 3505 529 3567 1,
547 3510 590 3561 22.
615 3513 642 3553 et

119 3573 184 3621 Intt.
203 3570 237 3620 ad
252 3569 359 3632 Quintil.
376 3573 428 3633 IX,
446 3576 470 3629 3.
724 3574 767 3627 22.
785 3568 868 3618 latias
881 3568 1027 3637 aliquanto)
1043 3569 1114 3630 Quae
1125 3584 1191 3618 oon·
1242 3588 1244 3592 ¹

172 3638 233 3688 Can.
250 3639 286 3688 X.
303 3643 345 3696 21.
364 3639 577 3709 Theophrastus,
595 3639 641 3689 in-
676 3636 812 3686 cluduntur
833 3636 974 3691 contortius
996 3653 1010 3686 a
1028 3635 1135 3697 Stoicis,
1160 3653 1191 3687 aa

118 3707 230 3757 ceritum
245 3705 388 3786 deplorans
402 3707 592 3773 Callisthenis)
612 3708 642 3755 In
675 3704 755 3753 multo
772 3703 855 3754 latius
871 3715 896 3752 et
913 3702 1040 3770 dffasius
1061 3719 1132 3753 ame
1148 3702 1191 3753 di-

118 3772 187 3824 libro
211 3773 255 3840 qui
277 3774 411 3843 inscriptus
430 3784 470 3824 est
490 3771 641 3826 Καλλισθὲ·
675 3770 839 3830 cendasunt3
860 3780 887 3820 et
898 3770 1029 3837 eleganter
1037 3770 1123 3838 posuit
1134 3771 1191 3821 ali-

95 3837 285 3959 ‘ztdt'tl
299 3840 642 3960 “lttttihhtttt
674 3837 1191 3957 ttttl’slttttltttltzlttl

118 3993 191 4026 ranz.
218 3976 252 4025 ed
273 3976 353 4026 ¹head.
378 3978 409 4027 Π.
433 3981 523 4038 6,16.
549 3994 574 4042 p.
597 3979 640 4033 36.
674 3983 794 4041 apparet,
812 3973 949 4042 aliquanto
964 3973 1090 4024 diversum
1106 3990 1191 4024 essen

119 4043 258 4110 legendum
275 4052 362 4092 censet
376 4044 545 4103 Callistheni,
563 4042 642 4110 (quod
674 4041 768 4092 vocula
774 4042 882 4109 paulla-
897 4059 956 4092 nnm
966 4042 1045 4093 verba
1054 4042 1193 4109 aliquanto

120 4110 220 4179 recepit
234 4110 367 4176 Orellius,)
393 4110 452 4178 quia
468 4110 555 4160 Cicero
573 4111 642 4161 hunc
674 4110 756 4160 latius
770 4118 887 4176 spectant
901 4109 935 4159 ad
950 4119 1031 4159 totam
1045 4118 1192 4176 sequentem

120 4188 243 4246 sequutus
256 4177 291 4227 sit
305 4193 418 4240 morem,
434 4186 465 4227 ut
476 4179 575 4228 Gnaeos
589 4195 641 4228 no·
672 4176 747 4227 huius
761 4176 820 4249 libri
844 4176 1051 4244 disputationem.
1084 4177 1117 4226 V.
1135 4174 1191 4225 hd-

120 4245 190 4299 mina
204 4245 296 4296 tertiae
312 4244 428 4296 flexionis
442 4244 470 4296 in
485 4262 514 4295 ea
528 4244 640 4296 secundo
675 4253 765 4297 notata
780 4244 808 4295 in
826 4245 858 4293 ΙΙ.
874 4247 922 4306 27,
938 4247 982 4301 66.

899 4310 945 4380 ,14
967 4311 985 4350 *

727 3420 809 3471 aegre
816 3398 909 3469 serre)
926 3403 984 3452 Hoo
997 3401 1056 3453 loco
1071 3401 1139 3452 idem
1153 3412 1192 3452 eat

675 3472 745 3536 quod
761 3469 932 3538 aegritudine
948 3464 1036 3536 affici.
