2640 4626
117 181 179 244 312
282 200 286 207 ·
364 184 646 237 ruseuuruanum
662 183 944 234 msrurnrrouom

119 325 147 382 et
182 305 407 390 habebantur,
434 318 465 374 et
498 302 774 388 nominabantnr3
800 301 902 400 idque
927 329 1043 374 eorum
1071 328 1194 375 nomen

120 408 284 510 usquead
301 405 510 508 Pythagorae
528 405 674 476 manavit
691 419 846 476 aetatem:
872 431 988 502 quem,
1014 419 1051 474 ut
1079 403 1196 477 scribit

119 512 251 584 auditor
278 507 448 596 Platonis,
481 505 640 580 Ponticus
669 505 881 593 Heraclides,
921 506 973 578 vir
1008 505 1130 578 doctus
1160 507 1193 579 in

118 613 256 715 primis,
281 608 469 683 Phliuntem
495 608 605 681 lerunt
627 609 775 696 venisse,
803 636 942 706 cumque
964 637 1038 680 cum
1058 610 1196 697 Leonte,

118 715 271 816 principe
285 711 526 798 Phliasiorum,
553 713 649 784 docte
668 710 850 810 etcopiose
879 711 1080 784 disseruisse
1098 739 1195 810 quae-

120 819 205 890 dam.
257 815 351 889 cuius
380 814 549 912 ingenium
573 831 605 886 et
634 812 855 914 eloquentiam
880 841 982 912 quum
1012 813 1195 887 admiratus

121 937 204 994 esset
221 920 333 1005 Leon,
358 916 560 1016 quaesivisse
574 944 612 988 er
633 944 691 1004 eo,
717 944 783 1015 qna
798 916 938 988 maxime
955 931 1024 988 arte
1049 916 1194 990 confide-

121 1039 190 1095 ret:
214 1037 246 1092 at
273 1018 384 1107 illum,
410 1035 512 1091 artem
535 1018 670 1117 quidem
695 1046 730 1091 se
755 1018 840 1091 scire
864 1016 1005 1105 nullam,
1039 1019 1103 1091 sed
1127 1047 1195 1092 esse

117 1121 398 1224 philosophema
434 1120 632 1195 admiratum
654 1122 812 1194 Leontem
840 1120 1019 1193 novitatem
1038 1122 1195 1210 nominis,

120 1224 343 1326 quaesivisse,
369 1223 504 1322 quinam
523 1239 632 1296 essent
644 1222 859 1322 philosophi,
886 1239 917 1295 et
934 1221 1016 1324 quid
1033 1223 1124 1321 inter
1142 1252 1194 1297 eos

83 1333 85 1340 '
121 1346 153 1402 et
170 1327 315 1426 reliquos
332 1326 523 1412 interesset;
550 1335 582 1405 9.
600 1325 825 1430 Pythagoram
842 1341 948 1397 autem
965 1326 1195 1424 respondisse:

120 1428 260 1503 similem
293 1428 359 1501 sihi
382 1428 486 1500 videri
513 1428 613 1500 vitam
643 1428 815 1499 hominum
845 1444 876 1500 et
904 1444 1087 1500 mereatum
1113 1457 1194 1516 enm,

121 1533 179 1631 qui
194 1532 371 1604 haberetur
383 1531 525 1602 marimo
550 1529 705 1602 ludorum
730 1545 891 1630 apparatu
913 1529 1016 1602 totius
1033 1529 1193 1605 Graeciae

122 1634 317 1708 celebritate.
368 1661 446 1705 nam
462 1649 498 1704 ut
515 1631 582 1706 illic
605 1632 661 1705 alii
685 1632 884 1734 corporibus
915 1633 1102 1713 exercitatis
1129 1633 1195 1737 glo-

168 1817 298 1888 eamque)
339 1817 500 1868 constructio
535 1816 640 1868 relativa
674 1815 773 1884 μόνον,
799 1815 869 1873 elil&
891 1814 940 1871 uel
962 1815 990 1871 ol
1013 1816 1132 1887 ποιηταὶ
1154 1833 1194 1872 σο·

121 1887 222 1939 marisiit
237 1886 266 1937 in
291 1885 523 1936 demonstrativam.
548 1884 639 1935 Parad.
675 1885 780 1954 φιπαί.
1045 1922 1048 1930 .

21 1962 24 1966 ’
121 1958 152 2005 V.
167 1959 192 2014 1,
206 1956 247 2012 34.
263 1955 337 2003 caiae
353 1952 437 2003 omnia
453 1951 640 2003 consilia-ab
724 1958 749 2011 9.
767 1952 887 2003 similem·
902 1951 963 2019 aibr)
978 1951 1136 2020 Exquisitius
1158 1952 1196 2003 ‹li-

36 2063 40 2070 .
121 2021 384 2090 ipsuproliciscuntur,
399 2020 539 2088 eodemque
551 2020 641 2069 feruu—
674 2031 743 2071 ctum
760 2030 805 2098 eut¹
822 2037 868 2088 pro
885 2020 997 2088 vulgari:
1022 2021 1128 2071 cirnilea
1149 2019 1196 2071 citi

122 2102 177 2140 tur:
194 2107 241 2140 nec
256 2099 295 2138 est
310 2088 361 2137 nlla
375 2105 423 2150 res,
432 2106 495 2155 quae
503 2088 575 2156 apud
584 2105 641 2137 eam
674 2088 764 2139 videri
777 2100 861 2138 urtam
879 2087 906 2137 Ιι.
926 2100 952 2137 et
970 2101 1125 2152 mercatum,
1144 2088 1195 2138 vel:

121 2158 231 2236 polleat,
252 2173 326 2223 qnam
339 2154 417 2221 ipsius
431 2155 548 2205 voluntas
565 2165 641 2222 atque
675 2157 789 2206 rivallem
805 2155 858 2205 eibi
874 2153 964 2205 videri
978 2157 1064 2205 vitam
1086 2156 1114 2206 lr.
1130 2174 1196 2206 nter·

121 2225 253 2276 iudicium:
267 2241 329 2294 pro:
342 2222 410 2289 apud
425 2240 500 2297 quem
516 2223 579 2273 nihil
594 2233 642 2283 cst,
676 2225 756 2276 cetui.
796 2222 908 2274 Ochsner
931 2223 984 2273 Ecl.
1010 2223 1063 2273 Cic.
1087 2242 1115 2292 p.
1141 2224 1196 2282 324.

121 2291 192 2359 quod
206 2292 262 2359 plus
276 2290 382 2357 polleat.
396 2318 430 2328 -
452 2289 569 2358 Inprimis
587 2290 643 2339 fre·
676 2301 808 2357 comparat
821 2290 853 2339 de
868 2290 901 2339 N.
916 2290 947 2340 1).
965 2292 1007 2350 ΠΙ,
1024 2295 1050 2347 6.
1070 2291 1144 2355 Quid
1161 2293 1197 2341 ei·

121 2376 200 2426 quens
225 2367 263 2408 eet
286 2357 349 2406 haec
374 2364 515 2407 structurae
533 2357 642 2407 mutatio
676 2357 1199 2426 mitemedioina,-eedivinacio?quort

122 2425 191 2495 apud
220 2420 307 2475 riiecos
323 2422 467 2490 scriptores.
485 2424 560 2474 Iliad.
571 2426 643 2495 MS.
676 2426 818 2494 exemplum
832 2424 941 2476 alienum
954 2433 992 2474 eet
1001 2443 1015 2474 a
1024 2436 1118 2476 nostro
1128 2427 1198 2485 loco;

121 2443 365 2559 &refundetur
382 2489 511 2556 Ἀργείων
525 2490 642 2556 κρατέει,
676 2493 845 2559 supplendum
873 2491 939 2542 enim
970 2490 1005 2542 ibi
1035 2502 1075 2542 est
1096 2494 1198 2544 verbum

122 2560 172 2613 καί
186 2511 242 2623 ol(
259 2577 288 2614 rc
298 2555 345 2611 nul
354 2552 385 2625 ql)
395 2558 544 2611 πείθονται
553 2556 642 2624 Ἀχαι·
656 2559 781 2610 ιΙιαὸεην.
799 2561 832 2610 V.
847 2559 933 2610 Daris.
947 2558 979 2609 ud
993 2559 1080 2609 locum
1094 2560 1199 2612 dictum.

122 2627 160 2680 ol.
186 2627 224 2675 Cl.
240 2578 377 2676 llerruaun.
396 2625 428 2674 ad
443 2625 529 2691 Viger.
548 2629 642 2693 ptos-
676 2627 766 2695 Aptius
782 2627 947 2678 conferuntur
961 2644 1032 2677 exem
1051 2628 1077 2678 lu
1099 2646 1201 2695 graeca,

123 2693 285 2745 etOchsneu
302 2691 424 2742 Ecl.Cic.
441 2711 467 2760 p.
487 2697 546 2751 317.
571 2691 643 2745 Nihil
676 2694 702 2744 in
740 2693 811 2744 uibus
834 2645 1050 2761 postlipotcc,b
1065 2693 1158 2758 αὐτὸς
1178 2704 1202 2746 et

122 2760 199 2827 igitur
216 2777 279 2828 opus
294 2769 332 2809 est
349 2777 405 2810 cum
422 2758 525 2810 Durisio
542 2759 642 2826 legere:
675 2762 768 2818 uimi'a
783 2762 897 2828 sequitur
910 2761 1036 2830 particula
1051 2761 1112 2814 καί.
1159 2780 1161 2785 ’

123 2829 236 2886 veur'sre,
252 2844 359 2896 eamque
373 2831 478 2877 Leonte.
538 2826 541 2831 ’
728 2833 882 2891 mercatum)
900 2830 948 2878 Per
962 2828 1028 2879 hanc
1045 2846 1141 2882 vocem
1160 2831 1202 2882 ei-

173 2895 343 2959 admiratum)
360 2894 472 2944 Verbum
486 2893 643 2944 admirandi
678 2913 735 2947 cero
758 2896 940 2964 interpretatus
960 2906 998 2946 eet
1015 2915 1141 2963 graecum
1156 2915 1204 2948 no-

124 2962 251 3030 duplicem
270 2962 319 3010 vim
336 2961 414 3011 habet
431 2961 480 3011 hoc
498 2961 566 3012 loco.
584 2962 644 3011 Pri·
677 2961 913 3030 ηιαοπανὴγνριςτ
929 2962 1141 3036 dequoconuule
1153 2967 1204 3016 Le-

123 3047 191 3080 mum
200 3029 266 3078 enim
275 3029 302 3078 in
312 3029 407 3078 verbis:
424 3030 499 3079 cuiue
507 3029 645 3099 ingenium
676 3031 733 3086 xica
748 3048 848 3098 graeca.
871 3029 1030 3098 Pythagorea
1047 3032 1119 3088 enim
1137 3031 1203 3103 apud

125 3089 335 3164 ete'loquentiam
348 3113 426 3163 quum
441 3097 644 3147 admiratores·
677 3098 751 3165 Diog.
761 3101 847 3149 Luert.
862 3098 930 3159 VIII,
945 3104 971 3156 8.
987 3098 1061 3161 dicit,
1077 3099 1133 3153 τὸν
1143 3101 1204 3217 pler

124 3176 165 3213 sct
181 3167 251 3212 Leon
266 3173 304 3212 cst
318 3173 443 3213 nostrum:
470 3164 643 3216 bewuudern:
678 3164 798 3218 ἐοικέναι
816 3166 980 3230 πανηγύρει.
1012 3167 1053 3216 Cf.
1069 3167 1204 3218 Iambich.

124 3241 179 3280 tum
192 3230 219 3280 in
231 3230 270 3278 his
286 3229 383 3278 verbis:
400 3231 549 3281 admiratum
566 3232 644 3281 novi·
678 3233 730 3286 Vit.
746 3232 854 3300 Pythug.
871 3235 894 3311 ᾗ.
912 3236 954 3290 58.
971 3233 1014 3286 ubi
1027 3244 1102 3285 totus
1123 3235 1202 3297 locus,

124 3306 205 3348 tutent
233 3297 348 3347 nominis
372 3307 411 3346 cst
434 3308 561 3348 nostrum:
586 3298 646 3348 sicle
678 3316 753 3369 quem
770 3310 893 3367 expressit
912 3299 1014 3364 Cicero,
1030 3301 1137 3368 legitur.
1160 3340 1164 3348 .

125 3365 187 3414 iiber
200 3367 292 3416 Ε’νινοο
308 3365 490 3415 νενινανιᾶενη.
515 3368 585 3416 Ilaec
603 3366 645 3416 al·
729 3369 810 3419 totius
833 3369 964 3422 Graeciae
981 3368 1154 3437 celebritate)
1171 3370 1203 3419 H.

124 3443 180 3483 tera
194 3432 345 3498 significatio
363 3432 444 3482 rarior
454 3442 493 3482 eut
507 3451 582 3499 quam
590 3433 643 3482 ille.
679 3451 702 3486 e.
711 3434 853 3502 frequentia
862 3444 889 3484 et
899 3452 1020 3486 concursu
1028 3435 1111 3487 totius
1120 3439 1203 3487 Grae·

124 3500 166 3549 Sic
184 3499 217 3550 ad
228 3500 306 3550 attic.
325 3501 380 3559 VII,
397 3504 421 3557 9.
438 3500 575 3550 admiratus
592 3518 647 3550 sum
680 3501 742 3552 ciac.
760 3503 890 3553 Vocabulu
906 3503 973 3553 enim
988 3503 1143 3566 celebritas,
1161 3522 1204 3554 ce-

124 3567 276 3617 broritatern
290 3565 491 3636 epistolaetuae.
510 3568 548 3618 ef.
564 3568 647 3618 Ochu—
680 3569 758 3631 leber,
774 3569 906 3620 celebrare
919 3571 1020 3639 proprie
1034 3571 1160 3622 dicuntur
1173 3572 1205 3621 de

33 3691 40 3709 .
125 3651 179 3683 uer.
195 3634 250 3683 Ecl.
266 3633 317 3683 cic.
333 3653 359 3700 p.
375 3641 419 3692 20.
680 3637 721 3688 via
736 3637 777 3686 rel
791 3638 858 3697 loco,
875 3637 918 3704 qui
937 3638 967 3687 ub
985 3638 1134 3690 hominibus
1151 3640 1204 3689 fre-

176 3701 456 3768 noru'tatemnominis)
471 3702 646 3767 Diog.¹Laert.
679 3714 824 3771 quentetur.
843 3706 909 3755 Hinc
925 3706 1008 3756 Tacit.
1026 3706 1095 3756 llist.
1115 3710 1148 3757 lt.
1162 3708 1204 3765 64,

128 3771 242 3819 Pronum.
252 3769 275 3836 §-
293 3773 334 3824 1¹2·
352 3769 522 3834 φιλοσοφίαν
533 3767 563 3821 tt·
573 3771 647 3835 ποῶ·
680 3777 704 3829 1.
724 3772 863 3821 celebritas
877 3772 954 3834 viae,
968 3773 993 3823 h.
1009 3791 1033 3822 e.
1050 3774 1092 3823 via
1117 3774 1204 3824 homi-

127 3854 174 3895 τος
186 3835 310 3900 malacae
322 3835 503 3900 Πυθαγόρας,
518 3839 565 3888 nul
583 3835 645 3889 ἑαο·
679 3840 752 3888 tritius
767 3841 942 3906 frequentatas
957 3840 994 3889 aio
1005 3841 1204 3892 locuhceleber-

126 3903 177 3955 τὸν
200 3901 373 3968 φιλόσοφον·
394 3904 502 3957 θᾶττον
531 3902 561 3957 ot
584 3902 646 3957 ἕνα·
680 3907 779 3967 riatur,
802 3909 877 3976 regio
904 3907 1029 3970 celebria,
1061 3908 1205 3960 celebriter

128 3973 199 4022 λεῖτο
220 3969 307 4034 σοφία
328 3968 375 4020 καὶ
398 3969 518 4036 οοφὸοὸ
542 3971 647 4040 ταύτην
681 3974 749 4030 loci,·
775 3984 828 4022 turn
852 3977 1004 4025 transfertur
1027 3977 1060 4026 ad
1087 3976 1203 4028 homines

127 4035 373 4103 ἐπαγγελλόμενος·
393 4037 547 4102 φιλόσοφος
575 4037 605 4092 δὲ
631 4037 646 4094 ὁ
681 4041 762 4107 ipsos:
780 4041 839 4092 hinc
854 4042 886 4091 de
906 4044 985 4110 Legg.
1003 4046 1036 4104 ll,
1061 4049 1106 4102 26.
1134 4044 1203 4095 cete-

128 4105 232 4170 σοφίον
248 4101 443 4168 ἀσπαζόμενος.
467 4105 502 4156 Οὶ
518 4103 547 4158 ὁὶ
564 4105 648 4174 σοφοὶ
681 4108 760 4158 bn'tas
789 4109 899 4159 virorum
922 4128 952 4160 ac
974 4111 1117 4162 mulierum.
1147 4114 1202 4173 Quo

129 4171 176 4224 καὶ
197 4169 328 4239 σοφισταὶ
353 4169 520 4238 ἐκαλοῦντο,
544 4173 591 4226 καὶ
613 4172 648 4227 orl
682 4175 758 4225 modo
774 4186 857 4226 autem
873 4177 936 4228 haec
949 4179 1075 4231 vocabula
1087 4180 1203 4231 claritu-
