2640 4626
535 221 723 278 ‘uranum
740 230 785 286 ss
821 259 824 265 ·
971 182 974 197 ¹
1142 214 1203 286 187

119 340 270 430 malunt,
295 367 395 441 quam
410 346 566 413 tantum⁸
591 341 693 415 modo
716 343 757 416 de
773 340 944 442 dignitatis
961 342 1069 441 gradu
1084 343 1199 418 demo·

122 441 207 519 veri.
256 451 314 524 59.
339 441 510 542 Fulgentis
550 442 680 541 gladios
723 445 869 518 hostium
906 444 1065 519 videbant
1094 446 1204 536 Decii,

101 620 104 628 ,
123 573 231 649 quum
257 544 294 619 in
310 544 416 619 aciem
432 573 548 619 eorum
564 547 743 623 irruebant
768 547 822 620 his
839 547 968 621 levabat
985 577 1117 622 omnem
1129 549 1203 623 ›vol-

124 676 246 725 nerum
266 663 390 722 metum
405 647 563 721 nobilitas
578 649 695 722 mortis
714 666 746 724 et
761 649 876 747 gloria.
925 651 1135 724 Numtum4
1151 651 1203 726 in·

124 750 294 850 gemuisse
311 750 578 850 Epaminondam
595 769 712 851 putas,
736 780 837 851 quum
860 780 1018 827 unacum
1040 753 1203 852 sanguine

124 854 230 926 vitam
252 851 383 927 eflluere
406 852 563 927 sentiret?
588 855 806 955 imperantem
831 856 920 929 enim
941 855 1083 956 patriam
1098 857 1202 931 Laco·
1300 908 1306 915 -

126 955 315 1050 daemoniis
340 954 564 1055 relinquebat,
590 985 689 1057 quam
705 974 877 1059 acceperat
889 957 1094 1032 servientem.
1118 957 1201 1033 ltaec

125 1074 208 1133 sunt
225 1057 362 1147 solatia,
387 1058 468 1133 haec
485 1057 628 1134 lomento
647 1088 851 1133 summorum
873 1058 1045 1150 dolorum.

230 1163 338 1235 XXV.
370 1170 427 1241 60.
453 1156 571 1249 Dices,
598 1162 681 1262 quid
697 1161 733 1234 in
748 1164 855 1262 pace?
881 1163 964 1263 quid
979 1157 1095 1237 domi?
1119 1160 1202 1264 qnid

126 1264 165 1337 in
180 1261 324 1337 lectulo?
349 1264 393 1336 ad
412 1263 634 1365 philosophos
650 1294 703 1339 me
717 1292 864 1353 revocas,
888 1266 947 1364 qui
964 1265 999 1337 in
1013 1265 1118 1338 aciem
1132 1292 1203 1339 non

126 1394 231 1466 saepe
257 1366 432 1466 prodeunt.
481 1367 510 1440 E
537 1366 659 1467 quibus
683 1367 785 1440 homo
805 1395 885 1440 sane
902 1367 1000 1454 levis,
1024 1366 1203 1441 Heracleo·

124 1485 178 1542 tes
197 1468 399 1571 Dionysius,
425 1497 526 1567 quum
549 1498 567 1542 a
589 1471 722 1544 Zenone
745 1469 841 1542 fortis
869 1497 941 1542 esse
965 1468 1154 1555 didicisset,
1181 1496 1201 1542 a

127 1570 245 1665 dolore
268 1571 458 1643 dedoctus⁵
484 1587 541 1643 est.
566 1600 663 1661 nam,
690 1600 790 1670 quum
815 1601 853 1644 ex
869 1570 1201 1659 renibusloboraret,

126 1673 205 1773 ipso
224 1673 258 1744 in
278 1671 403 1746 eiulatu
422 1670 629 1762 clamitabat,
655 1673 737 1746 falsa
753 1702 825 1747 esse
841 1672 915 1761 illa,
942 1702 1026 1773 quae
1045 1690 1139 1746 antea
1159 1673 1202 1747 de
1293 1667 1295 1673 ¹

127 1774 245 1848 dolore
266 1774 338 1875 ipsc
357 1774 521 1849 sensisset.
546 1804 646 1875 quem
669 1804 771 1875 quum
790 1776 965 1850 Cleanthes
989 1775 1202 1876 condiscipu-

125 1878 180 1951 lus
210 1893 357 1975 rogaret,
382 1904 543 1978 quaenam
568 1879 653 1951 ratio
670 1908 745 1952 eum
763 1879 804 1952 de
824 1879 986 1951 sententia
1001 1878 1202 1967 deduxisset,

125 1979 320 2082 respondit,
347 1980 456 2077 Quia,
483 2008 583 2079 quum
604 1997 737 2053 tantum
756 2009 876 2082 operae
892 1979 1125 2081 philosophiae
1144 1981 1202 2087 de-

195 2153 272 2209 30r.
291 2167 313 2200 c.
328 2149 361 2199 R.
389 2152 487 2201 Oxonn.
505 2150 609 2219 plerisq.
634 2151 706 2202 Leid.
724 2150 806 2201 MLD.
824 2149 892 2201 Lall.
910 2151 1053 2202 tantillum.
1071 2153 1147 2203 Bene.
1180 2149 1202 2209 4

126 2220 189 2271 Em.
207 2235 230 2269 c.
247 2219 294 2268 Da.
312 2217 406 2268 econi.
425 2230 462 2267 tu.
479 2218 557 2269 Male.
591 2227 607 2278 5
624 2220 655 2271 V.
674 2219 769 2270 Adnot.

126 2302 233 2381 lieutia,
258 2317 348 2385 quibus
371 2317 475 2434 adiungi
498 2316 565 2369 solet
584 2319 647 2369 sim·
680 2319 803 2389 chungen
835 2318 884 2369 der
911 2320 959 2371 lat.
983 2300 1044 2391 Spr.
1065 2321 1110 2370 ΠΙ.
1128 2318 1200 2371 Hest.

126 2389 189 2459 plex
203 2386 371 2452 infinitivus,
396 2385 446 2436 hau
480 2403 538 2436 raro
559 2387 647 2455 sequi·
680 2405 706 2456 p.
723 2391 782 2444 332.
799 2403 854 2454 sqq.

126 2466 174 2505 tur
187 2455 356 2504 accusativus
372 2470 394 2502 c.
413 2450 464 2521 ins.
500 2455 572 2516 Quae
605 2454 660 2514 ui-'‚
730 2459 773 2512 59.
791 2453 1011 2522 imperantem-
1026 2453 1199 2520 servientem)

127 2523 188 2573 dem
202 2530 327 2571 structura
340 2521 453 2589 apprime
465 2531 520 2573 tum
533 2473 648 2573 adhllita
680 2521 802 2590 Expende
822 2522 964 2589 elegantem
984 2523 1118 2573 verborum
1141 2520 1199 2571 col-

126 2590 245 2653 videtnr,
276 2605 352 2656 quum
375 2588 515 2639 subiectum
540 2608 596 2640 cum
621 2588 647 2639 vi
679 2589 845 2641 locationem.

127 2657 239 2726 quadam
272 2654 355 2706 efferri
386 2656 472 2706 debet.
513 2657 555 2708 sic
579 2657 647 2708 infra
732 2658 790 2707 Cae.
808 2657 896 2708 XXV.
921 2661 964 2715 60.
996 2656 1121 2706 dedoctus
1144 2655 1198 2723 est)
1214 2668 1221 2680 ’-

128 2745 151 2777 c.
166 2729 208 2784 26,
222 2725 265 2782 64.
283 2722 421 2774 Benefacta
433 2723 460 2773 in
473 2723 531 2774 luce
545 2743 575 2774 se
588 2725 647 2775 col·
680 2723 739 2775 Scil.
751 2724 825 2774 fortis
839 2742 901 2775 esse.
919 2726 990 2775 Haeo
1004 2734 1042 2774 est
1056 2723 1201 2774 acutissima

126 2793 211 2844 locari
227 2792 325 2841 volunt.
342 2793 386 2841 ΠΙ.
402 2795 450 2852 27,
468 2793 509 2849 61.
529 2810 604 2860 quum
620 2809 647 2842 se
680 2791 789 2842 Bentleii
800 2792 951 2843 emendatio.
969 2792 1052 2858 Vulgo
1064 2791 1200 2858 legebatur

127 2862 158 2912 iu
181 2859 253 2910 luctu
277 2876 329 2908 esse
352 2858 456 2909 vellent.
498 2861 528 2908 In
545 2859 646 2910 Catilio.
681 2860 810 2910 deductus
823 2873 878 2911 eat:
895 2859 971 2939 quod,
1008 2858 1102 2930 uamvis
1117 2857 1199 2908 insul·

126 2930 172 2988 111,
189 2933 228 2985 10.
254 2927 331 2988 „Non
346 2925 386 2976 illi
399 2926 495 2977 nullam
510 2943 565 2977 esse
578 2945 648 2978 rem·
680 2945 734 2978 aum
747 2927 781 3006 pit
798 2936 825 2977 et
837 2928 959 2978 latimtati
973 2879 1136 2988 adversetur,
1154 2942 1200 2975 re·

128 2995 273 3066 publicam,
300 2994 345 3044 sed
368 2993 395 3043 iu
416 3011 460 3056 ea,
484 3011 549 3061 quae
572 3005 647 3057 esset,
680 3004 766 3062 posuit
783 2989 926 3054 Ernestius3
950 3013 1008 3045 uam
1024 3004 1094 3045 certe
1108 2993 1202 3044 dicen-

127 3083 160 3114 se
180 3079 235 3112 esse
275 3061 398 3129 rincipea‚
423 3079 506 3128 neque
522 3063 588 3112 hano
603 3080 648 3111 ur·-
682 3063 741 3113 dum
766 3062 855 3113 dolore
877 3063 1004 3113 deductrcs
1027 3075 1081 3123 est,
1107 3077 1163 3112 non
1181 3076 1201 3111 a

127 3133 189 3182 bem
200 3080 364 3196 condignate,
382 3129 427 3179 sed
440 3149 469 3180 se
485 3129 512 3179 in
527 3129 575 3180 hac
586 3131 649 3181 urbe
682 3130 781 3182 dolore.
824 3131 1049 3199 Contrahverbum
1073 3129 1200 3181 dedoctus

127 3200 220 3250 llorere
242 3198 405 3247 voluerunt.“
439 3200 595 3266 Quamquam
621 3197 648 3247 in
682 3211 723 3249 est
737 3198 922 3265 elegantissime
938 3199 1076 3266 opponitur
1090 3213 1200 3266 praeoe-

128 3264 266 3318 innumeris
286 3264 342 3315 aliis
361 3264 424 3314 loeis
447 3275 561 3315 veterum
582 3264 648 3316 scri-
682 3265 754 3316 denti
769 3266 918 3317 didicisset.
952 3266 1076 3333 Apposite
1091 3282 1107 3314 c
1119 3266 1200 3315 Bent-

77 3346 81 3357 ·
127 3345 234 3404 ptorum
272 3332 369 3382 nullum
411 3331 478 3381 inter
516 3343 648 3399 utramque
681 3334 732 3384 leio
749 3333 867 3384 laudatur
881 3333 960 3383 Cicer.
976 3333 1008 3381 dc
1021 3333 1076 3382 Fin.
1091 3333 1119 3392 1,
1135 3328 1201 3388 6.si

128 3401 244 3452 struendi
258 3401 385 3452 rationem
401 3399 534 3450 discrimen
548 3400 649 3450 videtur
682 3419 696 3451 a
724 3401 854 3468 Polyaeno
893 3399 1056 3466 geometriam
1098 3398 1203 3461 discere

129 3468 300 3520 statuendum.
336 3466 412 3529 Quod
432 3466 494 3517 setis
513 3467 580 3517 clare
600 3486 649 3534 ap-
681 3468 825 3531 maluisset,
851 3474 926 3537 quam
941 3467 1011 3516 illam
1027 3465 1103 3516 ctiam
1119 3464 1200 3532 ipsum

128 3547 204 3606 paret
229 3554 261 3587 ex
285 3535 459 3599 Offio1.19,
477 3539 518 3593 65.
541 3535 649 3604 princi·
683 3537 819 3586 dedocere.

124 3623 239 3676 pemque
256 3621 286 3653 se
303 3622 361 3654 esse
377 3603 492 3664 mavult,
511 3620 589 3672 quam
605 3603 649 3653 vi·
688 3602 690 3607 ⁴
733 3621 766 3652 ex
788 3601 909 3670 renibus)
936 3603 1024 3653 Cicero
1044 3600 1069 3650 h.
1083 3600 1102 3650 l.
1123 3598 1201 3665 etalt

77 3673 79 3678 ’
128 3673 199 3723 deri.
227 3671 285 3738 (ubi
308 3689 332 3721 v.
355 3671 429 3722 Beier
451 3689 477 3739 p.
497 3672 562 3737 161.)
596 3673 649 3720 Ea·
683 3670 739 3724 aliis
759 3679 787 3720 et
807 3689 822 3721 a
846 3688 873 3721 se
894 3671 949 3750 ipso
971 3667 1104 3731 dissentit,
1130 3677 1202 3718 recte

122 3740 189 3795 ,dem
214 3739 341 3790 sententia
374 3743 396 3808 1.
421 3741 463 3798 64.
489 3747 520 3788 ut
545 3737 599 3806 quis
619 3755 649 3788 ue
683 3741 867 3789 monentePet.
880 3740 1011 3796 Vrctori03
1028 3754 1087 3787 uam
1101 3735 1200 3789 deFin.

127 3807 208 3859 animi
224 3805 398 3874 magnitudine
414 3805 522 3857 maxime
538 3805 609 3857 excel
622 3805 649 3867 't,
683 3806 715 3870 V,
732 3811 774 3864 31·
791 3807 840 3857 ait:
866 3806 951 3858 Nobis
965 3810 1057 3857 Herae
1069 3817 1139 3854 cotes
1154 3804 1203 3854 itta

126 3877 166 3927 ita
184 3875 292 3925 maxime
313 3874 370 3925 vult
387 3875 516 3945 princeps
538 3873 649 3924 omnium
682 3875 831 3940 Dionysius
840 3868 984 3955 flegitiose
996 3873 1143 3924 descivisse
1157 3872 1201 3921 vi-

127 3944 170 3994 vel
184 3943 270 4011 potius
283 3943 354 3993 solus
369 3961 436 3993 ease.
454 3943 523 3993 Infra
533 3945 578 3992 Ill.
588 3941 648 4004 2,4.
684 3943 761 3993 detur
781 3961 800 3994 a
816 3943 914 3995 Stoicae
934 3955 1047 4014 propter
1072 3941 1203 3990 oculorum
1245 3961 1248 3966 ’

127 4029 168 4079 pr.
191 4016 223 4073 3,
241 4019 265 4069 5.
301 4011 375 4060 Certe
399 4009 490 4061 mirum
515 4009 650 4059 discrimen
684 4011 808 4064 dolorem.
844 4012 883 4062 cf.
906 4013 991 4063 Laert.
1016 4009 1058 4076 lio
1083 4004 1201 4071 Zenone)

127 4077 288 4145 excogitavit
300 4077 441 4128 Ramshorn
455 4081 516 4129 Lat.
533 4079 649 4127 Gromm.
683 4080 953 4150 1111311166.
988 4076 1060 4129 Adde
1077 4074 1201 4124 Goerenz.

129 4150 153 4216 1.
167 4151 223 4205 168.
236 4147 299 4196 Not.
308 4151 333 4202 2.
348 4165 374 4213 p.
382 4146 443 4204 428.
466 4144 572 4196 Emdite
583 4145 651 4195 huno
685 4146 718 4198 ad
733 4149 852 4200 Academ.
867 4149 899 4198 11.
915 4155 964 4208 22,
982 4149 1023 4203 71.
1042 4162 1067 4210 p.
1085 4145 1141 4199 133.

128 4232 201 4264 vestrm
220 4212 362 4263 enucleavit
386 4213 502 4279 Krneger
518 4213 650 4294 {Interan-
736 4216 816 4293 Quip,
833 4217 922 4288 quand
935 4205 1210 4266 1111111111ιωῦ-
