2640 4626
191 219 234 287 68
439 215 720 268 ruscomuanuu
737 214 1017 266 ntsrorsrrouun

193 343 228 415 in
248 336 378 413 coelum
402 335 523 409 soleret
546 361 634 420 esse3
667 360 771 431 quum
795 333 894 408 ceteri
919 332 1013 406 humi
1035 332 1272 423 retinerentur,

193 461 230 518 ut
241 454 474 542 permanerent
488 453 599 510 tamen
614 444 642 506 ⁷.
694 440 751 514 28.
769 435 819 507 Er
839 435 914 522 hoc,
941 451 973 508 et
990 435 1271 536 nostrorumopi-

193 571 312 629 mone,

280 663 432 724 Romulus
453 665 487 720 irs
508 662 590 720 coelo
611 634 680 719 dum
700 658 752 718 die
772 663 845 739 agit
862 680 987 729 aevom,

193 797 231 852 ut
243 779 351 851 famae
367 774 549 849 assentiens
564 774 649 848 dixit
659 773 806 861 Ennius;
833 789 865 846 et
882 773 972 873 apud
988 774 1145 862 Graecos,
1159 773 1268 848 ’inde-

194 910 259 982 que
278 878 454 981 perlapsus
474 876 518 950 ad
530 905 612 964 nos,
639 893 671 949 et
688 903 794 975 usque
820 877 870 948 ad'
882 876 1070 964 Oceanum,
1096 875 1267 964 Hercules,

194 1001 305 1057 tantus
327 998 359 1055 et
380 997 448 1052 tem
470 1005 628 1080 praesens
659 978 801 1051 habetur
830 977 921 1050 (leus.
956 978 1034 1050 hinc
1059 978 1165 1052 Liber
1189 978 1266 1080 [de-

194 1115 234 1160 us
266 1091 284 1138 ⁰
311 1082 440 1156 Semela
455 1098 570 1170 natus,
597 1079 777 1180 eademque
800 1080 907 1153 faniae
924 1079 1112 1153 celebritate
1128 1081 1266 1185 Tynda·

194 1089 287 1261 risiae
302 1186 439 1258 fratres:
466 1184 523 1283 qui
549 1212 618 1256 non
637 1183 738 1255 modo
759 1182 927 1255 adiutores
950 1182 1137 1282 in'proeliis
1164 1182 1266 1256 victo-

194 1291 264 1363 riae
283 1287 401 1388 popnli
416 1287 570 1374 Romani,
597 1285 770 1359 sedetiam
791 1285 899 1356 nuntii
917 1284 1020 1357 fuisse
1038 1283 1265 1385 perhibentur.

195 1390 312 1488 Quid?
336 1390 415 1484 luo,
442 1389 559 1461 Cadmi
584 1388 668 1475 filia,
692 1415 803 1459 nonne
820 1387 1038 1461 Leucothea⁹
1055 1387 1265 1460 nominatae

195 1493 350 1580 Graecis,
376 1492 505 1563 Matuta
530 1491 707 1568 habetura
729 1489 876 1562 nostris?
902 1489 1007 1588 qnid?
1032 1506 1140 1563 totum
1160 1516 1266 1592 prope

195 1595 333 1683 coelum,
358 1620 400 1667 ne
412 1593 519 1694 pluris
534 1619 725 1693 persequar,
751 1618 862 1664 nonne
877 1591 1024 1666 hnmano
1042 1621 1164 1691 genere
1178 1619 1267 1668 eom·
1310 1606 1312 1617 '

260 1805 280 1857 7
294 1796 336 1848 stc
352 1795 399 1848 W.
417 1796 529 1848 correxit
545 1795 577 1846 de
585 1794 720 1846 *sententia
727 1793 844 1856 Ernests'i,
861 1793 905 1861 qui
919 1793 1044 1845 tamenin
1059 1794 1115 1862 ipso
1132 1795 1268 1848 verboram

196 1865 286 1919 ordine
301 1883 316 1915 a
330 1864 399 1930 vulg.
412 1881 465 1915 non
482 1864 558 1915 abiit:
577 1880 641 1930 quae
657 1872 707 1913 est:
725 1864 755 1912 in
770 1863 866 1912 ceteris
880 1861 905 1912 h.
923 1864 1097 1925 retineretur,
1118 1875 1146 1914 et
1158 1881 1268 1933 perma-

195 1945 271 1985 neret
287 1945 321 1982 t.:
337 1931 365 1981 in
378 1949 429 1999 qua
438 1931 515 1981 etism
525 1935 567 1982 Or.
581 1929 715 1997 acquievit,
732 1947 836 1996 zeugma
849 1938 969 1993 statuens,
987 1939 1017 1980 nt
1031 1930 1176 1981 subiectum
1187 1939 1266 1982 esset:

196 2000 361 2052 commutatio
376 2001 450 2050 vitoe
473 1999 531 2049 ie.
558 1998 612 2048 vite
633 2006 793 2047 commutata.
828 1999 899 2058 Quae
914 1997 981 2049 ratio
998 2006 1026 2048 et
1042 1997 1105 2048 durs
1121 1997 1228 2049 ridetur
1243 2007 1268 2048 et

195 2069 332 2135 inelegans.
367 2069 452 2128 Quare
468 2065 584 2133 equidem
600 2064 698 2131 legam:
722 2066 818 2115 soleret
832 2063 907 2124 esse,
924 2077 1024 2115 ceteros
1041 2065 1114 2116 lrunri
1130 2067 1267 2128 retineret,

195 2149 225 2188 ut
259 2146 534 2186 ermunerenttamen.
568 2135 707 2183 Retineret
724 2142 750 2182 et
763 2144 951 2202 pernumerem
967 2142 1051 2182 sutem
1085 2133 1157 2183 lures
1174 2133 1268 2184 habent

237 2154 321 2253 florid.
340 2211 367 2251 et
382 2200 447 2251 Edd.
481 2201 571 2263 SSic,
595 2200 687 2251 omisso
704 2199 785 2262 deus,
807 2203 870 2250 Dav.
889 2216 903 2249 e
919 2199 1033 2267 pluribus
1078 2200 1140 2250 odd.
1157 2201 1268 2337 itemvffle

195 2271 253 2322 PM.
270 2271 301 2321 L.
318 2296 352 2307 -
369 2271 428 2319 Em.
444 2287 467 2320 e.
486 2268 567 2320 Gebh.
583 2268 664 2319 Liber
681 2268 753 2330 deus,
768 2267 840 2317 etsie
856 2267 908 2318 CV.
921 2295 955 2306 -
968 2268 1031 2318 Mox
1047 2267 1150 2319 Semde
1160 2286 1184 2321 e.
1259 2303 1266 2318 .

195 2336 273 2389 Mula.
307 2339 325 2394 9
341 2338 384 2386 Or.
404 2338 470 2388 en.
484 2336 540 2386 ΡΙ).
558 2334 715 2389 Λευκοθέας
735 2334 803 2402 qnod
817 2350 870 2385 non
878 2333 970 2401 placet.

196 2489 228 2526 το
244 2469 344 2536 ἔλεξας,
360 2467 481 2538 ἥμαρτες
496 2466 541 2530 d‘u,
560 2469 585 2520 h.
596 2487 618 2522 e.
629 2470 650 2520 si
663 2469 713 2520 hoo
746 2479 813 2520 teres
829 2421 965 2584 scrspgtores
991 2467 1098 2520 aliorum
1120 2469 1195 2522 dieta
1213 2487 1267 2522 me-

197 2539 318 2602 dixisses,
336 2555 460 2600 errasses,
479 2545 506 2586 et
521 2536 546 2588 ei
561 2538 644 2590 τοῦτο
660 2534 713 2590 tte·
747 2536 852 2587 moriter
887 2538 929 2587 ere
954 2535 1102 2600 laudantes,
1136 2555 1192 2590 non
1216 2540 1268 2608 ipsa

142 2663 145 2669 .
195 2623 254 2676 yse,
271 2604 394 2675 ἥμαρτες
408 2602 460 2667 ἄν,
486 2603 513 2654 h.
532 2622 553 2653 e.
569 2603 591 2654 si
607 2604 656 2654 hoe
671 2604 713 2653 di·
747 2604 824 2653 rerba
838 2603 912 2653 anxie
926 2603 1062 2670 pressisse,
1088 2604 1136 2657 sed
1156 2606 1185 2656 in
1209 2625 1266 2657 sen-

197 2692 282 2737 ceres,
302 2689 419 2723 errasses.
748 2671 829 2720 tentia
844 2669 973 2721 reddenda
992 2671 1157 2751 acquievisse.
1216 2740 1222 2753 ⁸

196 2748 713 2876 ..tttttttattttf‘ttttttt
747 2755 969 2872 ...tutta
977 2739 1267 2877 ttttitft‘tltt

197 2876 265 2927 vitiis
291 2892 322 2924 ae
358 2872 532 2938 voluptatibus
562 2872 713 2933 deditorum,
765 2875 790 2923 ui
817 2875 974 2942 praesentia
999 2892 1044 2924 sua
1073 2891 1169 2925 numen
1199 2891 1268 2927 snum

197 2941 348 3008 animip'ost
368 2949 474 2989 mortem
495 2953 547 2989 uon
570 2939 598 2988 in
618 2939 715 2989 caelum
747 2891 891 2991 ileclarent:
910 2939 1014 2991 hincita
1023 2942 1191 2993 dicuuturdii
1206 2961 1268 3011 pro-

197 3009 315 3074 migrant,
328 3005 374 3056 sed
380 3005 449 3056 humi
462 3006 611 3068 retinentur,
626 3006 663 3056 ita
670 3016 714 3057 ta-
746 3008 812 3076 pitii,
829 3009 959 3069 faventes,
977 3008 1098 3058 auxilium
1114 3011 1268 3077 potentissi-

197 3093 272 3138 men‚
290 3085 385 3124 utnon
404 3083 527 3141 pereant,
552 3075 598 3124 sed
612 3092 714 3142 perma-
747 3093 815 3125 mum
838 3085 864 3124 et
897 3075 1096 3126 efficacissimum
1121 3077 1267 3129 efferentes.

197 3151 284 3193 neant.
316 3139 619 3192 PulcherrimeCieeroin
633 3159 713 3192 somn.
747 3144 778 3194 V.
794 3141 970 3193 Mitseherlich
984 3143 1017 3192 ad
1025 3145 1115 3194 Horat.
1135 3144 1185 3195 Od.
1201 3147 1268 3204 L35.

197 3209 266 3275 Seip.
276 3208 317 3274 (de
331 3210 395 3277 Rep.
409 3209 461 3270 vt,
478 3213 520 3267 26.
535 3210 620 3275 extu),
637 3227 715 3276 praeb
747 3210 829 3278 princ.
844 3228 870 3277 p.
886 3215 944 3268 316.

197 3286 275 3327 eunte
290 3275 397 3327 Plutone
410 3274 439 3327 iu
453 3276 605 3327 Phaedone:
631 3277 715 3339 „Nem
798 3295 851 3326 non
867 3278 942 3327 modo
961 3277 1105 3344 adiutores)
1133 3279 1167 3330 N.
1191 3280 1224 3333 D·
1239 3280 1268 3340 11,

198 3360 285 3395 eorum
299 3340 396 3423 auid,
406 3341 452 3411 qni
468 3361 495 3393 se
513 3342 626 3410 corporis
639 3344 715 3394 voln—
747 3351 772 3403 2.
790 3345 957 3412 praesentiam
971 3362 1047 3412 saepe
1062 3344 1115 3395 divi
1132 3364 1207 3397 suam
1222 3345 1269 3397 de-

198 3411 310 3480 ptatibus
332 3406 499 3472 dediderunt,
525 3427 659 3478 earumque
688 3428 715 3461 se
749 3412 862 3474 clarent,
890 3422 919 3462 ut
933 3421 960 3462 et
974 3413 1042 3479 apud
1054 3412 1186 3478 Regillum
1202 3414 1268 3465 bello

198 3479 269 3547 quasi
284 3477 413 3529 ministros
425 3479 602 3546 praebuerunt,
619 3479 715 3546 impul·
747 3480 910 3541 Latinorum,
928 3497 1004 3546 quum
1019 3483 1049 3529 A.
1065 3481 1214 3533 Postumius
1228 3481 1269 3532 di-

198 3545 715 3666 iiiiiuiffiiidffmviiuliiiimiiii
747 3547 1268 3668 titt⁰‘ttt1.3⁰ttt.l.'t¹⁵¹³t.lt.t2

198 3681 372 3748 violaverunt,
397 3681 641 3749 corporibuselapsi
662 3681 714 3731 cir-
747 3633 1268 3752 acieOiistoretPolluxexdqnispugna·

199 3765 255 3798 cum
268 3755 363 3798 terram
378 3746 459 3813 ipsam
481 3748 641 3809 volutantur,
665 3766 714 3798 nee
746 3766 774 3798 re
790 3749 836 3799 visi
852 3758 970 3799 enntret
985 3749 1133 3816 recentiore
1146 3751 1267 3803 memoria

197 3814 265 3865 hunc
279 3814 306 3864 in
321 3815 415 3877 locum,
432 3814 480 3864 nisi
493 3816 579 3865 multis
593 3815 715 3881 exagitati
747 3816 824 3866 iidem
851 3816 1029 3882 Tyndaridae
1048 3818 1144 3869 Persen
1172 3819 1267 3871 victum

198 3881 304 3942 saeclis,
320 3886 508 3931 revertuntur.“
666 3918 668 3922 -
747 3883 927 3933 nuntiaverunt
957 3894 1017 3935 cett.
1054 3885 1086 3935 V.
1121 3885 1160 3936 ibi
1184 3887 1266 3938 Daris.

247 3953 290 4006 28.
307 3949 449 4014 Romulus)
468 3949 545 3999 ‘Ennii
558 3966 652 4012 versus,
666 3965 714 3999 eu·
747 3951 797 4018 (ap.
822 3953 909 4001 Creuz.
934 3968 959 4019 p.
976 3955 1029 4010 212
1049 3979 1066 3990 -
1080 3953 1153 4020 215.)
1184 3963 1212 4006 et
1239 3952 1266 4004 ad

162 4062 166 4069 .
198 4025 270 4066 ctore
284 4014 372 4066 Servio
391 4015 424 4065 ad
435 4018 497 4066 Aen.
516 4017 567 4079 VI,
585 4019 661 4078 764„
676 4017 714 4067 ite
746 4017 771 4068 h.
787 4018 806 4068 l.

198 4084 372 4134 conformatus
379 4092 448 4133 erat:
465 4083 714 4147 „RomulusinCae-
796 4086 1011 4153 Ino-Matuta)
1030 4085 1069 4136 Cf.
1084 4086 1117 4136 N.
1127 4088 1160 4138 Ι).
1168 4089 1214 4154 111,
1230 4092 1264 4146 15

196 4149 223 4201 lo
240 4168 298 4201 eum
309 4150 365 4202 Diis
378 4150 541 4221 genitalibus
555 4169 644 4203 aevum
657 4153 713 4203 De·
746 4163 773 4204 et
787 4170 851 4221 qnae
867 4153 903 4204 ibi
916 4154 994 4204 docte
1006 4153 1143 4207 adnotavit
1152 4155 1263 4208 Cmmer.

103 4294 108 4299 Ι
198 4217 262 4284 git.“
277 4218 328 4270 Sed
344 4227 445 4271 constat
460 4218 528 4271 inter
544 4236 630 4271 omues
639 4256 647 4284 ,
665 4236 712 4271 ve-
745 4239 771 4288 p.
789 4223 848 4280 547.
