2640 4626
540 199 674 251 ⁴mmm
692 200 735 251 rv.
753 206 778 259 5.
1001 155 1008 168 ’
1131 195 1196 261 259

122 331 174 389 est
196 314 303 388 oratio
328 331 392 387 tua
442 318 490 388 M.
522 317 598 388 Non
624 317 726 414 igitur
753 316 919 390 existimas
944 317 1061 411 cadere
1082 319 1117 391 in
1144 348 1198 394 sa-

120 419 269 518 pientem
301 416 566 514 aegritudinem?
615 424 656 493 A.
681 420 823 493 Prorsus
853 448 923 493 non
948 420 1099 494 arbitror.
1149 427 1197 495 M.

120 521 248 618 Atqui,
275 519 304 592 si
330 518 393 592 ista
417 521 612 620 perturbare
642 522 789 595 animum
815 522 975 623 sapientis
995 552 1064 597 uon
1079 541 1198 623 potest,

119 621 214 695 nulla
237 621 370 722 poterit.
397 622 480 721 quid
506 623 619 697 enim?
643 641 793 698 metusne
815 625 1012 699 conturbet?
1038 643 1072 699 at
1085 654 1198 700 earum

122 753 234 798 rerum
260 741 309 798 est
325 723 511 797 absentium
528 744 655 814 metus,
682 756 821 826 quarum
839 728 1063 826 praesentium
1082 745 1131 802 est
1146 756 1200 803 ae·
1271 758 1277 817 ζ

123 826 268 926 gritudo.
303 825 432 921 sublata
465 828 566 925 igitur
598 829 803 927 aegritudine
840 831 945 1003 qest]
978 829 1128 904 sublatus
1150 847 1199 904 est

121 947 239 1002 metus.
272 945 400 1002 restant·
423 931 509 1003 duae
535 931 818 1031 perturbationes,
857 932 968 1005 aetitia
988 932 1133 1031 gestiens
1167 937 1200 1006 et.
1277 1016 1280 1021 ,

122 1031 252 1105 libido:
279 1059 363 1130 quae
386 1031 416 1104 si
443 1061 511 1104 non
537 1034 655 1107 cadent
676 1034 711 1106 in
730 1034 933 1135 sapientem,
958 1062 1090 1135 semper
1104 1063 1198 1108 mens

122 1134 187 1207 erit
219 1133 395 1233 tranquilla
429 1136 597 1234 sapientis.
649 1144 681 1214 9.
706 1143 742 1210 A
782 1136 839 1210 sic
874 1165 1014 1237 prorsus
1041 1136 1198 1235 intelligo.

119 1240 169 1309 M.
204 1239 324 1308 Utrum
354 1235 457 1333 igitur
480 1238 608 1311 mavis?
640 1239 793 1312 statimne
818 1266 882 1311 nos
906 1238 977 1312 vela
997 1239 1123 1326 facere,
1155 1267 1198 1313 an

119 1339 246 1437 qnasie
263 1350 367 1438 portu
383 1339 581 1437 egredientis
600 1339 783 1441 paullulum
800 1341 988 1438 remigare?
1021 1346 1062 1416 A.
1089 1341 1199 1438 Quid-

118 1469 197 1513 nam
215 1457 264 1545 est
281 1441 373 1513 istud
387 1443 433 1514 ⁸?
457 1470 528 1515 non
547 1443 633 1516 enim
655 1442 812 1541 intelligo.
874 1532 883 1542 ..

226 1563 264 1630 V.
289 1564 339 1632 M.
366 1558 455 1654 Quia
474 1561 683 1664 Chrysippus
708 1578 739 1635 et
763 1560 886 1647 Stoici,
912 1588 1015 1660 quum
1040 1561 1081 1632 de
1097 1559 1197 1632 animi

121 1661 430 1760 perturbationibus
457 1662 645 1762 disputant,
669 1692 831 1761 magnam,
848 1679 977 1763 partem
1001 1662 1037 1734 in
1066 1662 1108 1734 iis
1123 1689 1200 1761 par-

121 1763 246 1836 tiendis
266 1780 297 1836 et
311 1763 508 1838 definiendis
527 1767 679 1866 occupati
698 1783 793 1854 sunt;
819 1764 874 1857 illa
892 1793 1007 1839 eorum
1020 1766 1202 1864 perexigua

123 1865 232 1937 oratio
258 1882 324 1952 est,
352 1895 419 1966 qua¹
447 1868 642 1941 medeantur
670 1870 807 1956 animis,
833 1895 895 1940 nec
922 1895 979 1940 eos
993 1865 1200 1939 turbulentos

125 1995 197 2040 csse
219 1968 409 2066 patiantur:
434 1968 645 2070 Peripatetici
668 1988 775 2044 autem
803 1970 845 2041 ad
869 1967 1051 2068 placandos
1070 1968 1199 2040 animos

123 2068 226 2142 multa
244 2070 408 2156 afferunt;
434 2072 548 2170 spinas
563 2073 729 2171 partiendi
747 2089 777 2144 et
797 2069 976 2143 definiendi
994 2069 1201 2168 praetermit-

123 2187 196 2243 tunt
211 2218 257 2228 —
275 2172 474 2271 quaerebam
495 2174 605 2271 igitur,
630 2191 740 2247 utrum
755 2173 936 2273 panderem
954 2171 1025 2245 vela
1041 2172 1201 2243 orationis

123 2274 256 2361 statim,
283 2304 326 2347 an
353 2305 422 2349 eam
453 2293 527 2349 ante
543 2276 722 2375 paullulum
744 2274 989 2349 dialecticorum
1007 2274 1108 2347 remis
1122 2300 1202 2373 pro·
1249 2313 1252 2318 ·

123 2377 290 2477 pellerem.
340 2384 381 2450 A.
407 2379 592 2452 istomodo
609 2408 695 2452 vero.
722 2379 783 2451 erit
797 2377 884 2449 enim
897 2377 961 2448 hoc
976 2391 1092 2462 totum,
1111 2374 1203 2472 qnod

124 2507 268 2578 quaero,
296 2507 334 2551 cx
358 2497 499 2578 utroque
525 2481 711 2579 perfectius.
764 2487 820 2558 10.
845 2482 893 2552 Μ.
918 2479 979 2549 Est
1005 2477 1041 2549 id
1067 2476 1202 2574 quidem

122 2581 256 2654 rectius.
300 2582 360 2654 sed
393 2597 472 2681 post
504 2583 672 2680 requires,
708 2582 736 2652 si
770 2580 852 2679 quid
887 2579 986 2652 suerit
1020 2577 1202 2650 obscurius.

120 2688 163 2756 A.
189 2682 323 2755 Faciam
354 2683 526 2781 equidem:
554 2700 589 2755 tu
604 2701 731 2770 tamen,
758 2699 794 2753 nt
812 2680 915 2768 soles,
941 2681 1032 2753 dices
1049 2679 1112 2751 ista
1128 2679 1202 2777 ipsa

122 2786 271 2864 obscura
297 2784 456 2885 planius,
477 2813 576 2884 qnam
598 2787 796 2873 dicuntur‘a
817 2783 963 2856 Graecis.
1013 2787 1062 2878 M.
1087 2781 1203 2853 Enitar

183 2995 215 3049 ,7
232 3000 259 3037 et
272 3005 357 3055 recep.
376 2987 421 3037 W.
441 3005 455 3036 e
479 2986 574 3054 plurib.
594 2987 675 3038 Codd.
708 2991 743 3038 At
763 2999 833 3038 recte
855 2999 881 3036 et
903 3004 959 3037 cum
979 2987 1038 3036 Ern.
1064 2983 1141 3034 eiecit
1161 2986 1203 3032 Or.
1284 3025 1288 3028 .

121 3055 206 3107 facile
222 3072 253 3105 ex
275 3054 368 3105 ultima
385 3054 484 3136 syllaba
506 3055 684 3122 praecedentis
709 3054 828 3106 vocabuli
851 3053 921 3104 nasci
936 3051 1032 3121 potuit.
1066 3050 1142 3110 SSic
1158 3052 1202 3102 W.

121 3127 190 3181 0121.
207 3130 240 3162 -'
259 3126 303 3173 Or.
322 3142 343 3174 c.
360 3140 429 3188 vurg.
448 3135 525 3172 istuc.
831 3141 834 3145 ·

176 3262 203 3316 9.
236 3257 298 3308 vela
323 3255 433 3325 secere)
467 3257 598 3307 Ernestius
623 3256 651 3306 in
684 3275 707 3318 τ,
715 3261 756 3314 63.
770 3251 997 3320 Ἕκτοριμὲνκαὶ
1006 3250 1096 3322 Τρωσὶ
1104 3247 1206 3317 τόκέρ-

124 3325 199 3378 Clau.
224 3325 339 3376 Ciceron.
363 3344 383 3375 s.
401 3341 425 3375 v.
455 3325 589 3394 remigare
614 3323 651 3374 sic
684 3324 756 3376 διον.
770 3322 1078 3383 TulliusdeDivin.I‚53.
1095 3321 1205 3378 Fore,ut

123 3392 254 3460 explicat:
280 3395 374 3442 Utrum
397 3391 470 3442 malis
492 3391 579 3442 statim
603 3408 651 3440 co·
685 3391 759 3441 armis
769 3392 871 3440 Darius
888 3402 914 3438 er
924 3392 1025 3438 Persae
1039 3386 1072 3436 'ab
1084 3387 1205 3457 Alexan-

124 3461 202 3529 pinse
216 3470 245 3510 et
256 3461 309 3511 late
324 3460 455 3527 disputari,
474 3477 506 3509 an
517 3476 578 3522 vero
592 3468 651 3508 ante
685 3459 734 3508 dro
765 3470 791 3507 et
813 3455 1004 3507 Macedonibus
1033 3453 1204 3503 vincerentur.

123 3528 212 3579 adhuc
223 3527 379 3595 aliquamdiu
387 3526 514 3577 subtiliter
527 3543 580 3577 rem
590 3543 652 3593 per·
689 3525 810 3575 Conferre
831 3524 901 3573 iubet
918 3526 938 3571 1.
955 3524 984 3572 F.
1001 3519 1156 3571 Gronovium
1172 3517 1206 3568 ad

125 3593 215 3663 sequi:
246 3595 458 3662 quemadmodum
485 3593 528 3661 qui
552 3602 655 3659 portum
688 3591 743 3641 Liv.
764 3593 813 3652 111,
830 3597 872 3648 25.

128 3661 299 3740 ‘gredluqtur
320 3679 374 3712 ”⁰¹¹
397 3661 484 3739 slallm
506 3661 565 3739 Vela
585 3659 654 3721 ‘lant'
740 3662 938 3741 dialecticorum
962 3688 1056 3754 remis)
1083 3688 1115 3736 H.
1134 3704 1157 3736 c.
1175 3703 1208 3737 an

128 3730 177 3782 ”d
193 3729 288 3779 lenum
304 3728 513 3796 ngredmntur‘
531 3728 558 3777 ¹d
571 3736 654 3776 antem
690 3758 831 3808 orationem
841 3753 1209 3815 exordirermoredialectico-
1274 3750 1277 3755 ’

130 3796 334 3863 ἧῗᾲθωίἕωάο·
353 3795 392 3846 Cf·
406 3812 466 3845 ⁰¹⁰¹
481 3813 502 3845 ⁰⁸
517 3803 542 3852 5·
557 3795 643 3871 princ&
660 3854 663 3859 ·
688 3843 744 3875 rum
758 3844 773 3875 a
787 3825 920 3877 subtiliore
939 3823 1111 3907 disputetiqnc
1119 3858 1126 3887 ‚
1145 3838 1209 3890 quae

164 3860 226 3943 Cer:
251 3865 283 3913 V.
317 3863 484 3940 Chrysippus
510 3874 535 3911 et
560 3861 655 3926 Stoice)
687 3893 780 3944 lentius
812 3911 841 3943 m
873 3891 963 3944 editur·

131 3932 306 4010 Gbrpslppus‚
324 3948 388 3980 unus
405 3934 547 3980 Stoicorum
569 3929 657 3978 excel·
729 3953 731 3957 ·
794 3913 810 3962 P
842 3910 872 3960 gr

130 4000 304 4061 lectissimus,
333 3996 483 4047 nominatim
509 3997 660 4065 appellatur,
744 3996 802 4044 Isto
816 3995 891 4044 modo
908 3993 979 4060 vero)
1003 3992 1036 4041 H.
1052 4009 1074 4040 e.
1090 3987 1211 4060 profecto

131 4067 215 4122 ceteri
232 4066 346 4132 generali
371 4065 472 4114 nomine
491 4063 662 4129 designantur.
696 4063 747 4112 isto
770 4062 863 4123 modo,
887 4079 922 4112 sc.
940 4061 969 4110 nt
987 4059 1129 4109 orationem
1144 4056 1213 4104 inci-

131 4137 211 4185 Hunc
231 4132 331 4183 dicendi
346 4148 441 4183 morem
456 4130 664 4198 pluribusexem-
697 4129 753 4198 pias
769 4148 809 4179 as
826 4130 874 4180 inis
888 4126 1016 4197 partiendi
1029 4135 1055 4176 ct
1068 4121 1212 4174 definiendi.

133 4202 185 4271 plis
208 4200 349 4253 illustravit
364 4197 488 4250 Davisius.
520 4199 623 4249 Homer.
634 4197 665 4247 Il.
699 4199 795 4258 Devoc
848 4195 1046 4250 veromddnot.
1060 4192 1213 4252 intuma

926 4269 963 4334 ΙΙ
986 4266 1007 4304 Ι
