2640 4626
537 210 777 297 ⁴rancura
1037 148 1040 153 i
1134 202 1223 277 323,

125 330 256 426 Negant
271 328 313 400 ab
328 326 397 401 ullo
415 326 619 428 philosopho
632 326 814 428 quidquam
833 330 957 403 dietum
982 328 1198 430 esselangni-

125 431 211 504 dius.
254 447 341 503 recte
360 430 397 502 id
417 430 568 530 quidem:
595 430 654 503 sed
672 430 758 505 nihil
781 430 930 530 intelligo
956 432 1023 505 dici
1046 434 1196 533 potuisse

99 555 102 559 ·
125 533 339 606 constantius.
391 531 428 604 Si
445 533 532 605 enim
549 548 599 605 tot
613 546 690 605 sunt
706 533 752 607 ‹in
776 560 916 633 corpore
937 534 1046 621 bonu,
1071 551 1122 607 tot
1140 564 1195 608 ex-

117 644 176 708 'tra
196 663 319 735 eorpus
337 634 372 707 in
395 662 473 706 casu
496 650 594 735 atque
617 634 769 710 fortuna:
799 662 911 710 nonne
939 655 1194 711 consentaneum

123 754 191 825 est,
217 738 293 838 plus
307 737 484 821 fortunam,
510 764 594 835 qnae
607 735 741 813 domina
755 765 866 811 rerum
883 736 925 811 sit
942 756 974 811 et
988 751 1194 814 externarum

123 857 155 912 et
173 840 217 912 od
231 866 353 939 corpus
371 839 622 938 pertinentium,
648 867 747 940 quam
764 840 939 914 consilium
954 840 1086 915 valere?

122 966 126 973 ·
225 951 283 1020 26.
309 942 364 1014 An
374 940 536 1015 malumus
552 941 733 1042 Epicurum
744 942 889 1015 imitari?
915 942 1082 1042 quimult'a
1097 971 1193 1042 prae-

123 1044 212 1116 clare
222 1056 327 1142 'saepe
346 1043 442 1116 dicit:
469 1072 567 1141 quum
588 1043 674 1117 enim
696 1044 762 1116 sibi
784 1061 972 1117 constanter
997 1046 1193 1118 convenien-

122 1162 238 1244 terque
255 1146 360 1232 dieat,
386 1161 455 1217 non
468 1144 605 1218 laborat.
656 1146 783 1219 Laudat
800 1162 932 1241 tenuem
952 1147 1081 1219 vietum.
1116 1147 1193 1247 phi-

122 1247 258 1346 losophi
284 1247 323 1318 id'
351 1247 503 1345 quidem:
538 1249 614 1334 sed,
648 1248 676 1318 si
701 1248 870 1334 Socrates,
902 1264 957 1320 aut
977 1248 1191 1321 Antisthenes

121 1350 266 1437 diceret;
291 1377 361 1420 non
386 1348 434 1438 is,
460 1351 516 1448 qui
533 1349 633 1423 finem
656 1350 820 1428 bonorum
837 1349 1035 1450 voluptatem
1051 1378 1122 1423 esse
1141 1351 1192 1422 di-

120 1453 214 1552 uerit.
265 1453 388 1548 Negat,
411 1467 624 1550 'quemquam
657 1451 799 1525 iucunde
829 1480 929 1551 posse
958 1454 1084 1539 vivere,
1125 1453 1191 1522 nisi

120 1553 211 1627 idem
230 1553 383 1639 honeste,
409 1554 593 1652 sapienter,
618 1555 766 1653 iusteque
790 1555 882 1627 vivat.
933 1554 1025 1626 Nihil
1048 1555 1190 1652 gravius,

120 1655 210 1727 nihil
225 1654 439 1755 philosophia
456 1655 608 1752 dignius3
634 1656 699 1728 nisi
714 1655 884 1731 idem'hoc
900 1657 1028 1756 ipsum,
1043 1657 1190 1745 honeste,

121 1758 305 1856 sapienter,
331 1759 433 1845 iuste,
460 1756 507 1855 ad,
529 1757 727 1857 uoluptatem
754 1759 896 1831 referret.
949 1758 1190 1853 Quidmelius,

121 1888 239 1959 quani,
264 1860 432 1932 fortunam
455 1859 604 1956 exiguam
629 1860 824 1933 intervenire
851 1860 1015 1959 sapienti?
1041 1861 1101 1933 sed
1125 1861 1189 1932 hoc

120 1963 193 2034 isne
210 1961 308 2046 dicit,
335 1961 409 2060 qui,
436 1985 538 2059 quum
554 1961 701 2034 dolorem
718 1991 786 2034 non
810 1962 910 2034 modo
926 1962 1103 2034 maximum
1121 1991 1190 2033 ma-

120 2063 199 2150 lum,
227 2065 286 2135 sed
302 2062 408 2135 solum
424 2061 547 2136 m'alnm
562 2064 660 2137 etiam
679 2064 808 2150 dixerit,
833 2080 903 2137 toto
920 2092 1057 2162 corpore
1076 2065 1191 2163 oppri-

119 2166 167 2238 tui
183 2166 289 2264 possit
307 2165 478 2237 doloribus
497 2166 665 2240 acerrimis
685 2182 773 2252 tum,
800 2195 900 2265 quum
918 2166 1059 2238 maxime
1076 2182 1192 2237 contra

118 2269 288 2340 fortunam
310 2266 490 2365 glorietur?
540 2279 598 2348 27.
631 2268 734 2364 Quod
762 2269 850 2340 idem
877 2267 1070 2340 melioribus
1092 2268 1190 2340 etiam

119 2369 231 2443 verbis
244 2370 467 2457 Metrodorus
496 2370 677 2468 Occupari
693 2385 742 2456 te,
769 2371 875 2468 inquit
889 2378 920 2455 ⁸,
935 2373 1109 2467 fortuna,
1136 2384 1191 2440 ot-

120 2501 189 2573 qne
206 2476 303 2570 cepr',·
326 2477 509 2572 umorique
526 2473 649 2573 adt'tus
671 2488 750 2545 tuos
768 2473 952 2544 interclusi
957 2529 968 2557 ,
1002 2487 1042 2542 ut
1059 2471 1113 2542 ad
1134 2500 1189 2542 me

119 2575 310 2672 adspirdre
328 2603 399 2645 non
410 2604 543 2674 possea.
593 2575 782 2662 Praeclare,
808 2575 836 2646 si
852 2575 967 2646 Aristo
988 2574 1109 2659 Chius,
1135 2589 1189 2644 ant

120 2677 149 2750 si
166 2677 299 2750 Stoicus
318 2679 408 2749 Zeno
426 2677 548 2750 diceret
560 2707 573 2765 ;’
594 2679 670 2777 qui,
696 2677 760 2748 nisi
776 2676 866 2776 quod
891 2694 987 2774 turpe
1010 2692 1113 2761 esset,
1138 2676 1189 2745 ui-

119 2779 168 2852 hil
183 2778 305 2867 malum
322 2779 462 2852 duceret.
513 2782 566 2851 Tu
587 2808 680 2866 vero,
705 2780 915 2865 Metrodoro,
941 2778 998 2878 qui
1016 2777 1190 2849 omne'ho-

119 2911 199 2955 num
223 2883 258 2954 iu
281 2882 462 2976 visceribus
489 2881 707 2981 medullisque
729 2881 996 2968 condideris,·et
1013 2878 1189 2964 definieris,

80 3088 86 3099 ⁴
137 3095 151 3103 ··
183 3085 265 3150 estc
281 3087 307 3136 b.
322 3087 377 3138 vn
395 3085 462 3136 Lau.
481 3114 513 3126 -
530 3087 589 3136 nm.
608 3043 632 3136 οξ
646 3085 715 3152 vulg.
734 3085 820 3154 inqua
836 3097 871 3134 n.

169 3190 388 3272 26.quomenim)
401 3202 644 3265 Particulamenim„
671 3202 720 3271 ζῇν
734 3199 802 3254 ἄνευ
820 3203 872 3255 τοῦ
893 3201 1049 3269 φρονίμως,
1073 3199 1122 3252 καί
1136 3217 1189 3251 κα-

119 3270 216 3339 quippe
237 3288 302 3338 quae
317 3270 441 3349 impediat
455 3280 481 3320 et
496 3282 639 3337 corrumpat
670 3273 735 3334 loia,
749 3268 797 3322 καί
812 3270 938 3331 δικαίως·
955 3266 1021 3321 οὐδὲ
1036 3267 1187 3334 φρονίμως,

119 3337 282 3400 seutentiam,
295 3337 402 3388 furcillis
413 3337 560 3388 eliciendam
576 3356 638 3388 cen·
671 3337 718 3390 καί
735 3337 838 3394 καλῶς.
863 3335 912 3389 καί
927 3336 1042 3395 δικαίως
1057 3334 1123 3387 ἄνευ
1138 3337 1188 3385 τοῦ

119 3416 158 3456 set
178 3405 316 3455 Bentleius.
348 3405 463 3455 Davisius
487 3406 638 3456 substituere
670 3403 766 3471 ἡδέως.
783 3404 856 3454 Adde
865 3404 944 3454 Cicer.
960 3403 991 3452 de
1000 3402 1055 3452 Fin.
1064 3405 1084 3451 1.
1094 3406 1135 3459 18,
1146 3405 1186 3457 57.

118 3472 251 3523 melebnta
260 3485 336 3523 utem.
360 3476 395 3521 At
403 3471 468 3522 nihil
476 3491 523 3523 nec
532 3491 638 3525 moren-
671 3473 704 3523 od
720 3473 791 3522 Divv.
806 3473 865 3533 XV,
881 3477 921 3530 19.

119 3539 180 3590 dum
193 3540 261 3601 ¹⁰⁰⁰*
278 3558 325 3589 ¹¹²⁰
345 3540 502 3590 mumdum·
528 3545 639 3591 senten·
734 3563 855 3606 ortonam
879 3555 1003 3624 exiguam
1028 3552 1190 3602 interuenire

119 3608 212 3658 tiarum
228 3607 296 3657 enim
310 3624 388 3656 nexus
402 3607 446 3658 hic
464 3619 517 3658 est:
542 3607 638 3677 Epicu·
672 3624 797 3694 sapim)
810 3624 886 3689 mog„
900 3624 985 3672 Lam,
1000 3621 1036 3683 Χ,
1053 3623 1112 3678 144,
1122 3622 1188 3687 pou.

119 3674 554 3755 rusmultapraeclaresuepedicit:
570 3674 639 3742 quod
672 3698 732 3758 W„
747 3692 827 3758 ωφῷ
841 3691 908 3758 τύχη
925 3689 1119 3752 παρεμπίπτει,
1148 3684 1187 3741 cf,

119 3760 172 3792 non
192 3751 322 3810 exspectes
340 3742 371 3792 ab
387 3759 426 3805 eo,
444 3761 486 3811 qur
499 3744 573 3792 finem
588 3743 639 3792 bo-
674 3759 755 3810 Cicer·
770 3759 802 3808 de
818 3758 873 3808 pin·
888 3760 906 3806 Ι,
924 3761 963 3818 19,
979 3760 1020 3816 63,

119 3827 213 3859 norum
229 3808 388 3886 voluptatem
403 3829 456 3860 esse
469 3810 575 3871 eliserit:
592 3827 639 3859 nec

119 3888 205 3928 tamen
220 3876 246 3926 id
261 3893 351 3926 mirum
364 3877 445 3927 videri
456 3879 545 3936 debet3
580 3896 640 3927 uam

117 3946 190 3996 enim
199 3956 351 3995 constanter
365 3946 447 4005 dicat,
464 3963 516 3994 non
528 3896 639 3995 lahqorat,

168 4013 278 4063 Laudat
291 4025 395 4063 tenuem
408 4004 512 4080 victum)
522 4015 554 4064 V.
566 4014 639 4079 Diog.

117 4082 207 4132 Laert.
222 4082 258 4139 X,
275 4084 332 4138 130.
348 4099 385 4149 sq.

168 4148 638 4219 Negatquemquamiucunde)Diog.
722 4146 889 4210 Metrodore)
915 4146 953 4195 De
967 4141 1110 4194 Metrodori
1128 4157 1189 4188 sen-

117 4218 206 4268 Laert.
223 4217 259 4279 X,
276 4218 334 4275 140.
348 4234 386 4286 sq.
402 4217 454 4272 οὐκ
472 4217 543 4270 ἔστιν
553 4216 639 4284 ἡδέως
671 4215 790 4276 tentiav.
806 4215 935 4264 Adnotata
948 4212 975 4261 in
990 4214 1023 4263 11.
1040 4215 1064 4270 6,
1082 4213 1122 4267 15·

833 4284 977 4362 rt*

721 3850 762 3900 27.
781 3848 849 3893 Occu
867 3843 913 3892 avi
925 3841 958 3900 tel
983 3843 1093 3889 Graece:
1117 3855 1188 3896 προ·

672 3912 901 3976 κατείίηωμαισε,
915 3903 1023 3975 dauza.
1041 3905 1190 3958 astarthae

672 3979 723 4042 thr
746 3975 796 4041 σὴν
823 3977 970 4045 ἀφῄρημαι
993 3974 1187 4038 παρείςδυσιν.

673 4045 872 4113 apudPlutarch.
886 4042 949 4111 περὶ
960 4040 1085 4109 ἀθυμίας
1094 4059 1119 4107 p·
1129 4040 1188 4097 476·
