<?xml version="1.0" encoding="UTF-8"?>
<!DOCTYPE html PUBLIC "-//W3C//DTD XHTML 1.0 Transitional//EN"
    "http://www.w3.org/TR/xhtml1/DTD/xhtml1-transitional.dtd">
<html xmlns="http://www.w3.org/1999/xhtml" xml:lang="en" lang="en">
 <head>
  <title>
</title>
<meta http-equiv="Content-Type" content="text/html;charset=utf-8" />
  <meta name='ocr-system' content='tesseract 3.04.00' />
  <meta name='ocr-capabilities' content='ocr_page ocr_carea ocr_par ocr_line ocrx_word'/>
</head>
<body>
  <div class='ocr_page' id='page_1' title='image "./mtulliiciceroni18cicegoog_0273.png"; bbox 0 0 2640 4626; ppageno 0'>
   <div class='ocr_carea' id='block_1_1' title="bbox 178 889 1133 1099">
    <p class='ocr_par' dir='ltr' id='par_1_1' title="bbox 178 889 1133 1099">
     <span class='ocr_line' id='line_1_1' title="bbox 396 889 911 951; baseline -0.002 -2"><span class='ocrx_word' id='word_1_1' title='bbox 396 889 438 950; x_wconf 85' lang='lat' dir='ltr'><strong>n.</strong></span> <span class='ocrx_word' id='word_1_2' title='bbox 469 889 614 950; x_wconf 81' lang='lat' dir='ltr'><strong>runnr</strong></span> <span class='ocrx_word' id='word_1_3' title='bbox 645 889 911 951; x_wconf 79' lang='lat' dir='ltr'><strong>crcunonrs</strong></span> 
     </span>
     <span class='ocr_line' id='line_1_2' title="bbox 178 1021 1133 1099; baseline 0.003 -5"><span class='ocrx_word' id='word_1_4' title='bbox 178 1021 632 1096; x_wconf 80' lang='lat' dir='ltr'>TUSCULANARUM</span> <span class='ocrx_word' id='word_1_5' title='bbox 664 1021 1133 1099; x_wconf 83' lang='lat' dir='ltr'><strong>DlsPUTATIONUM</strong></span> 
     </span>
    </p>
   </div>
   <div class='ocr_carea' id='block_1_2' title="bbox 507 1181 805 1327">
    <p class='ocr_par' dir='ltr' id='par_1_2' title="bbox 507 1181 805 1327">
     <span class='ocr_line' id='line_1_3' title="bbox 631 1181 675 1220; baseline -0.023 0"><span class='ocrx_word' id='word_1_6' title='bbox 631 1181 675 1220; x_wconf 77' lang='lat' dir='ltr'><strong>an</strong></span> 
     </span>
     <span class='ocr_line' id='line_1_4' title="bbox 507 1275 805 1327; baseline 0 -1"><span class='ocrx_word' id='word_1_7' title='bbox 507 1277 545 1326; x_wconf 90' lang='lat' dir='ltr'><strong>M.</strong></span> <span class='ocrx_word' id='word_1_8' title='bbox 578 1275 805 1327; x_wconf 85' lang='lat' dir='ltr'><strong>BRUTUM</strong></span> 
     </span>
    </p>
   </div>
   <div class='ocr_carea' id='block_1_3' title="bbox 423 1392 887 1489">
    <p class='ocr_par' dir='ltr' id='par_1_3' title="bbox 423 1392 887 1489">
     <span class='ocr_line' id='line_1_5' title="bbox 423 1392 887 1489; baseline -0.004 -23"><span class='ocrx_word' id='word_1_9' title='bbox 423 1395 588 1466; x_wconf 81' lang='lat' dir='ltr'><strong>nrnun</strong></span> <span class='ocrx_word' id='word_1_10' title='bbox 614 1392 887 1489; x_wconf 76' lang='lat' dir='ltr'><strong>annrus.</strong></span> 
     </span>
    </p>
   </div>
   <div class='ocr_carea' id='block_1_4' title="bbox 575 1566 728 1579">
    <p class='ocr_par' dir='ltr' id='par_1_4' title="bbox 575 1566 728 1579">
     <span class='ocr_line' id='line_1_6' title="bbox 575 1566 728 1579; baseline 0 -1"><span class='ocrx_word' id='word_1_11' title='bbox 575 1566 728 1579; x_wconf 49' lang='grc' dir='ltr'><em>ῳ</em></span> 
     </span>
    </p>
   </div>
   <div class='ocr_carea' id='block_1_5' title="bbox 118 1636 1193 2261">
    <p class='ocr_par' dir='ltr' id='par_1_5' title="bbox 118 1636 1193 2261">
     <span class='ocr_line' id='line_1_7' title="bbox 157 1636 1192 1743; baseline 0.004 -23"><span class='ocrx_word' id='word_1_12' title='bbox 157 1636 163 1645; x_wconf 44' lang='grc'><strong><em>’</em></strong></span> <span class='ocrx_word' id='word_1_13' title='bbox 222 1650 246 1721; x_wconf 94' lang='grc' dir='ltr'><strong>Ι.</strong></span> <span class='ocrx_word' id='word_1_14' title='bbox 300 1656 330 1727; x_wconf 88' lang='grc'><strong>1.</strong></span> <span class='ocrx_word' id='word_1_15' title='bbox 370 1647 483 1743; x_wconf 82' lang='lat' dir='ltr'><strong>Quum</strong></span> <span class='ocrx_word' id='word_1_16' title='bbox 522 1647 635 1721; x_wconf 88' lang='lat' dir='ltr'><strong>multis</strong></span> <span class='ocrx_word' id='word_1_17' title='bbox 677 1646 760 1721; x_wconf 88' lang='lat' dir='ltr'><strong>Iocis</strong></span> <span class='ocrx_word' id='word_1_18' title='bbox 795 1665 984 1720; x_wconf 89' lang='lat' dir='ltr'><strong>nostrorum</strong></span> <span class='ocrx_word' id='word_1_19' title='bbox 1017 1647 1192 1725; x_wconf 90' lang='lat' dir='ltr'><strong>hominum</strong></span> 
     </span>
     <span class='ocr_line' id='line_1_8' title="bbox 118 1748 1191 1850; baseline 0.001 -25"><span class='ocrx_word' id='word_1_20' title='bbox 118 1751 256 1850; x_wconf 87' lang='lat' dir='ltr'><strong>ingenia</strong></span> <span class='ocrx_word' id='word_1_21' title='bbox 279 1751 498 1849; x_wconf 77' lang='lat' dir='ltr'><strong>virtutesque,</strong></span> <span class='ocrx_word' id='word_1_22' title='bbox 521 1755 652 1836; x_wconf 81' lang='lat' dir='ltr'><strong>Brute,</strong></span> <span class='ocrx_word' id='word_1_23' title='bbox 678 1748 769 1823; x_wconf 88' lang='lat' dir='ltr'><strong>soleo</strong></span> <span class='ocrx_word' id='word_1_24' title='bbox 798 1751 929 1839; x_wconf 88' lang='lat' dir='ltr'><strong>mirari;</strong></span> <span class='ocrx_word' id='word_1_25' title='bbox 955 1769 1023 1824; x_wconf 89' lang='lat' dir='ltr'><strong>tum</strong></span> <span class='ocrx_word' id='word_1_26' title='bbox 1050 1754 1191 1826; x_wconf 85' lang='lat' dir='ltr'><strong>maxime</strong></span> 
     </span>
     <span class='ocr_line' id='line_1_9' title="bbox 119 1851 1191 1953; baseline 0.001 -26"><span class='ocrx_word' id='word_1_27' title='bbox 119 1854 157 1927; x_wconf 90' lang='lat' dir='ltr'><strong>in</strong></span> <span class='ocrx_word' id='word_1_28' title='bbox 181 1852 236 1926; x_wconf 91' lang='lat' dir='ltr'><strong>his</strong></span> <span class='ocrx_word' id='word_1_29' title='bbox 260 1853 430 1941; x_wconf 83' lang='lat' dir='ltr'><strong>studiis¹‚</strong></span> <span class='ocrx_word' id='word_1_30' title='bbox 456 1881 539 1952; x_wconf 91' lang='lat' dir='ltr'><strong>qnae</strong></span> <span class='ocrx_word' id='word_1_31' title='bbox 565 1881 640 1924; x_wconf 86' lang='lat' dir='ltr'><strong>sero</strong></span> <span class='ocrx_word' id='word_1_32' title='bbox 664 1851 843 1925; x_wconf 86' lang='lat' dir='ltr'><strong>admodum</strong></span> <span class='ocrx_word' id='word_1_33' title='bbox 865 1855 1023 1953; x_wconf 83' lang='lat' dir='ltr'><strong>expetita,</strong></span> <span class='ocrx_word' id='word_1_34' title='bbox 1050 1855 1085 1926; x_wconf 91' lang='lat' dir='ltr'><strong>in</strong></span> <span class='ocrx_word' id='word_1_35' title='bbox 1105 1856 1191 1928; x_wconf 90' lang='lat' dir='ltr'><strong>hanc</strong></span> 
     </span>
     <span class='ocr_line' id='line_1_10' title="bbox 119 1953 1191 2065; baseline 0.001 -36"><span class='ocrx_word' id='word_1_36' title='bbox 119 1955 286 2047; x_wconf 85' lang='lat' dir='ltr'><strong>civitatem</strong></span> <span class='ocrx_word' id='word_1_37' title='bbox 315 1984 332 2029; x_wconf 92' lang='lat' dir='ltr'><strong>c</strong></span> <span class='ocrx_word' id='word_1_38' title='bbox 360 1955 498 2028; x_wconf 83' lang='lat' dir='ltr'>Graecia</span> <span class='ocrx_word' id='word_1_39' title='bbox 526 1953 771 2028; x_wconf 82' lang='lat' dir='ltr'><strong>transtulerunt.</strong></span> <span class='ocrx_word' id='word_1_40' title='bbox 802 1983 878 2026; x_wconf 90' lang='lat' dir='ltr'><strong>nam</strong></span> <span class='ocrx_word' id='word_1_41' title='bbox 910 1984 1012 2054; x_wconf 90' lang='lat' dir='ltr'><strong>quum</strong></span> <span class='ocrx_word' id='word_1_42' title='bbox 1041 1958 1191 2065; x_wconf 87' lang='lat' dir='ltr'><strong>aprimo</strong></span> 
     </span>
     <span class='ocr_line' id='line_1_11' title="bbox 119 2056 1193 2155; baseline -0.001 -23"><span class='ocrx_word' id='word_1_43' title='bbox 119 2058 226 2132; x_wconf 82' lang='lat' dir='ltr'><strong>Urbis</strong></span> <span class='ocrx_word' id='word_1_44' title='bbox 250 2074 341 2147; x_wconf 85' lang='lat' dir='ltr'><strong>ortu,</strong></span> <span class='ocrx_word' id='word_1_45' title='bbox 367 2058 468 2155; x_wconf 83' lang='lat' dir='ltr'><strong>regiis</strong></span> <span class='ocrx_word' id='word_1_46' title='bbox 491 2057 666 2142; x_wconf 80' lang='lat' dir='ltr'><strong>institutis,</strong></span> <span class='ocrx_word' id='word_1_47' title='bbox 692 2057 814 2155; x_wconf 91' lang='lat' dir='ltr'><strong>partim</strong></span> <span class='ocrx_word' id='word_1_48' title='bbox 838 2057 943 2130; x_wconf 80' lang='lat' dir='ltr'><strong>etiam.</strong></span> <span class='ocrx_word' id='word_1_49' title='bbox 963 2056 1108 2155; x_wconf 84' lang='lat' dir='ltr'><strong>legibus,</strong></span> <span class='ocrx_word' id='word_1_50' title='bbox 1135 2075 1193 2131; x_wconf 87' lang='lat' dir='ltr'><strong>an-</strong></span> 
     </span>
     <span class='ocr_line' id='line_1_12' title="bbox 120 2158 1192 2261; baseline 0.001 -27"><span class='ocrx_word' id='word_1_51' title='bbox 120 2161 249 2261; x_wconf 87' lang='lat' dir='ltr'><strong>sp&#39;icia‚</strong></span> <span class='ocrx_word' id='word_1_52' title='bbox 287 2158 524 2245; x_wconf 82' lang='lat' dir='ltr'><strong>caerimoniae,</strong></span> <span class='ocrx_word' id='word_1_53' title='bbox 563 2158 715 2245; x_wconf 80' lang='lat' dir='ltr'><strong>comitia,</strong></span> <span class='ocrx_word' id='word_1_54' title='bbox 752 2159 1021 2258; x_wconf 85' lang='lat' dir='ltr'><strong>provocationes,</strong></span> <span class='ocrx_word' id='word_1_55' title='bbox 1059 2179 1192 2260; x_wconf 86' lang='lat' dir='ltr'><strong>patrum</strong></span> 
     </span>
    </p>
   </div>
   <div class='ocr_carea' id='block_1_6' title="bbox 81 2260 1294 3175">
    <p class='ocr_par' dir='ltr' id='par_1_6' title="bbox 81 2260 1294 3077">
     <span class='ocr_line' id='line_1_13' title="bbox 122 2260 1294 2361; baseline -0.002 -23"><span class='ocrx_word' id='word_1_56' title='bbox 122 2261 318 2352; x_wconf 89' lang='lat' dir='ltr'><strong>consilium,</strong></span> <span class='ocrx_word' id='word_1_57' title='bbox 332 2263 491 2361; x_wconf 85' lang='lat' dir='ltr'><strong>¹equitum</strong></span> <span class='ocrx_word' id='word_1_58' title='bbox 512 2261 726 2360; x_wconf 80' lang='lat' dir='ltr'><strong>peditumque</strong></span> <span class='ocrx_word' id='word_1_59' title='bbox 742 2260 922 2361; x_wconf 78' lang='lat' dir='ltr'><strong>descriptio</strong></span> <span class='ocrx_word' id='word_1_60' title='bbox 940 2319 949 2350; x_wconf 91' lang='lat'>‚</span> <span class='ocrx_word' id='word_1_61' title='bbox 974 2279 1043 2336; x_wconf 92' lang='lat' dir='ltr'><strong>tota</strong></span> <span class='ocrx_word' id='word_1_62' title='bbox 1059 2293 1112 2338; x_wconf 89' lang='lat' dir='ltr'><strong>res</strong></span> <span class='ocrx_word' id='word_1_63' title='bbox 1129 2265 1192 2337; x_wconf 89' lang='lat' dir='ltr'><strong>mi-</strong></span> <span class='ocrx_word' id='word_1_64' title='bbox 1290 2279 1294 2289; x_wconf 84' lang='grc'><em>“</em></span> 
     </span>
     <span class='ocr_line' id='line_1_14' title="bbox 121 2362 1289 2462; baseline 0 -24"><span class='ocrx_word' id='word_1_65' title='bbox 121 2365 248 2453; x_wconf 80' lang='lat' dir='ltr'><strong>litoris,</strong></span> <span class='ocrx_word' id='word_1_66' title='bbox 274 2365 432 2438; x_wconf 88' lang='lat' dir='ltr'><strong>divinitus</strong></span> <span class='ocrx_word' id='word_1_67' title='bbox 459 2380 545 2439; x_wconf 89' lang='lat' dir='ltr'><strong>esset</strong></span> <span class='ocrx_word' id='word_1_68' title='bbox 568 2362 765 2455; x_wconf 59' lang='lat' dir='ltr'><strong>constitutae</strong></span> <span class='ocrx_word' id='word_1_69' title='bbox 789 2380 859 2435; x_wconf 86' lang='lat' dir='ltr'><strong>tum</strong></span> <span class='ocrx_word' id='word_1_70' title='bbox 874 2365 1065 2462; x_wconf 86' lang='lat' dir='ltr'><strong>progressio</strong></span> <span class='ocrx_word' id='word_1_71' title='bbox 1086 2367 1194 2438; x_wconf 89' lang='lat' dir='ltr'><strong>admi·</strong></span> <span class='ocrx_word' id='word_1_72' title='bbox 1287 2445 1289 2450; x_wconf 57' lang='grc'><strong>,</strong></span> 
     </span>
     <span class='ocr_line' id='line_1_15' title="bbox 122 2465 1193 2564; baseline 0 -23"><span class='ocrx_word' id='word_1_73' title='bbox 122 2467 258 2556; x_wconf 84' lang='lat' dir='ltr'><strong>rabilis,</strong></span> <span class='ocrx_word' id='word_1_74' title='bbox 291 2465 562 2564; x_wconf 89' lang='lat' dir='ltr'><strong>incredibilisque</strong></span> <span class='ocrx_word' id='word_1_75' title='bbox 591 2493 706 2538; x_wconf 88' lang='lat' dir='ltr'><strong>cursus</strong></span> <span class='ocrx_word' id='word_1_76' title='bbox 736 2465 779 2537; x_wconf 92' lang='lat' dir='ltr'><strong>ad</strong></span> <span class='ocrx_word' id='word_1_77' title='bbox 806 2494 938 2538; x_wconf 91' lang='lat' dir='ltr'><strong>omnem</strong></span> <span class='ocrx_word' id='word_1_78' title='bbox 969 2466 1193 2542; x_wconf 85' lang='lat' dir='ltr'><strong>excellentiam</strong></span> 
     </span>
     <span class='ocr_line' id='line_1_16' title="bbox 121 2558 1192 2667; baseline 0 -23"><span class='ocrx_word' id='word_1_79' title='bbox 121 2570 230 2644; x_wconf 85' lang='lat' dir='ltr'><strong>factus</strong></span> <span class='ocrx_word' id='word_1_80' title='bbox 258 2586 325 2659; x_wconf 83' lang='lat' dir='ltr'><strong>est,</strong></span> <span class='ocrx_word' id='word_1_81' title='bbox 351 2569 522 2667; x_wconf 92' lang='lat' dir='ltr'><strong>dominatu</strong></span> <span class='ocrx_word' id='word_1_82' title='bbox 545 2567 637 2665; x_wconf 81' lang='lat' dir='ltr'><strong>regio</strong></span> <span class='ocrx_word' id='word_1_83' title='bbox 659 2596 696 2642; x_wconf 91' lang='lat' dir='ltr'><strong>re</strong></span> <span class='ocrx_word' id='word_1_84' title='bbox 715 2558 850 2667; x_wconf 56' lang='lat' dir='ltr'><strong>qulh</strong></span> <span class='ocrx_word' id='word_1_85' title='bbox 864 2566 1009 2641; x_wconf 89' lang='lat' dir='ltr'><strong>liberata.</strong></span> <span class='ocrx_word' id='word_1_86' title='bbox 1034 2597 1096 2643; x_wconf 93' lang='lat' dir='ltr'><strong>nec</strong></span> <span class='ocrx_word' id='word_1_87' title='bbox 1114 2599 1192 2643; x_wconf 90' lang='lat' dir='ltr'><strong>vero</strong></span> 
     </span>
     <span class='ocr_line' id='line_1_17' title="bbox 123 2670 1194 2770; baseline 0 -25"><span class='ocrx_word' id='word_1_88' title='bbox 123 2674 179 2746; x_wconf 90' lang='lat' dir='ltr'><strong>hic</strong></span> <span class='ocrx_word' id='word_1_89' title='bbox 204 2672 296 2744; x_wconf 90' lang='lat' dir='ltr'><strong>locus</strong></span> <span class='ocrx_word' id='word_1_90' title='bbox 325 2677 390 2758; x_wconf 83' lang='lat' dir='ltr'><strong>est,</strong></span> <span class='ocrx_word' id='word_1_91' title='bbox 415 2687 452 2743; x_wconf 89' lang='lat' dir='ltr'><strong>ut</strong></span> <span class='ocrx_word' id='word_1_92' title='bbox 475 2671 516 2742; x_wconf 89' lang='lat' dir='ltr'><strong>de</strong></span> <span class='ocrx_word' id='word_1_93' title='bbox 539 2670 688 2742; x_wconf 88' lang='lat' dir='ltr'><strong>moribus</strong></span> <span class='ocrx_word' id='word_1_94' title='bbox 708 2670 932 2770; x_wconf 80' lang='lat' dir='ltr'><strong>institutisque</strong></span> <span class='ocrx_word' id='word_1_95' title='bbox 952 2671 1134 2761; x_wconf 87' lang='lat' dir='ltr'><strong>maiorum,</strong></span> <span class='ocrx_word' id='word_1_96' title='bbox 1162 2690 1194 2745; x_wconf 92' lang='lat' dir='ltr'><strong>et</strong></span> 
     </span>
     <span class='ocr_line' id='line_1_18' title="bbox 123 2772 1194 2873; baseline -0.001 -25"><span class='ocrx_word' id='word_1_97' title='bbox 123 2774 303 2873; x_wconf 90' lang='lat' dir='ltr'><strong>disciplina</strong></span> <span class='ocrx_word' id='word_1_98' title='bbox 327 2803 365 2847; x_wconf 90' lang='lat' dir='ltr'><strong>ac</strong></span> <span class='ocrx_word' id='word_1_99' title='bbox 388 2773 626 2872; x_wconf 89' lang='lat' dir='ltr'><strong>temperatione</strong></span> <span class='ocrx_word' id='word_1_100' title='bbox 654 2772 793 2847; x_wconf 89' lang='lat' dir='ltr'><strong>civitatis</strong></span> <span class='ocrx_word' id='word_1_101' title='bbox 806 2772 996 2872; x_wconf 84' lang='lat' dir='ltr'><strong>loquamur:</strong></span> <span class='ocrx_word' id='word_1_102' title='bbox 1022 2773 1194 2848; x_wconf 85' lang='lat' dir='ltr'><strong>aliishaec</strong></span> 
     </span>
     <span class='ocr_line' id='line_1_19' title="bbox 122 2875 1193 2976; baseline -0.002 -26"><span class='ocrx_word' id='word_1_103' title='bbox 122 2878 208 2950; x_wconf 90' lang='lat' dir='ltr'><strong>Iocis</strong></span> <span class='ocrx_word' id='word_1_104' title='bbox 235 2877 315 2949; x_wconf 87' lang='lat' dir='ltr'><strong>satis</strong></span> <span class='ocrx_word' id='word_1_105' title='bbox 334 2893 484 2949; x_wconf 89' lang='lat' dir='ltr'><strong>accurate</strong></span> <span class='ocrx_word' id='word_1_106' title='bbox 503 2904 519 2946; x_wconf 94' lang='lat' dir='ltr'><strong>a</strong></span> <span class='ocrx_word' id='word_1_107' title='bbox 537 2875 636 2947; x_wconf 87' lang='lat' dir='ltr'><strong>nobis</strong></span> <span class='ocrx_word' id='word_1_108' title='bbox 653 2875 742 2948; x_wconf 90' lang='lat' dir='ltr'><strong>dicta</strong></span> <span class='ocrx_word' id='word_1_109' title='bbox 759 2891 852 2962; x_wconf 83' lang='lat' dir='ltr'><strong>sunt,</strong></span> <span class='ocrx_word' id='word_1_110' title='bbox 878 2876 1084 2976; x_wconf 83' lang='lat' dir='ltr'><strong>maximeque</strong></span> <span class='ocrx_word' id='word_1_111' title='bbox 1099 2877 1133 2949; x_wconf 93' lang='lat' dir='ltr'><strong>in</strong></span> <span class='ocrx_word' id='word_1_112' title='bbox 1150 2877 1193 2949; x_wconf 89' lang='lat' dir='ltr'><strong>iis</strong></span> 
     </span>
     <span class='ocr_line' id='line_1_20' title="bbox 81 2975 927 3077; baseline -0.004 -24"><span class='ocrx_word' id='word_1_113' title='bbox 81 3027 85 3036; x_wconf 80' lang='lat'><em>·</em></span> <span class='ocrx_word' id='word_1_114' title='bbox 121 3009 181 3054; x_wconf 84' lang='lat' dir='ltr'><strong>sex</strong></span> <span class='ocrx_word' id='word_1_115' title='bbox 199 2977 316 3066; x_wconf 82' lang='lat' dir='ltr'><strong>tibris,</strong></span> <span class='ocrx_word' id='word_1_116' title='bbox 344 3007 428 3077; x_wconf 92' lang='lat' dir='ltr'><strong>quos</strong></span> <span class='ocrx_word' id='word_1_117' title='bbox 445 2975 540 3049; x_wconf 77' lang='lat' dir='ltr'><strong>dere</strong></span> <span class='ocrx_word' id='word_1_118' title='bbox 556 2978 705 3076; x_wconf 83' lang='lat' dir='ltr'><strong>publica</strong></span> <span class='ocrx_word' id='word_1_119' title='bbox 723 2977 927 3076; x_wconf 88' lang='lat' dir='ltr'><strong>scripsimus.</strong></span> 
     </span>
    </p>

    <p class='ocr_par' dir='ltr' id='par_1_7' title="bbox 119 3079 1195 3175">
     <span class='ocr_line' id='line_1_21' title="bbox 119 3079 1195 3175; baseline 0.001 -22"><span class='ocrx_word' id='word_1_120' title='bbox 119 3122 145 3175; x_wconf 26' lang='grc' dir='ltr'><strong>ιι,</strong></span> <span class='ocrx_word' id='word_1_121' title='bbox 225 3093 269 3171; x_wconf 64' lang='grc'><strong>2.,</strong></span> <span class='ocrx_word' id='word_1_122' title='bbox 284 3082 357 3153; x_wconf 84' lang='grc' dir='ltr'><strong>Ηοο</strong></span> <span class='ocrx_word' id='word_1_123' title='bbox 393 3096 502 3153; x_wconf 88' lang='lat' dir='ltr'><strong>autem</strong></span> <span class='ocrx_word' id='word_1_124' title='bbox 537 3079 613 3153; x_wconf 92' lang='lat' dir='ltr'><strong>loco</strong></span> <span class='ocrx_word' id='word_1_125' title='bbox 648 3079 871 3152; x_wconf 86' lang='lat' dir='ltr'><strong>consideranti</strong></span> <span class='ocrx_word' id='word_1_126' title='bbox 897 3079 979 3152; x_wconf 90' lang='lat' dir='ltr'><strong>mihi</strong></span> <span class='ocrx_word' id='word_1_127' title='bbox 1003 3080 1112 3153; x_wconf 90' lang='lat' dir='ltr'><strong>studia</strong></span> <span class='ocrx_word' id='word_1_128' title='bbox 1134 3081 1195 3154; x_wconf 65' lang='lat' dir='ltr'><strong>doss</strong></span> 
     </span>
    </p>
   </div>
   <div class='ocr_carea' id='block_1_7' title="bbox 111 3231 1195 3381">
    <p class='ocr_par' dir='ltr' id='par_1_8' title="bbox 111 3231 1195 3381">
     <span class='ocr_line' id='line_1_22' title="bbox 111 3231 1195 3316; baseline -0.001 -15"><span class='ocrx_word' id='word_1_129' title='bbox 111 3238 116 3249; x_wconf 75' lang='grc'>’</span> <span class='ocrx_word' id='word_1_130' title='bbox 193 3255 209 3310; x_wconf 92' lang='grc'>1</span> <span class='ocrx_word' id='word_1_131' title='bbox 227 3250 268 3301; x_wconf 85' lang='lat' dir='ltr'><strong>Sic</strong></span> <span class='ocrx_word' id='word_1_132' title='bbox 291 3251 345 3301; x_wconf 84' lang='lat' dir='ltr'><strong>AD.</strong></span> <span class='ocrx_word' id='word_1_133' title='bbox 364 3267 385 3300; x_wconf 87' lang='lat' dir='ltr'><strong>o.</strong></span> <span class='ocrx_word' id='word_1_134' title='bbox 405 3248 485 3300; x_wconf 85' lang='lat' dir='ltr'><strong>Godd.</strong></span> <span class='ocrx_word' id='word_1_135' title='bbox 504 3277 538 3289; x_wconf 89' lang='lat'>-</span> <span class='ocrx_word' id='word_1_136' title='bbox 555 3251 613 3301; x_wconf 88' lang='lat' dir='ltr'><strong>Ern.</strong></span> <span class='ocrx_word' id='word_1_137' title='bbox 632 3267 654 3300; x_wconf 86' lang='lat' dir='ltr'><strong>e.</strong></span> <span class='ocrx_word' id='word_1_138' title='bbox 672 3231 729 3302; x_wconf 77' lang='lat' dir='ltr'><strong>aliis</strong></span> <span class='ocrx_word' id='word_1_139' title='bbox 744 3249 789 3301; x_wconf 78' lang='lat' dir='ltr'><strong>hie</strong></span> <span class='ocrx_word' id='word_1_140' title='bbox 803 3250 833 3300; x_wconf 87' lang='lat' dir='ltr'><strong>in</strong></span> <span class='ocrx_word' id='word_1_141' title='bbox 847 3261 881 3300; x_wconf 79' lang='lat' dir='ltr'><strong>st.</strong></span> <span class='ocrx_word' id='word_1_142' title='bbox 898 3249 1046 3316; x_wconf 80' lang='lat' dir='ltr'><strong>Legendum</strong></span> <span class='ocrx_word' id='word_1_143' title='bbox 1062 3269 1084 3301; x_wconf 91' lang='lat' dir='ltr'><strong>c.</strong></span> <span class='ocrx_word' id='word_1_144' title='bbox 1101 3251 1147 3301; x_wconf 82' lang='lat' dir='ltr'><strong>SE.</strong></span> <span class='ocrx_word' id='word_1_145' title='bbox 1165 3251 1195 3301; x_wconf 84' lang='lat' dir='ltr'><strong>in</strong></span> 
     </span>
     <span class='ocr_line' id='line_1_23' title="bbox 121 3315 516 3381; baseline -0.018 -9"><span class='ocrx_word' id='word_1_146' title='bbox 121 3321 212 3372; x_wconf 77' lang='lat' dir='ltr'><strong>iicet.</strong></span> <span class='ocrx_word' id='word_1_147' title='bbox 228 3320 261 3369; x_wconf 89' lang='lat' dir='ltr'><strong>V.</strong></span> <span class='ocrx_word' id='word_1_148' title='bbox 277 3318 343 3368; x_wconf 79' lang='lat' dir='ltr'><strong>Ado.</strong></span> <span class='ocrx_word' id='word_1_149' title='bbox 361 3315 390 3366; x_wconf 88' lang='lat' dir='ltr'><strong>in</strong></span> <span class='ocrx_word' id='word_1_150' title='bbox 404 3320 424 3367; x_wconf 93' lang='grc' dir='ltr'><strong>Ι.</strong></span> <span class='ocrx_word' id='word_1_151' title='bbox 441 3321 473 3381; x_wconf 82' lang='lat'><strong>3,</strong></span> <span class='ocrx_word' id='word_1_152' title='bbox 491 3323 516 3375; x_wconf 85' lang='lat'><strong>5.</strong></span> 
     </span>
    </p>
   </div>
   <div class='ocr_carea' id='block_1_8' title="bbox 75 3415 1196 4294">
    <p class='ocr_par' dir='ltr' id='par_1_9' title="bbox 122 3415 1196 3821">
     <span class='ocr_line' id='line_1_24' title="bbox 178 3415 1194 3488; baseline -0.003 -18"><span class='ocrx_word' id='word_1_153' title='bbox 178 3420 238 3470; x_wconf 73' lang='lat' dir='ltr'><strong>cn.</strong></span> <span class='ocrx_word' id='word_1_154' title='bbox 252 3422 273 3470; x_wconf 94' lang='grc' dir='ltr'><strong>Ι.</strong></span> <span class='ocrx_word' id='word_1_155' title='bbox 292 3422 315 3476; x_wconf 87' lang='grc'><strong>1.</strong></span> <span class='ocrx_word' id='word_1_156' title='bbox 339 3417 555 3488; x_wconf 75' lang='lat' dir='ltr'><strong>provocationes)</strong></span> <span class='ocrx_word' id='word_1_157' title='bbox 578 3419 645 3468; x_wconf 91' lang='lat' dir='ltr'><strong>Pro·</strong></span> <span class='ocrx_word' id='word_1_158' title='bbox 728 3437 776 3467; x_wconf 82' lang='lat' dir='ltr'><strong>sex</strong></span> <span class='ocrx_word' id='word_1_159' title='bbox 787 3415 910 3467; x_wconf 80' lang='lat' dir='ltr'><strong>libris-</strong></span> <span class='ocrx_word' id='word_1_160' title='bbox 924 3416 958 3466; x_wconf 85' lang='lat' dir='ltr'><strong>de</strong></span> <span class='ocrx_word' id='word_1_161' title='bbox 970 3415 1127 3486; x_wconf 80' lang='lat' dir='ltr'><strong>republica)</strong></span> <span class='ocrx_word' id='word_1_162' title='bbox 1145 3417 1194 3467; x_wconf 82' lang='lat' dir='ltr'><strong>Adi</strong></span> 
     </span>
     <span class='ocr_line' id='line_1_25' title="bbox 122 3482 1195 3553; baseline -0.005 -13"><span class='ocrx_word' id='word_1_163' title='bbox 122 3487 287 3540; x_wconf 85' lang='lat' dir='ltr'><strong>vocationem</strong></span> <span class='ocrx_word' id='word_1_164' title='bbox 301 3485 334 3538; x_wconf 82' lang='lat' dir='ltr'><strong>ad</strong></span> <span class='ocrx_word' id='word_1_165' title='bbox 350 3485 471 3553; x_wconf 89' lang='lat' dir='ltr'><strong>populum</strong></span> <span class='ocrx_word' id='word_1_166' title='bbox 480 3485 530 3546; x_wconf 82' lang='lat' dir='ltr'><strong>iam</strong></span> <span class='ocrx_word' id='word_1_167' title='bbox 545 3503 560 3534; x_wconf 90' lang='lat' dir='ltr'><strong>a</strong></span> <span class='ocrx_word' id='word_1_168' title='bbox 575 3485 645 3551; x_wconf 88' lang='lat' dir='ltr'><strong>regi-</strong></span> <span class='ocrx_word' id='word_1_169' title='bbox 677 3485 711 3535; x_wconf 82' lang='lat' dir='ltr'><strong>sis</strong></span> <span class='ocrx_word' id='word_1_170' title='bbox 728 3498 775 3534; x_wconf 82' lang='lat' dir='ltr'><strong>nos</strong></span> <span class='ocrx_word' id='word_1_171' title='bbox 797 3483 824 3532; x_wconf 90' lang='lat' dir='ltr'><strong>in</strong></span> <span class='ocrx_word' id='word_1_172' title='bbox 844 3483 910 3533; x_wconf 91' lang='lat' dir='ltr'><strong>libro</strong></span> <span class='ocrx_word' id='word_1_173' title='bbox 932 3484 956 3533; x_wconf 89' lang='lat' dir='ltr'><strong>d.</strong></span> <span class='ocrx_word' id='word_1_174' title='bbox 975 3483 1007 3535; x_wconf 83' lang='lat' dir='ltr'><strong>de</strong></span> <span class='ocrx_word' id='word_1_175' title='bbox 1023 3482 1151 3534; x_wconf 84' lang='lat' dir='ltr'><strong>Ciceronis</strong></span> <span class='ocrx_word' id='word_1_176' title='bbox 1168 3484 1195 3535; x_wconf 87' lang='lat' dir='ltr'><strong>in</strong></span> 
     </span>
     <span class='ocr_line' id='line_1_26' title="bbox 122 3550 1115 3620; baseline -0.01 -13"><span class='ocrx_word' id='word_1_177' title='bbox 122 3558 174 3607; x_wconf 82' lang='lat' dir='ltr'><strong>bus</strong></span> <span class='ocrx_word' id='word_1_178' title='bbox 196 3554 288 3615; x_wconf 82' lang='lat' dir='ltr'><strong>fuisse,</strong></span> <span class='ocrx_word' id='word_1_179' title='bbox 312 3553 368 3620; x_wconf 84' lang='lat' dir='ltr'><strong>ipse</strong></span> <span class='ocrx_word' id='word_1_180' title='bbox 384 3554 473 3604; x_wconf 85' lang='lat' dir='ltr'><strong>GIcero</strong></span> <span class='ocrx_word' id='word_1_181' title='bbox 497 3561 585 3603; x_wconf 81' lang='lat' dir='ltr'><strong>auctor</strong></span> <span class='ocrx_word' id='word_1_182' title='bbox 607 3561 647 3602; x_wconf 84' lang='lat' dir='ltr'><strong>est</strong></span> <span class='ocrx_word' id='word_1_183' title='bbox 677 3552 769 3620; x_wconf 87' lang='lat' dir='ltr'><strong>philos.</strong></span> <span class='ocrx_word' id='word_1_184' title='bbox 784 3550 889 3600; x_wconf 84' lang='lat' dir='ltr'><strong>meritis.</strong></span> <span class='ocrx_word' id='word_1_185' title='bbox 907 3568 932 3618; x_wconf 92' lang='lat' dir='ltr'><strong>p.</strong></span> <span class='ocrx_word' id='word_1_186' title='bbox 946 3551 988 3609; x_wconf 77' lang='lat'><strong>45.</strong></span> <span class='ocrx_word' id='word_1_187' title='bbox 1004 3567 1058 3618; x_wconf 77' lang='lat' dir='ltr'><strong>sqq.</strong></span> <span class='ocrx_word' id='word_1_188' title='bbox 1110 3584 1115 3595; x_wconf 68' lang='grc'><strong>.</strong></span> 
     </span>
     <span class='ocr_line' id='line_1_27' title="bbox 124 3618 1195 3690; baseline -0.003 -17"><span class='ocrx_word' id='word_1_189' title='bbox 124 3624 159 3674; x_wconf 84' lang='lat' dir='ltr'><strong>de</strong></span> <span class='ocrx_word' id='word_1_190' title='bbox 176 3624 241 3690; x_wconf 77' lang='lat' dir='ltr'><strong>nep.</strong></span> <span class='ocrx_word' id='word_1_191' title='bbox 258 3623 296 3683; x_wconf 94' lang='lat' dir='ltr'><strong>II,</strong></span> <span class='ocrx_word' id='word_1_192' title='bbox 309 3625 355 3678; x_wconf 79' lang='grc'><strong>31.</strong></span> <span class='ocrx_word' id='word_1_193' title='bbox 380 3638 406 3688; x_wconf 89' lang='lat' dir='ltr'><strong>p.</strong></span> <span class='ocrx_word' id='word_1_194' title='bbox 425 3624 483 3679; x_wconf 83' lang='lat'><strong>191.</strong></span> <span class='ocrx_word' id='word_1_195' title='bbox 501 3621 538 3670; x_wconf 90' lang='grc' dir='ltr'><strong>Μ.</strong></span> <span class='ocrx_word' id='word_1_196' title='bbox 565 3620 646 3677; x_wconf 62' lang='grc' dir='ltr'>,ὒοη-</span> <span class='ocrx_word' id='word_1_197' title='bbox 728 3624 755 3678; x_wconf 84' lang='grc'><strong>2.</strong></span> <span class='ocrx_word' id='word_1_198' title='bbox 780 3620 839 3668; x_wconf 86' lang='lat' dir='ltr'><strong>Hoc</strong></span> <span class='ocrx_word' id='word_1_199' title='bbox 854 3629 941 3667; x_wconf 79' lang='lat' dir='ltr'><strong>autem</strong></span> <span class='ocrx_word' id='word_1_200' title='bbox 957 3619 1021 3682; x_wconf 76' lang='lat' dir='ltr'><strong>loco)</strong></span> <span class='ocrx_word' id='word_1_201' title='bbox 1047 3618 1195 3670; x_wconf 85' lang='lat' dir='ltr'><strong>Sententia-</strong></span> 
     </span>
     <span class='ocr_line' id='line_1_28' title="bbox 124 3684 1196 3751; baseline -0.005 -9"><span class='ocrx_word' id='word_1_202' title='bbox 124 3692 195 3742; x_wconf 79' lang='lat' dir='ltr'><strong>ferre</strong></span> <span class='ocrx_word' id='word_1_203' title='bbox 207 3688 401 3739; x_wconf 65' lang='lat' dir='ltr'><strong>iubaDavisius</strong></span> <span class='ocrx_word' id='word_1_204' title='bbox 409 3688 508 3737; x_wconf 88' lang='lat' dir='ltr'><strong>Livium</strong></span> <span class='ocrx_word' id='word_1_205' title='bbox 522 3689 589 3751; x_wconf 88' lang='lat' dir='ltr'><strong>VIII,</strong></span> <span class='ocrx_word' id='word_1_206' title='bbox 602 3691 644 3746; x_wconf 82' lang='lat'><strong>33.</strong></span> <span class='ocrx_word' id='word_1_207' title='bbox 677 3705 733 3738; x_wconf 88' lang='lat' dir='ltr'><strong>rum</strong></span> <span class='ocrx_word' id='word_1_208' title='bbox 754 3704 833 3736; x_wconf 81' lang='lat' dir='ltr'><strong>nexus</strong></span> <span class='ocrx_word' id='word_1_209' title='bbox 855 3695 895 3736; x_wconf 90' lang='lat' dir='ltr'><strong>est</strong></span> <span class='ocrx_word' id='word_1_210' title='bbox 914 3685 970 3736; x_wconf 91' lang='lat' dir='ltr'><strong>hic:</strong></span> <span class='ocrx_word' id='word_1_211' title='bbox 994 3684 1041 3736; x_wconf 87' lang='lat' dir='ltr'><strong>Uti</strong></span> <span class='ocrx_word' id='word_1_212' title='bbox 1063 3703 1146 3736; x_wconf 78' lang='lat' dir='ltr'><strong>mores</strong></span> <span class='ocrx_word' id='word_1_213' title='bbox 1170 3697 1196 3737; x_wconf 86' lang='lat' dir='ltr'><strong>et</strong></span> 
     </span>
     <span class='ocr_line' id='line_1_29' title="bbox 124 3753 1195 3821; baseline -0.006 -11"><span class='ocrx_word' id='word_1_214' title='bbox 124 3768 154 3810; x_wconf 83' lang='lat' dir='ltr'><strong>et</strong></span> <span class='ocrx_word' id='word_1_215' title='bbox 168 3757 255 3811; x_wconf 81' lang='lat' dir='ltr'><strong>valer.</strong></span> <span class='ocrx_word' id='word_1_216' title='bbox 272 3756 375 3806; x_wconf 88' lang='lat' dir='ltr'><strong>Maxim.</strong></span> <span class='ocrx_word' id='word_1_217' title='bbox 391 3757 465 3817; x_wconf 82' lang='lat' dir='ltr'><strong>VIII,</strong></span> <span class='ocrx_word' id='word_1_218' title='bbox 483 3759 509 3814; x_wconf 94' lang='lat'><strong>1.</strong></span> <span class='ocrx_word' id='word_1_219' title='bbox 645 3790 648 3795; x_wconf 87' lang='lat'><em>-</em></span> <span class='ocrx_word' id='word_1_220' title='bbox 677 3772 718 3805; x_wconf 84' lang='lat' dir='ltr'><strong>res</strong></span> <span class='ocrx_word' id='word_1_221' title='bbox 744 3753 848 3821; x_wconf 78' lang='lat' dir='ltr'><strong>publicu</strong></span> <span class='ocrx_word' id='word_1_222' title='bbox 875 3753 995 3804; x_wconf 86' lang='lat' dir='ltr'><strong>divinitus</strong></span> <span class='ocrx_word' id='word_1_223' title='bbox 1019 3770 1035 3804; x_wconf 86' lang='lat' dir='ltr'><strong>a</strong></span> <span class='ocrx_word' id='word_1_224' title='bbox 1059 3754 1195 3804; x_wconf 85' lang='lat' dir='ltr'><strong>maioribus</strong></span> 
     </span>
    </p>

    <p class='ocr_par' dir='ltr' id='par_1_10' title="bbox 75 3821 1196 4294">
     <span class='ocr_line' id='line_1_30' title="bbox 178 3821 1196 3892; baseline -0.002 -17"><span class='ocrx_word' id='word_1_225' title='bbox 178 3824 324 3888; x_wconf 78' lang='lat' dir='ltr'><strong>divinitus)</strong></span> <span class='ocrx_word' id='word_1_226' title='bbox 349 3823 418 3892; x_wconf 88' lang='lat' dir='ltr'><strong>quod</strong></span> <span class='ocrx_word' id='word_1_227' title='bbox 431 3823 534 3890; x_wconf 84' lang='lat' dir='ltr'><strong>proprie</strong></span> <span class='ocrx_word' id='word_1_228' title='bbox 546 3821 646 3888; x_wconf 79' lang='lat' dir='ltr'><strong>signifi-</strong></span> <span class='ocrx_word' id='word_1_229' title='bbox 678 3822 772 3873; x_wconf 88' lang='lat' dir='ltr'><strong>nostris</strong></span> <span class='ocrx_word' id='word_1_230' title='bbox 796 3821 937 3872; x_wconf 85' lang='lat' dir='ltr'><strong>constituto</strong></span> <span class='ocrx_word' id='word_1_231' title='bbox 964 3830 1016 3871; x_wconf 88' lang='lat' dir='ltr'><strong>est:</strong></span> <span class='ocrx_word' id='word_1_232' title='bbox 1050 3821 1087 3872; x_wconf 85' lang='lat' dir='ltr'><strong>ita</strong></span> <span class='ocrx_word' id='word_1_233' title='bbox 1111 3823 1196 3873; x_wconf 86' lang='lat' dir='ltr'><strong>studia</strong></span> 
     </span>
     <span class='ocr_line' id='line_1_31' title="bbox 125 3888 1196 3969; baseline -0.007 -23"><span class='ocrx_word' id='word_1_234' title='bbox 125 3903 170 3946; x_wconf 81' lang='lat' dir='ltr'><strong>cat</strong></span> <span class='ocrx_word' id='word_1_235' title='bbox 185 3909 304 3959; x_wconf 85' lang='lat' dir='ltr'><strong>graecum</strong></span> <span class='ocrx_word' id='word_1_236' title='bbox 317 3889 439 3949; x_wconf 73' lang='grc' dir='ltr'><strong><em>θεόθεν,</em></strong></span> <span class='ocrx_word' id='word_1_237' title='bbox 462 3890 555 3957; x_wconf 80' lang='lat' dir='ltr'><strong>passim</strong></span> <span class='ocrx_word' id='word_1_238' title='bbox 572 3908 587 3940; x_wconf 90' lang='lat' dir='ltr'><strong>a</strong></span> <span class='ocrx_word' id='word_1_239' title='bbox 601 3889 646 3939; x_wconf 88' lang='lat' dir='ltr'><strong>Ci-</strong></span> <span class='ocrx_word' id='word_1_240' title='bbox 679 3906 779 3969; x_wconf 83' lang='lat' dir='ltr'><strong>quoque</strong></span> <span class='ocrx_word' id='word_1_241' title='bbox 795 3888 926 3940; x_wconf 83' lang='lat' dir='ltr'><strong>doctrinae</strong></span> <span class='ocrx_word' id='word_1_242' title='bbox 940 3888 992 3940; x_wconf 87' lang='lat' dir='ltr'><strong>iam</strong></span> <span class='ocrx_word' id='word_1_243' title='bbox 1008 3889 1146 3957; x_wconf 80' lang='lat' dir='ltr'><strong>antiquitus</strong></span> <span class='ocrx_word' id='word_1_244' title='bbox 1163 3890 1196 3940; x_wconf 85' lang='lat' dir='ltr'><strong>ab</strong></span> 
     </span>
     <span class='ocr_line' id='line_1_32' title="bbox 125 3956 1195 4074; baseline -0.006 -62"><span class='ocrx_word' id='word_1_245' title='bbox 125 3977 221 4013; x_wconf 89' lang='lat' dir='ltr'><strong>cerone</strong></span> <span class='ocrx_word' id='word_1_246' title='bbox 235 3959 340 4028; x_wconf 87' lang='lat' dir='ltr'><strong>ponitur</strong></span> <span class='ocrx_word' id='word_1_247' title='bbox 350 3975 397 4024; x_wconf 90' lang='lat' dir='ltr'><strong>pro</strong></span> <span class='ocrx_word' id='word_1_248' title='bbox 407 3957 501 4074; x_wconf 62' lang='lat' dir='ltr'><strong>duppe,</strong></span> <span class='ocrx_word' id='word_1_249' title='bbox 516 3957 647 4074; x_wconf 65' lang='lat' dir='ltr'><strong>excellepp-</strong></span> <span class='ocrx_word' id='word_1_250' title='bbox 678 3957 709 4006; x_wconf 82' lang='lat' dir='ltr'><strong>irs</strong></span> <span class='ocrx_word' id='word_1_251' title='bbox 724 3956 975 4073; x_wconf 72' lang='lat' dir='ltr'><strong>qmessitadaliuqde,</strong></span> <span class='ocrx_word' id='word_1_252' title='bbox 992 3974 1040 4007; x_wconf 90' lang='lat' dir='ltr'><strong>nec</strong></span> <span class='ocrx_word' id='word_1_253' title='bbox 1054 3957 1137 4008; x_wconf 85' lang='lat' dir='ltr'><strong>solum</strong></span> <span class='ocrx_word' id='word_1_254' title='bbox 1151 3974 1195 4008; x_wconf 82' lang='lat' dir='ltr'><strong>ar-</strong></span> 
     </span>
     <span class='ocr_line' id='line_1_33' title="bbox 123 4028 1196 4163; baseline -0.009 -15"><span class='ocrx_word' id='word_1_255' title='bbox 123 4028 646 4163; x_wconf 57' lang='lat' dir='ltr'><strong>{ttttttttttttmttttttn</strong></span> <span class='ocrx_word' id='word_1_256' title='bbox 679 4032 1196 4160; x_wconf 47' lang='lat' dir='ltr'><strong>tettan...tententur}</strong></span> 
     </span>
     <span class='ocr_line' id='line_1_34' title="bbox 75 4146 1196 4243; baseline -0.007 -28"><span class='ocrx_word' id='word_1_257' title='bbox 75 4146 93 4171; x_wconf 63' lang='grc'><em>’</em></span> <span class='ocrx_word' id='word_1_258' title='bbox 178 4163 369 4243; x_wconf 72' lang='lat' dir='ltr'><strong>temperatione</strong></span> <span class='ocrx_word' id='word_1_259' title='bbox 385 4161 518 4228; x_wconf 76' lang='lat' dir='ltr'><strong>civitatis)</strong></span> <span class='ocrx_word' id='word_1_260' title='bbox 542 4159 573 4212; x_wconf 87' lang='lat' dir='ltr'><strong>V.</strong></span> <span class='ocrx_word' id='word_1_261' title='bbox 588 4159 645 4210; x_wconf 79' lang='lat' dir='ltr'><strong>Ad·</strong></span> <span class='ocrx_word' id='word_1_262' title='bbox 677 4176 734 4209; x_wconf 88' lang='lat' dir='ltr'><strong>rum</strong></span> <span class='ocrx_word' id='word_1_263' title='bbox 751 4168 804 4231; x_wconf 70' lang='lat' dir='ltr'><strong>e&#39;st3</strong></span> <span class='ocrx_word' id='word_1_264' title='bbox 821 4159 931 4210; x_wconf 82' lang='lat' dir='ltr'><strong>florebat</strong></span> <span class='ocrx_word' id='word_1_265' title='bbox 945 4160 1011 4210; x_wconf 80' lang='lat' dir='ltr'><strong>emm</strong></span> <span class='ocrx_word' id='word_1_266' title='bbox 1026 4159 1053 4210; x_wconf 89' lang='lat' dir='ltr'><strong>in</strong></span> <span class='ocrx_word' id='word_1_267' title='bbox 1067 4159 1122 4226; x_wconf 78' lang='lat' dir='ltr'><strong>Ipsa</strong></span> <span class='ocrx_word' id='word_1_268' title='bbox 1140 4160 1196 4208; x_wconf 71' lang='lat' dir='ltr'><strong>Ita-‘-</strong></span> 
     </span>
     <span class='ocr_line' id='line_1_35' title="bbox 125 4225 959 4294; baseline -0.01 -10"><span class='ocrx_word' id='word_1_269' title='bbox 125 4240 218 4284; x_wconf 82' lang='lat' dir='ltr'><strong>notata</strong></span> <span class='ocrx_word' id='word_1_270' title='bbox 233 4248 260 4281; x_wconf 87' lang='lat' dir='ltr'><strong>m</strong></span> <span class='ocrx_word' id='word_1_271' title='bbox 275 4233 295 4280; x_wconf 88' lang='lat' dir='ltr'><strong>I.</strong></span> <span class='ocrx_word' id='word_1_272' title='bbox 313 4235 359 4291; x_wconf 88' lang='lat'><strong>10,</strong></span> <span class='ocrx_word' id='word_1_273' title='bbox 376 4233 419 4287; x_wconf 83' lang='lat'><strong>21.</strong></span> <span class='ocrx_word' id='word_1_274' title='bbox 677 4226 713 4278; x_wconf 81' lang='lat' dir='ltr'><strong>lia</strong></span> <span class='ocrx_word' id='word_1_275' title='bbox 726 4225 883 4294; x_wconf 76' lang='lat' dir='ltr'><strong>Pydmgoras</strong></span> <span class='ocrx_word' id='word_1_276' title='bbox 898 4236 959 4277; x_wconf 88' lang='lat' dir='ltr'><strong>cett.</strong></span> 
     </span>
    </p>
   </div>
   <div class='ocr_carea' id='block_1_9' title="bbox 0 0 1334 4626">
    <p class='ocr_par' dir='ltr' id='par_1_11' title="bbox 0 0 1334 4626">
     <span class='ocr_line' id='line_1_36' title="bbox 0 0 1334 4626; baseline 0 0"><span class='ocrx_word' id='word_1_277' title='bbox 0 0 1334 4626; x_wconf 95' lang='lat' dir='ltr'><strong> </strong></span> 
     </span>
    </p>
   </div>
  </div>
 </body>
</html>
