<?xml version="1.0" encoding="UTF-8"?>
<!DOCTYPE html PUBLIC "-//W3C//DTD XHTML 1.0 Transitional//EN"
    "http://www.w3.org/TR/xhtml1/DTD/xhtml1-transitional.dtd">
<html xmlns="http://www.w3.org/1999/xhtml" xml:lang="en" lang="en">
 <head>
  <title>
</title>
<meta http-equiv="Content-Type" content="text/html;charset=utf-8" />
  <meta name='ocr-system' content='tesseract 3.04.00' />
  <meta name='ocr-capabilities' content='ocr_page ocr_carea ocr_par ocr_line ocrx_word'/>
</head>
<body>
  <div class='ocr_page' id='page_1' title='image "./mtulliiciceroni18cicegoog_0409.png"; bbox 0 0 2640 4626; ppageno 0'>
   <div class='ocr_carea' id='block_1_1' title="bbox 119 636 1186 830">
    <p class='ocr_par' dir='ltr' id='par_1_1' title="bbox 119 636 1186 830">
     <span class='ocr_line' id='line_1_1' title="bbox 119 636 1186 726; baseline 0.007 -18"><span class='ocrx_word' id='word_1_1' title='bbox 119 636 263 709; x_wconf 86' lang='lat' dir='ltr'>INDEX</span> <span class='ocrx_word' id='word_1_2' title='bbox 287 637 449 711; x_wconf 81' lang='lat' dir='ltr'>RERUM</span> <span class='ocrx_word' id='word_1_3' title='bbox 473 637 534 710; x_wconf 87' lang='lat' dir='ltr'>Ac</span> <span class='ocrx_word' id='word_1_4' title='bbox 558 637 797 726; x_wconf 84' lang='lat' dir='ltr'>NOMINUM,</span> <span class='ocrx_word' id='word_1_5' title='bbox 823 638 870 711; x_wconf 88' lang='lat' dir='ltr'>IN</span> <span class='ocrx_word' id='word_1_6' title='bbox 899 637 1186 717; x_wconf 81' lang='lat' dir='ltr'>ADNOTATIO-</span> 
     </span>
     <span class='ocr_line' id='line_1_2' title="bbox 392 753 923 830; baseline 0.004 -2"><span class='ocrx_word' id='word_1_7' title='bbox 392 757 528 828; x_wconf 78' lang='lat' dir='ltr'>ulnus</span> <span class='ocrx_word' id='word_1_8' title='bbox 553 753 923 830; x_wconf 84' lang='lat' dir='ltr'>EXPLICATORUM.</span> 
     </span>
    </p>
   </div>
   <div class='ocr_carea' id='block_1_2' title="bbox 704 959 1316 1027">
    <p class='ocr_par' dir='ltr' id='par_1_2' title="bbox 704 959 1316 1027">
     <span class='ocr_line' id='line_1_3' title="bbox 704 959 1316 1027; baseline 0.007 -16"><span class='ocrx_word' id='word_1_9' title='bbox 704 960 818 1011; x_wconf 83' lang='lat' dir='ltr'>locorum</span> <span class='ocrx_word' id='word_1_10' title='bbox 834 959 920 1010; x_wconf 83' lang='lat' dir='ltr'>exiens</span> <span class='ocrx_word' id='word_1_11' title='bbox 936 959 977 1012; x_wconf 75' lang='lat' dir='ltr'>im</span> <span class='ocrx_word' id='word_1_12' title='bbox 1000 979 1060 1023; x_wconf 89' lang='lat' dir='ltr'>am,</span> <span class='ocrx_word' id='word_1_13' title='bbox 1085 981 1139 1026; x_wconf 85' lang='lat' dir='ltr'>em,</span> <span class='ocrx_word' id='word_1_14' title='bbox 1157 982 1184 1027; x_wconf 77' lang='lat' dir='ltr'>a,</span> <span class='ocrx_word' id='word_1_15' title='bbox 1289 964 1316 989; x_wconf 57' lang='lat'>‘¹</span> 
     </span>
    </p>
   </div>
   <div class='ocr_carea' id='block_1_3' title="bbox 89 1029 1246 2377">
    <p class='ocr_par' dir='ltr' id='par_1_3' title="bbox 89 1029 1246 2377">
     <span class='ocr_line' id='line_1_4' title="bbox 361 1029 1185 1154; baseline 0.011 -80"><span class='ocrx_word' id='word_1_16' title='bbox 361 1066 395 1114; x_wconf 46' lang='lat' dir='ltr'>A.</span> <span class='ocrx_word' id='word_1_17' title='bbox 703 1037 734 1146; x_wconf 66' lang='lat' dir='ltr'>ilat</span> <span class='ocrx_word' id='word_1_18' title='bbox 748 1029 927 1154; x_wconf 50' lang='lat' dir='ltr'>dalaminprani</span> <span class='ocrx_word' id='word_1_19' title='bbox 945 1030 1114 1147; x_wconf 40' lang='lat' dir='ltr'>Sozaminem,</span> <span class='ocrx_word' id='word_1_20' title='bbox 1131 1032 1185 1083; x_wconf 80' lang='lat' dir='ltr'>So-</span> 
     </span>
     <span class='ocr_line' id='line_1_5' title="bbox 715 1108 1010 1149; baseline 0.01 -3"><span class='ocrx_word' id='word_1_21' title='bbox 715 1108 812 1147; x_wconf 66' lang='lat' dir='ltr'>amma.</span> <span class='ocrx_word' id='word_1_22' title='bbox 849 1133 855 1147; x_wconf 88' lang='lat'>.</span> <span class='ocrx_word' id='word_1_23' title='bbox 924 1116 969 1147; x_wconf 68' lang='grc' dir='ltr'>ιθ.</span> <span class='ocrx_word' id='word_1_24' title='bbox 1002 1134 1010 1149; x_wconf 65' lang='grc' dir='ltr'>ι</span> 
     </span>
     <span class='ocr_line' id='line_1_6' title="bbox 121 1115 981 1233; baseline 0.007 -23"><span class='ocrx_word' id='word_1_25' title='bbox 121 1162 161 1221; x_wconf 78' lang='lat' dir='ltr'>A,</span> <span class='ocrx_word' id='word_1_26' title='bbox 178 1157 226 1220; x_wconf 87' lang='lat' dir='ltr'>ab,</span> <span class='ocrx_word' id='word_1_27' title='bbox 244 1156 272 1212; x_wconf 80' lang='lat' dir='ltr'>oi</span> <span class='ocrx_word' id='word_1_28' title='bbox 287 1155 344 1215; x_wconf 71' lang='grc' dir='ltr'>ἀπό</span> <span class='ocrx_word' id='word_1_29' title='bbox 358 1180 443 1229; x_wconf 79' lang='grc' dir='ltr'><em>τινος,</em></span> <span class='ocrx_word' id='word_1_30' title='bbox 460 1172 502 1214; x_wconf 83' lang='lat' dir='ltr'>ut:</span> <span class='ocrx_word' id='word_1_31' title='bbox 520 1165 638 1233; x_wconf 85' lang='lat' dir='ltr'>quisunt</span> <span class='ocrx_word' id='word_1_32' title='bbox 669 1115 865 1232; x_wconf 65' lang='lat' dir='ltr'>Acipmser.pp.</span> <span class='ocrx_word' id='word_1_33' title='bbox 881 1168 941 1222; x_wconf 85' lang='lat'>226.</span> <span class='ocrx_word' id='word_1_34' title='bbox 958 1183 981 1216; x_wconf 90' lang='lat' dir='ltr'>a.</span> 
     </span>
     <span class='ocr_line' id='line_1_7' title="bbox 154 1230 1095 1302; baseline 0.004 -22"><span class='ocrx_word' id='word_1_35' title='bbox 154 1245 172 1276; x_wconf 81' lang='lat' dir='ltr'>a</span> <span class='ocrx_word' id='word_1_36' title='bbox 187 1230 299 1276; x_wconf 79' lang='lat' dir='ltr'>Zenone·</span> <span class='ocrx_word' id='word_1_37' title='bbox 323 1248 350 1298; x_wconf 93' lang='lat' dir='ltr'>p.</span> <span class='ocrx_word' id='word_1_38' title='bbox 368 1233 426 1289; x_wconf 82' lang='grc'><strong>149.</strong></span> <span class='ocrx_word' id='word_1_39' title='bbox 442 1231 466 1281; x_wconf 88' lang='lat' dir='ltr'>b.</span> <span class='ocrx_word' id='word_1_40' title='bbox 503 1233 589 1302; x_wconf 79' lang='lat' dir='ltr'>legati</span> <span class='ocrx_word' id='word_1_41' title='bbox 604 1232 638 1282; x_wconf 86' lang='lat' dir='ltr'>ab</span> <span class='ocrx_word' id='word_1_42' title='bbox 669 1232 817 1281; x_wconf 75' lang='lat' dir='ltr'>Auriculas.</span> <span class='ocrx_word' id='word_1_43' title='bbox 836 1251 861 1298; x_wconf 89' lang='lat' dir='ltr'>p.</span> <span class='ocrx_word' id='word_1_44' title='bbox 875 1238 933 1289; x_wconf 79' lang='grc'><strong>228.</strong></span> <span class='ocrx_word' id='word_1_45' title='bbox 950 1232 975 1283; x_wconf 92' lang='lat' dir='ltr'>b.</span> <span class='ocrx_word' id='word_1_46' title='bbox 993 1235 1055 1292; x_wconf 85' lang='grc'><strong>224.</strong></span> <span class='ocrx_word' id='word_1_47' title='bbox 1072 1251 1095 1284; x_wconf 85' lang='lat' dir='ltr'>a.</span> 
     </span>
     <span class='ocr_line' id='line_1_8' title="bbox 153 1295 1183 1370; baseline 0.007 -25"><span class='ocrx_word' id='word_1_48' title='bbox 153 1295 318 1346; x_wconf 82' lang='lat' dir='ltr'>Alexandro.</span> <span class='ocrx_word' id='word_1_49' title='bbox 335 1315 360 1363; x_wconf 91' lang='lat' dir='ltr'>p.</span> <span class='ocrx_word' id='word_1_50' title='bbox 375 1303 434 1356; x_wconf 81' lang='grc'><strong>358.</strong></span> <span class='ocrx_word' id='word_1_51' title='bbox 450 1318 472 1349; x_wconf 91' lang='lat' dir='ltr'>a.</span> <span class='ocrx_word' id='word_1_52' title='bbox 668 1303 762 1349; x_wconf 85' lang='lat' dir='ltr'>Actum</span> <span class='ocrx_word' id='word_1_53' title='bbox 787 1299 898 1359; x_wconf 83' lang='lat' dir='ltr'>habere,</span> <span class='ocrx_word' id='word_1_54' title='bbox 923 1300 992 1366; x_wconf 91' lang='lat' dir='ltr'>quod</span> <span class='ocrx_word' id='word_1_55' title='bbox 1016 1301 1073 1368; x_wconf 85' lang='lat' dir='ltr'>quis</span> <span class='ocrx_word' id='word_1_56' title='bbox 1095 1303 1183 1370; x_wconf 83' lang='lat' dir='ltr'>egerit.</span> 
     </span>
     <span class='ocr_line' id='line_1_9' title="bbox 118 1357 839 1439; baseline 0.006 -27"><span class='ocrx_word' id='word_1_57' title='bbox 118 1357 277 1439; x_wconf 57' lang='lat' dir='ltr'>blssloillsta,</span> <span class='ocrx_word' id='word_1_58' title='bbox 296 1360 429 1433; x_wconf 67' lang='grc' dir='ltr'>ἀβλαβής.</span> <span class='ocrx_word' id='word_1_59' title='bbox 449 1385 474 1434; x_wconf 89' lang='lat' dir='ltr'>p.</span> <span class='ocrx_word' id='word_1_60' title='bbox 490 1371 553 1425; x_wconf 86' lang='lat'>208.</span> <span class='ocrx_word' id='word_1_61' title='bbox 567 1367 592 1417; x_wconf 95' lang='lat' dir='ltr'>b.</span> <span class='ocrx_word' id='word_1_62' title='bbox 702 1384 727 1432; x_wconf 87' lang='lat' dir='ltr'>p.</span> <span class='ocrx_word' id='word_1_63' title='bbox 739 1371 798 1424; x_wconf 85' lang='lat'>231.</span> <span class='ocrx_word' id='word_1_64' title='bbox 815 1367 839 1416; x_wconf 92' lang='lat' dir='ltr'>b.</span> 
     </span>
     <span class='ocr_line' id='line_1_10' title="bbox 120 1428 1182 1504; baseline 0.008 -25"><span class='ocrx_word' id='word_1_65' title='bbox 120 1428 261 1479; x_wconf 77' lang='lat' dir='ltr'>Ablatinas</span> <span class='ocrx_word' id='word_1_66' title='bbox 276 1430 418 1483; x_wconf 85' lang='lat' dir='ltr'>absolutas.</span> <span class='ocrx_word' id='word_1_67' title='bbox 434 1452 460 1501; x_wconf 90' lang='lat' dir='ltr'>p.</span> <span class='ocrx_word' id='word_1_68' title='bbox 473 1435 516 1491; x_wconf 79' lang='grc'><strong>46.</strong></span> <span class='ocrx_word' id='word_1_69' title='bbox 534 1434 558 1484; x_wconf 90' lang='lat' dir='ltr'>b.</span> <span class='ocrx_word' id='word_1_70' title='bbox 582 1434 635 1484; x_wconf 87' lang='lat' dir='ltr'>ad·</span> <span class='ocrx_word' id='word_1_71' title='bbox 668 1433 713 1483; x_wconf 81' lang='lat' dir='ltr'>Aa</span> <span class='ocrx_word' id='word_1_72' title='bbox 726 1432 830 1484; x_wconf 88' lang='lat' dir='ltr'>inservit</span> <span class='ocrx_word' id='word_1_73' title='bbox 846 1433 1039 1500; x_wconf 83' lang='lat' dir='ltr'>comparationi.</span> <span class='ocrx_word' id='word_1_74' title='bbox 1056 1454 1083 1504; x_wconf 92' lang='lat' dir='ltr'>p.</span> <span class='ocrx_word' id='word_1_75' title='bbox 1100 1441 1141 1494; x_wconf 88' lang='grc'><strong>77.</strong></span> <span class='ocrx_word' id='word_1_76' title='bbox 1157 1437 1182 1488; x_wconf 90' lang='lat' dir='ltr'>b.</span> 
     </span>
     <span class='ocr_line' id='line_1_11' title="bbox 154 1498 790 1570; baseline 0.006 -24"><span class='ocrx_word' id='word_1_77' title='bbox 154 1498 242 1546; x_wconf 75' lang='lat' dir='ltr'>versis</span> <span class='ocrx_word' id='word_1_78' title='bbox 265 1498 371 1549; x_wconf 87' lang='lat' dir='ltr'>casibus</span> <span class='ocrx_word' id='word_1_79' title='bbox 412 1517 455 1550; x_wconf 92' lang='lat' dir='ltr'>ro:</span> <span class='ocrx_word' id='word_1_80' title='bbox 483 1519 560 1570; x_wconf 84' lang='lat' dir='ltr'>quum</span> <span class='ocrx_word' id='word_1_81' title='bbox 582 1502 635 1551; x_wconf 88' lang='lat' dir='ltr'>ad·</span> <span class='ocrx_word' id='word_1_82' title='bbox 702 1506 743 1557; x_wconf 73' lang='grc'><strong>78.</strong></span> <span class='ocrx_word' id='word_1_83' title='bbox 760 1519 790 1551; x_wconf 88' lang='lat' dir='ltr'>a..</span> 
     </span>
     <span class='ocr_line' id='line_1_12' title="bbox 152 1520 1182 1637; baseline 0.01 -25"><span class='ocrx_word' id='word_1_84' title='bbox 152 1565 227 1613; x_wconf 81' lang='lat' dir='ltr'>versi</span> <span class='ocrx_word' id='word_1_85' title='bbox 239 1582 317 1616; x_wconf 85' lang='lat' dir='ltr'>casus</span> <span class='ocrx_word' id='word_1_86' title='bbox 328 1520 461 1618; x_wconf 76' lang='lat' dir='ltr'>accidunt.</span> <span class='ocrx_word' id='word_1_87' title='bbox 475 1586 501 1635; x_wconf 91' lang='lat' dir='ltr'>p.</span> <span class='ocrx_word' id='word_1_88' title='bbox 511 1573 600 1627; x_wconf 85' lang='lat' dir='ltr'>221.a.</span> <span class='ocrx_word' id='word_1_89' title='bbox 610 1569 635 1619; x_wconf 95' lang='lat' dir='ltr'>b.</span> <span class='ocrx_word' id='word_1_90' title='bbox 668 1567 713 1618; x_wconf 85' lang='lat' dir='ltr'>Ad</span> <span class='ocrx_word' id='word_1_91' title='bbox 739 1586 786 1635; x_wconf 89' lang='lat' dir='ltr'>pro</span> <span class='ocrx_word' id='word_1_92' title='bbox 812 1567 900 1637; x_wconf 84' lang='lat' dir='ltr'>apud,</span> <span class='ocrx_word' id='word_1_93' title='bbox 931 1578 961 1618; x_wconf 86' lang='lat' dir='ltr'>nt</span> <span class='ocrx_word' id='word_1_94' title='bbox 988 1568 1025 1618; x_wconf 85' lang='lat' dir='ltr'>ad</span> <span class='ocrx_word' id='word_1_95' title='bbox 1053 1588 1182 1622; x_wconf 73' lang='lat' dir='ltr'>censores.</span> 
     </span>
     <span class='ocr_line' id='line_1_13' title="bbox 118 1630 840 1701; baseline 0.017 -19"><span class='ocrx_word' id='word_1_96' title='bbox 118 1630 233 1682; x_wconf 84' lang='lat' dir='ltr'>Abluere</span> <span class='ocrx_word' id='word_1_97' title='bbox 280 1635 495 1700; x_wconf 77' lang='lat' dir='ltr'>perturbationem</span> <span class='ocrx_word' id='word_1_98' title='bbox 550 1636 635 1686; x_wconf 87' lang='lat' dir='ltr'>animi.</span> <span class='ocrx_word' id='word_1_99' title='bbox 701 1653 727 1701; x_wconf 88' lang='lat' dir='ltr'>p·</span> <span class='ocrx_word' id='word_1_100' title='bbox 741 1640 800 1692; x_wconf 72' lang='lat'>231·</span> <span class='ocrx_word' id='word_1_101' title='bbox 815 1636 840 1685; x_wconf 84' lang='lat' dir='ltr'>b·</span> 
     </span>
     <span class='ocr_line' id='line_1_14' title="bbox 152 1701 1246 1772; baseline 0.006 -23"><span class='ocrx_word' id='word_1_102' title='bbox 152 1718 179 1766; x_wconf 93' lang='lat' dir='ltr'>p.</span> <span class='ocrx_word' id='word_1_103' title='bbox 195 1703 254 1756; x_wconf 83' lang='lat'>293.</span> <span class='ocrx_word' id='word_1_104' title='bbox 268 1701 293 1750; x_wconf 93' lang='lat' dir='ltr'>b.</span> <span class='ocrx_word' id='word_1_105' title='bbox 668 1702 771 1752; x_wconf 85' lang='lat' dir='ltr'>Adesse</span> <span class='ocrx_word' id='word_1_106' title='bbox 787 1712 813 1753; x_wconf 85' lang='lat' dir='ltr'>et</span> <span class='ocrx_word' id='word_1_107' title='bbox 825 1721 957 1772; x_wconf 74' lang='lat' dir='ltr'>praesens</span> <span class='ocrx_word' id='word_1_108' title='bbox 976 1721 1035 1754; x_wconf 83' lang='lat' dir='ltr'>essa</span> <span class='ocrx_word' id='word_1_109' title='bbox 1050 1704 1111 1772; x_wconf 90' lang='lat' dir='ltr'>quid</span> <span class='ocrx_word' id='word_1_110' title='bbox 1128 1703 1183 1755; x_wconf 80' lang='lat' dir='ltr'>dil·</span> <span class='ocrx_word' id='word_1_111' title='bbox 1243 1758 1246 1765; x_wconf 80' lang='grc'>,</span> 
     </span>
     <span class='ocr_line' id='line_1_15' title="bbox 119 1766 990 1838; baseline 0.003 -20"><span class='ocrx_word' id='word_1_112' title='bbox 119 1766 248 1818; x_wconf 76' lang='lat' dir='ltr'>Absoluta</span> <span class='ocrx_word' id='word_1_113' title='bbox 263 1769 342 1818; x_wconf 83' lang='lat' dir='ltr'>ratio.</span> <span class='ocrx_word' id='word_1_114' title='bbox 360 1788 386 1838; x_wconf 90' lang='lat' dir='ltr'>p.</span> <span class='ocrx_word' id='word_1_115' title='bbox 401 1773 459 1828; x_wconf 84' lang='lat'>329.</span> <span class='ocrx_word' id='word_1_116' title='bbox 475 1770 500 1820; x_wconf 90' lang='lat' dir='ltr'>b.</span> <span class='ocrx_word' id='word_1_117' title='bbox 702 1769 795 1820; x_wconf 85' lang='lat' dir='ltr'>ferant.</span> <span class='ocrx_word' id='word_1_118' title='bbox 812 1788 837 1837; x_wconf 91' lang='lat' dir='ltr'>p.</span> <span class='ocrx_word' id='word_1_119' title='bbox 851 1776 909 1829; x_wconf 78' lang='grc'><strong>263.</strong></span> <span class='ocrx_word' id='word_1_120' title='bbox 925 1790 948 1821; x_wconf 85' lang='lat' dir='ltr'>u.</span> <span class='ocrx_word' id='word_1_121' title='bbox 964 1772 990 1821; x_wconf 93' lang='lat' dir='ltr'>b.</span> 
     </span>
     <span class='ocr_line' id='line_1_16' title="bbox 120 1831 1182 1907; baseline 0.007 -23"><span class='ocrx_word' id='word_1_122' title='bbox 120 1833 263 1885; x_wconf 82' lang='lat' dir='ltr'>Abstracta</span> <span class='ocrx_word' id='word_1_123' title='bbox 279 1836 397 1900; x_wconf 86' lang='lat' dir='ltr'>nomina,</span> <span class='ocrx_word' id='word_1_124' title='bbox 422 1837 515 1906; x_wconf 82' lang='lat' dir='ltr'>plurali</span> <span class='ocrx_word' id='word_1_125' title='bbox 530 1854 634 1888; x_wconf 84' lang='lat' dir='ltr'>numero</span> <span class='ocrx_word' id='word_1_126' title='bbox 666 1831 826 1904; x_wconf 75' lang='lat' dir='ltr'>&#39;Adtrirpooa</span> <span class='ocrx_word' id='word_1_127' title='bbox 847 1839 997 1889; x_wconf 83' lang='lat' dir='ltr'>Stoicorum.</span> <span class='ocrx_word' id='word_1_128' title='bbox 1030 1858 1056 1907; x_wconf 93' lang='lat' dir='ltr'>p.</span> <span class='ocrx_word' id='word_1_129' title='bbox 1078 1843 1136 1898; x_wconf 80' lang='lat'>155.</span> <span class='ocrx_word' id='word_1_130' title='bbox 1159 1857 1182 1891; x_wconf 85' lang='lat' dir='ltr'>a.</span> 
     </span>
     <span class='ocr_line' id='line_1_17' title="bbox 153 1902 1163 1989; baseline 0.006 -39"><span class='ocrx_word' id='word_1_131' title='bbox 153 1902 252 1978; x_wconf 78' lang='lat' dir='ltr'>posita,</span> <span class='ocrx_word' id='word_1_132' title='bbox 292 1914 323 1953; x_wconf 92' lang='lat' dir='ltr'>ut</span> <span class='ocrx_word' id='word_1_133' title='bbox 358 1918 472 1967; x_wconf 81' lang='lat' dir='ltr'><em>mentes,</em></span> <span class='ocrx_word' id='word_1_134' title='bbox 513 1906 634 1975; x_wconf 83' lang='lat' dir='ltr'>ingenia,</span> <span class='ocrx_word' id='word_1_135' title='bbox 703 1905 776 1983; x_wconf 61' lang='grc'><strong>(11.1.</strong></span> <span class='ocrx_word' id='word_1_136' title='bbox 792 1922 816 1954; x_wconf 93' lang='lat' dir='ltr'>v.</span> <span class='ocrx_word' id='word_1_137' title='bbox 833 1917 935 1989; x_wconf 74' lang='lat' dir='ltr'>neutra.</span> <span class='ocrx_word' id='word_1_138' title='bbox 1000 1971 1007 1984; x_wconf 47' lang='lat'><strong>·</strong></span> <span class='ocrx_word' id='word_1_139' title='bbox 1156 1973 1163 1987; x_wconf 96' lang='lat'>.</span> 
     </span>
     <span class='ocr_line' id='line_1_18' title="bbox 89 1971 1183 2108; baseline 0.006 -25"><span class='ocrx_word' id='word_1_140' title='bbox 89 2094 92 2099; x_wconf 43' lang='grc'>,</span> <span class='ocrx_word' id='word_1_141' title='bbox 109 1986 249 2098; x_wconf 66' lang='lat' dir='ltr'>..th</span> <span class='ocrx_word' id='word_1_142' title='bbox 262 1977 401 2090; x_wconf 60' lang='lat' dir='ltr'>‘iiiiii‘</span> <span class='ocrx_word' id='word_1_143' title='bbox 411 1973 472 2108; x_wconf 70' lang='lat' dir='ltr'>lla</span> <span class='ocrx_word' id='word_1_144' title='bbox 484 2039 633 2106; x_wconf 66' lang='lat' dir='ltr'>agata...</span> <span class='ocrx_word' id='word_1_145' title='bbox 667 1971 1136 2102; x_wconf 49' lang='lat' dir='ltr'>AMMSMMM.Mlti?</span> <span class='ocrx_word' id='word_1_146' title='bbox 1153 1991 1183 2090; x_wconf 72' lang='lat' dir='ltr'>{t</span> 
     </span>
     <span class='ocr_line' id='line_1_19' title="bbox 153 2105 1180 2177; baseline 0.003 -23"><span class='ocrx_word' id='word_1_147' title='bbox 153 2122 179 2170; x_wconf 93' lang='lat' dir='ltr'>p.</span> <span class='ocrx_word' id='word_1_148' title='bbox 196 2110 251 2162; x_wconf 87' lang='grc'><strong>152.</strong></span> <span class='ocrx_word' id='word_1_149' title='bbox 265 2106 292 2155; x_wconf 92' lang='lat' dir='ltr'>b.</span> <span class='ocrx_word' id='word_1_150' title='bbox 501 2132 505 2139; x_wconf 91' lang='lat'>·</span> <span class='ocrx_word' id='word_1_151' title='bbox 702 2105 783 2167; x_wconf 81' lang='lat' dir='ltr'>bona,</span> <span class='ocrx_word' id='word_1_152' title='bbox 824 2108 911 2164; x_wconf 84' lang='lat' dir='ltr'>mala‚·</span> <span class='ocrx_word' id='word_1_153' title='bbox 949 2126 1048 2176; x_wconf 83' lang='lat' dir='ltr'>aequa,</span> <span class='ocrx_word' id='word_1_154' title='bbox 1079 2110 1180 2177; x_wconf 85' lang='lat' dir='ltr'>iniqua.</span> 
     </span>
     <span class='ocr_line' id='line_1_20' title="bbox 119 2170 839 2242; baseline 0.018 -22"><span class='ocrx_word' id='word_1_155' title='bbox 119 2173 160 2220; x_wconf 81' lang='lat' dir='ltr'>Aa</span> <span class='ocrx_word' id='word_1_156' title='bbox 174 2170 290 2241; x_wconf 71' lang='lat' dir='ltr'>(atque),</span> <span class='ocrx_word' id='word_1_157' title='bbox 305 2175 424 2225; x_wconf 84' lang='lat' dir='ltr'>adiuncta</span> <span class='ocrx_word' id='word_1_158' title='bbox 439 2175 492 2224; x_wconf 83' lang='lat' dir='ltr'>fere</span> <span class='ocrx_word' id='word_1_159' title='bbox 507 2173 634 2242; x_wconf 83' lang='lat' dir='ltr'>particula</span> <span class='ocrx_word' id='word_1_160' title='bbox 720 2177 797 2231; x_wconf 79' lang='lat'>·369·</span> <span class='ocrx_word' id='word_1_161' title='bbox 812 2175 839 2224; x_wconf 81' lang='lat' dir='ltr'>b·</span> 
     </span>
     <span class='ocr_line' id='line_1_21' title="bbox 152 2238 1180 2309; baseline 0.006 -22"><span class='ocrx_word' id='word_1_162' title='bbox 152 2238 286 2306; x_wconf 62' lang='lat' dir='ltr'>quidem</span> <span class='ocrx_word' id='word_1_163' title='bbox 304 2241 333 2292; x_wconf 91' lang='lat' dir='ltr'>in</span> <span class='ocrx_word' id='word_1_164' title='bbox 359 2242 485 2293; x_wconf 78' lang='lat' dir='ltr'>enuntiati</span> <span class='ocrx_word' id='word_1_165' title='bbox 508 2241 633 2309; x_wconf 85' lang='lat' dir='ltr'>principio</span> <span class='ocrx_word' id='word_1_166' title='bbox 665 2244 694 2292; x_wconf 85' lang='lat' dir='ltr'><em>A</em></span> <span class='ocrx_word' id='word_1_167' title='bbox 711 2242 809 2293; x_wconf 78' lang='lat' dir='ltr'>iectita</span> <span class='ocrx_word' id='word_1_168' title='bbox 833 2241 884 2292; x_wconf 88' lang='lat' dir='ltr'>dno</span> <span class='ocrx_word' id='word_1_169' title='bbox 911 2239 1065 2303; x_wconf 70' lang='lat' dir='ltr'>davidicas</span> <span class='ocrx_word' id='word_1_170' title='bbox 1087 2241 1180 2294; x_wconf 83' lang='lat' dir='ltr'>iuncta.</span> 
     </span>
     <span class='ocr_line' id='line_1_22' title="bbox 152 2307 836 2377; baseline 0.016 -22"><span class='ocrx_word' id='word_1_171' title='bbox 152 2323 226 2372; x_wconf 85' lang='lat' dir='ltr'>quam</span> <span class='ocrx_word' id='word_1_172' title='bbox 241 2307 292 2358; x_wconf 85' lang='lat' dir='ltr'>vim</span> <span class='ocrx_word' id='word_1_173' title='bbox 308 2310 410 2360; x_wconf 81' lang='lat' dir='ltr'>habeat.</span> <span class='ocrx_word' id='word_1_174' title='bbox 427 2329 453 2377; x_wconf 83' lang='lat' dir='ltr'>p.</span> <span class='ocrx_word' id='word_1_175' title='bbox 467 2315 527 2366; x_wconf 86' lang='lat'>216.</span> <span class='ocrx_word' id='word_1_176' title='bbox 542 2328 565 2360; x_wconf 84' lang='lat' dir='ltr'>a.</span> <span class='ocrx_word' id='word_1_177' title='bbox 718 2345 725 2358; x_wconf 87' lang='lat'>.</span> <span class='ocrx_word' id='word_1_178' title='bbox 740 2311 798 2365; x_wconf 73' lang='grc'><strong>341·</strong></span> <span class='ocrx_word' id='word_1_179' title='bbox 813 2327 836 2359; x_wconf 60' lang='lat' dir='ltr'>fle</span> 
     </span>
    </p>
   </div>
   <div class='ocr_carea' id='block_1_4' title="bbox 118 2327 1180 2628">
    <p class='ocr_par' dir='ltr' id='par_1_4' title="bbox 118 2327 1180 2628">
     <span class='ocr_line' id='line_1_23' title="bbox 118 2327 1179 2439; baseline 0.004 -15"><span class='ocrx_word' id='word_1_180' title='bbox 118 2375 275 2426; x_wconf 82' lang='lat' dir='ltr'>Academici</span> <span class='ocrx_word' id='word_1_181' title='bbox 287 2377 405 2428; x_wconf 85' lang='lat' dir='ltr'>dicuntur</span> <span class='ocrx_word' id='word_1_182' title='bbox 417 2387 443 2426; x_wconf 89' lang='lat' dir='ltr'>et</span> <span class='ocrx_word' id='word_1_183' title='bbox 455 2387 552 2426; x_wconf 79' lang='lat' dir='ltr'>veteres</span> <span class='ocrx_word' id='word_1_184' title='bbox 564 2380 634 2426; x_wconf 83' lang='lat' dir='ltr'>Aca·</span> <span class='ocrx_word' id='word_1_185' title='bbox 665 2327 809 2427; x_wconf 79' lang='lat' dir='ltr'>Adiectiva</span> <span class='ocrx_word' id='word_1_186' title='bbox 824 2376 850 2426; x_wconf 90' lang='lat' dir='ltr'>in</span> <span class='ocrx_word' id='word_1_187' title='bbox 867 2376 924 2426; x_wconf 82' lang='lat' dir='ltr'>icus</span> <span class='ocrx_word' id='word_1_188' title='bbox 941 2376 1073 2439; x_wconf 82' lang='lat' dir='ltr'>exeuntia,</span> <span class='ocrx_word' id='word_1_189' title='bbox 1091 2387 1120 2426; x_wconf 85' lang='lat' dir='ltr'>ut</span> <span class='ocrx_word' id='word_1_190' title='bbox 1135 2395 1179 2428; x_wconf 85' lang='lat' dir='ltr'>re-</span> 
     </span>
     <span class='ocr_line' id='line_1_24' title="bbox 153 2441 965 2511; baseline 0.006 -22"><span class='ocrx_word' id='word_1_191' title='bbox 153 2441 246 2492; x_wconf 89' lang='lat' dir='ltr'>demici</span> <span class='ocrx_word' id='word_1_192' title='bbox 262 2454 287 2494; x_wconf 89' lang='lat' dir='ltr'>et</span> <span class='ocrx_word' id='word_1_193' title='bbox 303 2462 383 2495; x_wconf 79' lang='lat' dir='ltr'>novae</span> <span class='ocrx_word' id='word_1_194' title='bbox 398 2443 549 2494; x_wconf 78' lang='lat' dir='ltr'>Academiae</span> <span class='ocrx_word' id='word_1_195' title='bbox 563 2461 634 2495; x_wconf 85' lang='lat' dir='ltr'>asse-</span> <span class='ocrx_word' id='word_1_196' title='bbox 719 2444 806 2508; x_wconf 83' lang='lat' dir='ltr'>istcus.</span> <span class='ocrx_word' id='word_1_197' title='bbox 826 2463 851 2511; x_wconf 93' lang='lat' dir='ltr'>p.</span> <span class='ocrx_word' id='word_1_198' title='bbox 870 2449 926 2502; x_wconf 84' lang='lat'>101.</span> <span class='ocrx_word' id='word_1_199' title='bbox 941 2444 965 2494; x_wconf 94' lang='lat' dir='ltr'>b.</span> 
     </span>
     <span class='ocr_line' id='line_1_25' title="bbox 153 2509 1180 2628; baseline 0.007 -70"><span class='ocrx_word' id='word_1_200' title='bbox 153 2509 215 2560; x_wconf 87' lang='lat' dir='ltr'>clae.</span> <span class='ocrx_word' id='word_1_201' title='bbox 233 2528 259 2576; x_wconf 93' lang='lat' dir='ltr'>p.</span> <span class='ocrx_word' id='word_1_202' title='bbox 274 2516 332 2570; x_wconf 83' lang='grc'><strong>257.</strong></span> <span class='ocrx_word' id='word_1_203' title='bbox 348 2530 371 2561; x_wconf 86' lang='lat' dir='ltr'>a.</span> <span class='ocrx_word' id='word_1_204' title='bbox 385 2512 411 2561; x_wconf 94' lang='lat' dir='ltr'>b.</span> <span class='ocrx_word' id='word_1_205' title='bbox 666 2514 693 2562; x_wconf 81' lang='lat' dir='ltr'><em>A</em></span> <span class='ocrx_word' id='word_1_206' title='bbox 711 2513 810 2562; x_wconf 80' lang='lat' dir='ltr'>iectiva</span> <span class='ocrx_word' id='word_1_207' title='bbox 816 2512 901 2628; x_wconf 72' lang='lat' dir='ltr'>plura</span> <span class='ocrx_word' id='word_1_208' title='bbox 909 2549 917 2572; x_wconf 88' lang='lat'><strong><em>,</em></strong></span> <span class='ocrx_word' id='word_1_209' title='bbox 934 2511 977 2561; x_wconf 90' lang='lat' dir='ltr'>uni</span> <span class='ocrx_word' id='word_1_210' title='bbox 990 2511 1086 2561; x_wconf 87' lang='lat' dir='ltr'>nomini</span> <span class='ocrx_word' id='word_1_211' title='bbox 1100 2509 1180 2565; x_wconf 75' lang='lat' dir='ltr'>olant·</span> 
     </span>
    </p>
   </div>
   <div class='ocr_carea' id='block_1_5' title="bbox 75 2576 1266 4064">
    <p class='ocr_par' dir='ltr' id='par_1_5' title="bbox 75 2576 1266 4064">
     <span class='ocr_line' id='line_1_26' title="bbox 118 2576 1120 2648; baseline 0.003 -22"><span class='ocrx_word' id='word_1_212' title='bbox 118 2576 245 2639; x_wconf 82' lang='lat' dir='ltr'>Accedit,</span> <span class='ocrx_word' id='word_1_213' title='bbox 268 2591 299 2628; x_wconf 85' lang='lat' dir='ltr'>ut.</span> <span class='ocrx_word' id='word_1_214' title='bbox 314 2589 342 2628; x_wconf 90' lang='lat' dir='ltr'>et</span> <span class='ocrx_word' id='word_1_215' title='bbox 363 2578 481 2640; x_wconf 84' lang='lat' dir='ltr'>aceedit,</span> <span class='ocrx_word' id='word_1_216' title='bbox 507 2579 576 2648; x_wconf 84' lang='lat' dir='ltr'>quod</span> <span class='ocrx_word' id='word_1_217' title='bbox 591 2605 631 2629; x_wconf 94' lang='lat'>—.</span> <span class='ocrx_word' id='word_1_218' title='bbox 701 2578 784 2639; x_wconf 67' lang='lat' dir='ltr'>distas</span> <span class='ocrx_word' id='word_1_219' title='bbox 799 2597 814 2628; x_wconf 89' lang='lat' dir='ltr'>a</span> <span class='ocrx_word' id='word_1_220' title='bbox 833 2578 925 2628; x_wconf 88' lang='lat' dir='ltr'>iuncta.</span> <span class='ocrx_word' id='word_1_221' title='bbox 943 2598 969 2646; x_wconf 91' lang='lat' dir='ltr'>p.</span> <span class='ocrx_word' id='word_1_222' title='bbox 987 2585 1042 2637; x_wconf 86' lang='lat'>159.</span> <span class='ocrx_word' id='word_1_223' title='bbox 1059 2598 1080 2629; x_wconf 81' lang='lat' dir='ltr'>a.</span> <span class='ocrx_word' id='word_1_224' title='bbox 1095 2580 1120 2629; x_wconf 93' lang='lat' dir='ltr'>b.</span> 
     </span>
     <span class='ocr_line' id='line_1_27' title="bbox 152 2646 1181 2712; baseline 0.002 -17"><span class='ocrx_word' id='word_1_225' title='bbox 152 2662 178 2710; x_wconf 91' lang='lat' dir='ltr'>p.</span> <span class='ocrx_word' id='word_1_226' title='bbox 194 2652 236 2703; x_wconf 87' lang='grc'><strong>80.</strong></span> <span class='ocrx_word' id='word_1_227' title='bbox 251 2646 276 2696; x_wconf 91' lang='lat' dir='ltr'>b.</span> <span class='ocrx_word' id='word_1_228' title='bbox 292 2651 335 2704; x_wconf 85' lang='lat'>81.</span> <span class='ocrx_word' id='word_1_229' title='bbox 351 2664 373 2696; x_wconf 83' lang='lat' dir='ltr'>a.</span> <span class='ocrx_word' id='word_1_230' title='bbox 665 2647 864 2697; x_wconf 67' lang='lat' dir='ltr'>Adice-tinorum</span> <span class='ocrx_word' id='word_1_231' title='bbox 894 2659 1016 2696; x_wconf 83' lang='lat' dir='ltr'>neutrum</span> <span class='ocrx_word' id='word_1_232' title='bbox 1047 2647 1181 2712; x_wconf 83' lang='lat' dir='ltr'>singularis</span> 
     </span>
     <span class='ocr_line' id='line_1_28' title="bbox 118 2712 1180 2782; baseline 0.003 -22"><span class='ocrx_word' id='word_1_233' title='bbox 118 2714 294 2762; x_wconf 71' lang='lat' dir='ltr'>Accusationis</span> <span class='ocrx_word' id='word_1_234' title='bbox 308 2712 454 2773; x_wconf 85' lang='lat' dir='ltr'>absolutas,</span> <span class='ocrx_word' id='word_1_235' title='bbox 471 2713 634 2781; x_wconf 87' lang='lat' dir='ltr'>explicandus</span> <span class='ocrx_word' id='word_1_236' title='bbox 700 2713 797 2764; x_wconf 88' lang='lat' dir='ltr'>numeri</span> <span class='ocrx_word' id='word_1_237' title='bbox 811 2714 1024 2765; x_wconf 79' lang='lat' dir='ltr'>substantivorum</span> <span class='ocrx_word' id='word_1_238' title='bbox 1037 2714 1096 2765; x_wconf 90' lang='lat' dir='ltr'>loco</span> <span class='ocrx_word' id='word_1_239' title='bbox 1107 2714 1180 2782; x_wconf 90' lang='lat' dir='ltr'>posi-</span> 
     </span>
     <span class='ocr_line' id='line_1_29' title="bbox 151 2780 1179 2849; baseline 0.004 -22"><span class='ocrx_word' id='word_1_240' title='bbox 151 2797 198 2846; x_wconf 88' lang='lat' dir='ltr'>per</span> <span class='ocrx_word' id='word_1_241' title='bbox 221 2782 290 2848; x_wconf 86' lang='lat' dir='ltr'>qnod</span> <span class='ocrx_word' id='word_1_242' title='bbox 311 2782 408 2832; x_wconf 75' lang='lat' dir='ltr'>attinet</span> <span class='ocrx_word' id='word_1_243' title='bbox 428 2781 479 2844; x_wconf 86' lang='lat' dir='ltr'>ad,</span> <span class='ocrx_word' id='word_1_244' title='bbox 504 2799 536 2831; x_wconf 81' lang='lat' dir='ltr'>nn</span> <span class='ocrx_word' id='word_1_245' title='bbox 555 2780 634 2830; x_wconf 85' lang='lat' dir='ltr'>statui</span> <span class='ocrx_word' id='word_1_246' title='bbox 699 2791 768 2842; x_wconf 86' lang='lat' dir='ltr'>tum,</span> <span class='ocrx_word' id='word_1_247' title='bbox 787 2791 816 2830; x_wconf 90' lang='lat' dir='ltr'>ut</span> <span class='ocrx_word' id='word_1_248' title='bbox 832 2781 933 2831; x_wconf 81' lang='lat' dir='ltr'>beatam</span> <span class='ocrx_word' id='word_1_249' title='bbox 946 2799 993 2849; x_wconf 93' lang='lat' dir='ltr'>pro</span> <span class='ocrx_word' id='word_1_250' title='bbox 1008 2781 1179 2832; x_wconf 82' lang='lat' dir='ltr'>beatitudine.</span> 
     </span>
     <span class='ocr_line' id='line_1_30' title="bbox 152 2848 843 2916; baseline 0.006 -21"><span class='ocrx_word' id='word_1_251' title='bbox 152 2848 242 2913; x_wconf 86' lang='lat' dir='ltr'>possit.</span> <span class='ocrx_word' id='word_1_252' title='bbox 260 2868 287 2916; x_wconf 93' lang='lat' dir='ltr'>p.</span> <span class='ocrx_word' id='word_1_253' title='bbox 301 2853 342 2906; x_wconf 88' lang='grc'><strong>91.</strong></span> <span class='ocrx_word' id='word_1_254' title='bbox 361 2866 384 2899; x_wconf 86' lang='lat' dir='ltr'>a.</span> <span class='ocrx_word' id='word_1_255' title='bbox 698 2867 725 2916; x_wconf 91' lang='lat' dir='ltr'>p.</span> <span class='ocrx_word' id='word_1_256' title='bbox 743 2853 799 2906; x_wconf 83' lang='grc'><strong>153.</strong></span> <span class='ocrx_word' id='word_1_257' title='bbox 820 2849 843 2899; x_wconf 95' lang='lat' dir='ltr'>b.</span> 
     </span>
     <span class='ocr_line' id='line_1_31' title="bbox 118 2915 1178 2986; baseline 0.003 -22"><span class='ocrx_word' id='word_1_258' title='bbox 118 2916 295 2965; x_wconf 69' lang='lat' dir='ltr'>Accusationis</span> <span class='ocrx_word' id='word_1_259' title='bbox 306 2915 483 2984; x_wconf 86' lang='lat' dir='ltr'>pronominum</span> <span class='ocrx_word' id='word_1_260' title='bbox 498 2916 634 2966; x_wconf 87' lang='lat' dir='ltr'>cuiuscun·</span> <span class='ocrx_word' id='word_1_261' title='bbox 665 2917 863 2967; x_wconf 77' lang='lat' dir='ltr'>Adiectiaorum</span> <span class='ocrx_word' id='word_1_262' title='bbox 875 2917 1043 2986; x_wconf 84' lang='lat' dir='ltr'>permutatio.</span> <span class='ocrx_word' id='word_1_263' title='bbox 1072 2919 1103 2970; x_wconf 80' lang='lat' dir='ltr'>V.</span> <span class='ocrx_word' id='word_1_264' title='bbox 1119 2935 1139 2967; x_wconf 86' lang='lat' dir='ltr'>s.</span> <span class='ocrx_word' id='word_1_265' title='bbox 1154 2935 1178 2968; x_wconf 87' lang='lat' dir='ltr'>v.</span> 
     </span>
     <span class='ocr_line' id='line_1_32' title="bbox 75 2983 855 3052; baseline 0.003 -22"><span class='ocrx_word' id='word_1_266' title='bbox 75 3007 77 3013; x_wconf 95' lang='lat'>·</span> <span class='ocrx_word' id='word_1_267' title='bbox 152 2998 202 3048; x_wconf 86' lang='lat' dir='ltr'>que</span> <span class='ocrx_word' id='word_1_268' title='bbox 244 2984 344 3049; x_wconf 83' lang='lat' dir='ltr'>generis</span> <span class='ocrx_word' id='word_1_269' title='bbox 385 2985 467 3034; x_wconf 84' lang='lat' dir='ltr'>verbis</span> <span class='ocrx_word' id='word_1_270' title='bbox 510 2984 632 3050; x_wconf 85' lang='lat' dir='ltr'>iungitur.</span> <span class='ocrx_word' id='word_1_271' title='bbox 700 2983 855 3052; x_wconf 79' lang='lat' dir='ltr'>hypallage.</span> 
     </span>
     <span class='ocr_line' id='line_1_33' title="bbox 152 3049 1204 3129; baseline 0.001 -28"><span class='ocrx_word' id='word_1_272' title='bbox 152 3067 178 3114; x_wconf 78' lang='lat' dir='ltr'>p.</span> <span class='ocrx_word' id='word_1_273' title='bbox 191 3055 252 3107; x_wconf 79' lang='grc'><strong>352.</strong></span> <span class='ocrx_word' id='word_1_274' title='bbox 268 3069 290 3101; x_wconf 83' lang='lat' dir='ltr'>a.</span> <span class='ocrx_word' id='word_1_275' title='bbox 305 3052 330 3101; x_wconf 97' lang='lat' dir='ltr'>b.</span> <span class='ocrx_word' id='word_1_276' title='bbox 666 3051 848 3113; x_wconf 81' lang='lat' dir='ltr'>Adiectivum,</span> <span class='ocrx_word' id='word_1_277' title='bbox 875 3049 907 3099; x_wconf 84' lang='lat' dir='ltr'>sd</span> <span class='ocrx_word' id='word_1_278' title='bbox 927 3051 1001 3129; x_wconf 72' lang='lat' dir='ltr'>plura</span> <span class='ocrx_word' id='word_1_279' title='bbox 1023 3050 1179 3103; x_wconf 70' lang='lat' dir='ltr'>substantiis</span> <span class='ocrx_word' id='word_1_280' title='bbox 1202 3075 1204 3080; x_wconf 39' lang='lat'>⁸</span> 
     </span>
     <span class='ocr_line' id='line_1_34' title="bbox 118 3118 1179 3187; baseline 0.003 -20"><span class='ocrx_word' id='word_1_281' title='bbox 118 3120 294 3168; x_wconf 74' lang='lat' dir='ltr'>Accusationis</span> <span class='ocrx_word' id='word_1_282' title='bbox 306 3118 470 3181; x_wconf 79' lang='lat' dir='ltr'>substantivI,</span> <span class='ocrx_word' id='word_1_283' title='bbox 487 3119 635 3187; x_wconf 87' lang='lat' dir='ltr'>plerumque</span> <span class='ocrx_word' id='word_1_284' title='bbox 700 3118 844 3185; x_wconf 87' lang='lat' dir='ltr'>pertinens,</span> <span class='ocrx_word' id='word_1_285' title='bbox 893 3118 975 3186; x_wconf 83' lang='lat' dir='ltr'>prrori</span> <span class='ocrx_word' id='word_1_286' title='bbox 1021 3120 1179 3170; x_wconf 83' lang='lat' dir='ltr'>substantivo</span> 
     </span>
     <span class='ocr_line' id='line_1_35' title="bbox 152 3184 1113 3254; baseline 0.004 -21"><span class='ocrx_word' id='word_1_287' title='bbox 152 3203 209 3234; x_wconf 89' lang='lat' dir='ltr'>cum</span> <span class='ocrx_word' id='word_1_288' title='bbox 232 3186 358 3236; x_wconf 83' lang='lat' dir='ltr'>adiectivo</span> <span class='ocrx_word' id='word_1_289' title='bbox 383 3187 546 3247; x_wconf 85' lang='lat' dir='ltr'>coniunctus,</span> <span class='ocrx_word' id='word_1_290' title='bbox 572 3195 634 3236; x_wconf 89' lang='lat' dir='ltr'>tan-</span> <span class='ocrx_word' id='word_1_291' title='bbox 719 3184 874 3252; x_wconf 83' lang='lat' dir='ltr'>rasponitur.</span> <span class='ocrx_word' id='word_1_292' title='bbox 891 3205 917 3254; x_wconf 88' lang='lat' dir='ltr'>p.</span> <span class='ocrx_word' id='word_1_293' title='bbox 933 3193 974 3245; x_wconf 90' lang='lat'>52.</span> <span class='ocrx_word' id='word_1_294' title='bbox 990 3187 1015 3236; x_wconf 93' lang='lat' dir='ltr'>b.</span> <span class='ocrx_word' id='word_1_295' title='bbox 1034 3191 1075 3244; x_wconf 85' lang='lat'>53.</span> <span class='ocrx_word' id='word_1_296' title='bbox 1092 3205 1113 3237; x_wconf 81' lang='lat' dir='ltr'>a.</span> 
     </span>
     <span class='ocr_line' id='line_1_36' title="bbox 153 3203 717 3321; baseline 0.004 -21"><span class='ocrx_word' id='word_1_297' title='bbox 153 3270 227 3318; x_wconf 83' lang='lat' dir='ltr'>quam</span> <span class='ocrx_word' id='word_1_298' title='bbox 244 3253 379 3321; x_wconf 91' lang='lat' dir='ltr'>appositio,</span> <span class='ocrx_word' id='word_1_299' title='bbox 396 3255 446 3303; x_wconf 87' lang='lat' dir='ltr'>toti</span> <span class='ocrx_word' id='word_1_300' title='bbox 461 3252 635 3304; x_wconf 82' lang='lat' dir='ltr'>enunciationi</span> <span class='ocrx_word' id='word_1_301' title='bbox 667 3203 717 3303; x_wconf 75' lang='lat' dir='ltr'>Ad</span> 
     </span>
     <span class='ocr_line' id='line_1_37' title="bbox 153 3320 1179 3388; baseline 0.004 -20"><span class='ocrx_word' id='word_1_302' title='bbox 153 3320 256 3370; x_wconf 81' lang='lat' dir='ltr'>additur</span> <span class='ocrx_word' id='word_1_303' title='bbox 278 3321 312 3369; x_wconf 82' lang='lat' dir='ltr'>ud</span> <span class='ocrx_word' id='word_1_304' title='bbox 335 3320 454 3370; x_wconf 89' lang='lat' dir='ltr'>iudicium</span> <span class='ocrx_word' id='word_1_305' title='bbox 475 3320 579 3388; x_wconf 84' lang='lat' dir='ltr'>aliquod</span> <span class='ocrx_word' id='word_1_306' title='bbox 602 3321 635 3370; x_wconf 82' lang='lat' dir='ltr'>da</span> <span class='ocrx_word' id='word_1_307' title='bbox 700 3320 873 3382; x_wconf 81' lang='lat' dir='ltr'>bewnndern,</span> <span class='ocrx_word' id='word_1_308' title='bbox 907 3322 966 3372; x_wconf 83' lang='lat' dir='ltr'>sicli</span> <span class='ocrx_word' id='word_1_309' title='bbox 995 3322 1179 3372; x_wconf 78' lang='lat' dir='ltr'>verwundem.</span> 
     </span>
     <span class='ocr_line' id='line_1_38' title="bbox 152 3387 842 3455; baseline 0.001 -20"><span class='ocrx_word' id='word_1_310' title='bbox 152 3387 306 3453; x_wconf 80' lang='lat' dir='ltr'>praegressis</span> <span class='ocrx_word' id='word_1_311' title='bbox 335 3388 415 3438; x_wconf 89' lang='lat' dir='ltr'>verbis</span> <span class='ocrx_word' id='word_1_312' title='bbox 440 3387 633 3455; x_wconf 83' lang='lat' dir='ltr'>designandum.</span> <span class='ocrx_word' id='word_1_313' title='bbox 720 3393 800 3444; x_wconf 70' lang='lat'>..312</span> <span class='ocrx_word' id='word_1_314' title='bbox 819 3406 842 3437; x_wconf 86' lang='lat' dir='ltr'>a.</span> 
     </span>
     <span class='ocr_line' id='line_1_39' title="bbox 152 3407 1266 3519; baseline 0.002 -15"><span class='ocrx_word' id='word_1_315' title='bbox 152 3472 178 3519; x_wconf 89' lang='lat' dir='ltr'>p.</span> <span class='ocrx_word' id='word_1_316' title='bbox 196 3460 251 3511; x_wconf 82' lang='lat'>130.</span> <span class='ocrx_word' id='word_1_317' title='bbox 267 3456 292 3504; x_wconf 95' lang='lat' dir='ltr'>b.</span> <span class='ocrx_word' id='word_1_318' title='bbox 311 3458 367 3512; x_wconf 84' lang='lat'>131.</span> <span class='ocrx_word' id='word_1_319' title='bbox 386 3473 409 3505; x_wconf 82' lang='lat' dir='ltr'>a.</span> <span class='ocrx_word' id='word_1_320' title='bbox 439 3467 443 3477; x_wconf 89' lang='grc'><strong>’</strong></span> <span class='ocrx_word' id='word_1_321' title='bbox 667 3407 808 3506; x_wconf 75' lang='lat' dir='ltr'>Admirati</span> <span class='ocrx_word' id='word_1_322' title='bbox 821 3455 899 3516; x_wconf 79' lang='lat' dir='ltr'>nihil,</span> <span class='ocrx_word' id='word_1_323' title='bbox 916 3455 987 3505; x_wconf 90' lang='lat' dir='ltr'>nulla</span> <span class='ocrx_word' id='word_1_324' title='bbox 999 3473 1028 3506; x_wconf 87' lang='lat' dir='ltr'>re</span> <span class='ocrx_word' id='word_1_325' title='bbox 1041 3456 1179 3507; x_wconf 85' lang='lat' dir='ltr'>vehemen-</span> <span class='ocrx_word' id='word_1_326' title='bbox 1264 3457 1266 3461; x_wconf 83' lang='grc'><strong>’</strong></span> 
     </span>
     <span class='ocr_line' id='line_1_40' title="bbox 118 3521 986 3590; baseline 0.005 -20"><span class='ocrx_word' id='word_1_327' title='bbox 118 3523 293 3571; x_wconf 82' lang='lat' dir='ltr'>Accusatinus</span> <span class='ocrx_word' id='word_1_328' title='bbox 310 3539 367 3570; x_wconf 86' lang='lat' dir='ltr'>eum</span> <span class='ocrx_word' id='word_1_329' title='bbox 381 3522 518 3588; x_wconf 82' lang='lat' dir='ltr'>infinitivo</span> <span class='ocrx_word' id='word_1_330' title='bbox 531 3521 558 3572; x_wconf 86' lang='lat' dir='ltr'>in</span> <span class='ocrx_word' id='word_1_331' title='bbox 574 3539 634 3572; x_wconf 88' lang='lat' dir='ltr'>ora·</span> <span class='ocrx_word' id='word_1_332' title='bbox 701 3532 741 3572; x_wconf 89' lang='lat' dir='ltr'>ter</span> <span class='ocrx_word' id='word_1_333' title='bbox 756 3522 831 3574; x_wconf 84' lang='lat' dir='ltr'>affici.</span> <span class='ocrx_word' id='word_1_334' title='bbox 848 3541 874 3590; x_wconf 91' lang='lat' dir='ltr'>p.</span> <span class='ocrx_word' id='word_1_335' title='bbox 888 3528 947 3581; x_wconf 82' lang='grc'><strong>218</strong></span> <span class='ocrx_word' id='word_1_336' title='bbox 964 3542 986 3574; x_wconf 90' lang='lat' dir='ltr'>a.</span> 
     </span>
     <span class='ocr_line' id='line_1_41' title="bbox 153 3588 1113 3659; baseline 0.007 -23"><span class='ocrx_word' id='word_1_337' title='bbox 153 3588 223 3639; x_wconf 89' lang='lat' dir='ltr'>tione</span> <span class='ocrx_word' id='word_1_338' title='bbox 254 3589 358 3640; x_wconf 72' lang='lat' dir='ltr'>allectus</span> <span class='ocrx_word' id='word_1_339' title='bbox 389 3591 429 3638; x_wconf 87' lang='lat' dir='ltr'>vel</span> <span class='ocrx_word' id='word_1_340' title='bbox 460 3588 634 3641; x_wconf 86' lang='lat' dir='ltr'>admirationis</span> <span class='ocrx_word' id='word_1_341' title='bbox 666 3589 787 3642; x_wconf 86' lang='lat' dir='ltr'>Adulare</span> <span class='ocrx_word' id='word_1_342' title='bbox 801 3590 954 3656; x_wconf 84' lang='lat' dir='ltr'>sanguinem.</span> <span class='ocrx_word' id='word_1_343' title='bbox 975 3609 1002 3659; x_wconf 89' lang='lat' dir='ltr'>p.</span> <span class='ocrx_word' id='word_1_344' title='bbox 1015 3594 1072 3649; x_wconf 84' lang='lat'>161.</span> <span class='ocrx_word' id='word_1_345' title='bbox 1090 3610 1113 3643; x_wconf 89' lang='lat' dir='ltr'>a.</span> 
     </span>
     <span class='ocr_line' id='line_1_42' title="bbox 152 3655 1095 3727; baseline 0.004 -22"><span class='ocrx_word' id='word_1_346' title='bbox 152 3655 238 3724; x_wconf 84' lang='lat' dir='ltr'>plena.</span> <span class='ocrx_word' id='word_1_347' title='bbox 255 3676 281 3724; x_wconf 92' lang='lat' dir='ltr'>p.</span> <span class='ocrx_word' id='word_1_348' title='bbox 300 3661 357 3714; x_wconf 88' lang='grc'><strong>126.</strong></span> <span class='ocrx_word' id='word_1_349' title='bbox 374 3675 397 3706; x_wconf 89' lang='lat' dir='ltr'>a.</span> <span class='ocrx_word' id='word_1_350' title='bbox 411 3658 437 3707; x_wconf 93' lang='lat' dir='ltr'>b.</span> <span class='ocrx_word' id='word_1_351' title='bbox 458 3657 486 3706; x_wconf 92' lang='lat' dir='ltr'>in</span> <span class='ocrx_word' id='word_1_352' title='bbox 505 3656 634 3708; x_wconf 83' lang='lat' dir='ltr'>exclama·</span> <span class='ocrx_word' id='word_1_353' title='bbox 666 3657 832 3709; x_wconf 86' lang='lat' dir='ltr'>Adumbrata</span> <span class='ocrx_word' id='word_1_354' title='bbox 847 3658 939 3724; x_wconf 84' lang='lat' dir='ltr'>imago.</span> <span class='ocrx_word' id='word_1_355' title='bbox 956 3677 982 3727; x_wconf 89' lang='lat' dir='ltr'>p.</span> <span class='ocrx_word' id='word_1_356' title='bbox 998 3663 1055 3718; x_wconf 84' lang='lat'>198.</span> <span class='ocrx_word' id='word_1_357' title='bbox 1071 3660 1095 3709; x_wconf 94' lang='lat' dir='ltr'>b.</span> 
     </span>
     <span class='ocr_line' id='line_1_43' title="bbox 100 3722 1182 3791; baseline 0.004 -17"><span class='ocrx_word' id='word_1_358' title='bbox 100 3762 104 3774; x_wconf 88' lang='lat'>.</span> <span class='ocrx_word' id='word_1_359' title='bbox 153 3722 231 3774; x_wconf 86' lang='lat' dir='ltr'>tione.</span> <span class='ocrx_word' id='word_1_360' title='bbox 250 3743 274 3791; x_wconf 87' lang='lat' dir='ltr'>p.</span> <span class='ocrx_word' id='word_1_361' title='bbox 292 3728 347 3782; x_wconf 87' lang='grc'><strong>158.</strong></span> <span class='ocrx_word' id='word_1_362' title='bbox 363 3725 389 3774; x_wconf 93' lang='lat' dir='ltr'>b.</span> <span class='ocrx_word' id='word_1_363' title='bbox 407 3729 463 3782; x_wconf 89' lang='lat'>159.</span> <span class='ocrx_word' id='word_1_364' title='bbox 480 3741 502 3774; x_wconf 84' lang='lat' dir='ltr'>a.</span> <span class='ocrx_word' id='word_1_365' title='bbox 667 3724 804 3776; x_wconf 79' lang='lat' dir='ltr'>Adverbia</span> <span class='ocrx_word' id='word_1_366' title='bbox 826 3725 853 3775; x_wconf 92' lang='lat' dir='ltr'>in</span> <span class='ocrx_word' id='word_1_367' title='bbox 878 3737 961 3776; x_wconf 84' lang='lat' dir='ltr'>-nter</span> <span class='ocrx_word' id='word_1_368' title='bbox 983 3728 1117 3787; x_wconf 82' lang='lat' dir='ltr'>exeuntia,</span> <span class='ocrx_word' id='word_1_369' title='bbox 1152 3739 1182 3778; x_wconf 90' lang='lat' dir='ltr'>ut</span> 
     </span>
     <span class='ocr_line' id='line_1_44' title="bbox 119 3792 999 3860; baseline 0.003 -20"><span class='ocrx_word' id='word_1_370' title='bbox 119 3793 296 3841; x_wconf 73' lang='lat' dir='ltr'>Accusationis</span> <span class='ocrx_word' id='word_1_371' title='bbox 328 3800 385 3840; x_wconf 80' lang='lat' dir='ltr'>cant</span> <span class='ocrx_word' id='word_1_372' title='bbox 416 3792 553 3856; x_wconf 82' lang='lat' dir='ltr'>infinitivo</span> <span class='ocrx_word' id='word_1_373' title='bbox 586 3809 634 3860; x_wconf 89' lang='lat' dir='ltr'>pro</span> <span class='ocrx_word' id='word_1_374' title='bbox 700 3805 829 3843; x_wconf 84' lang='lat' dir='ltr'>amanter.</span> <span class='ocrx_word' id='word_1_375' title='bbox 846 3811 873 3860; x_wconf 90' lang='lat' dir='ltr'>p.</span> <span class='ocrx_word' id='word_1_376' title='bbox 887 3797 946 3852; x_wconf 86' lang='grc'><strong>278.</strong></span> <span class='ocrx_word' id='word_1_377' title='bbox 963 3792 999 3844; x_wconf 82' lang='lat' dir='ltr'>a.&#39;</span> 
     </span>
     <span class='ocr_line' id='line_1_45' title="bbox 152 3857 1181 3927; baseline 0.005 -20"><span class='ocrx_word' id='word_1_378' title='bbox 152 3858 262 3925; x_wconf 87' lang='lat' dir='ltr'>simplici</span> <span class='ocrx_word' id='word_1_379' title='bbox 274 3857 399 3909; x_wconf 86' lang='lat' dir='ltr'>infinitivo</span> <span class='ocrx_word' id='word_1_380' title='bbox 412 3870 471 3927; x_wconf 90' lang='lat' dir='ltr'>post</span> <span class='ocrx_word' id='word_1_381' title='bbox 485 3859 562 3908; x_wconf 83' lang='lat' dir='ltr'>verba</span> <span class='ocrx_word' id='word_1_382' title='bbox 575 3872 634 3908; x_wconf 85' lang='lat' dir='ltr'>stn—</span> <span class='ocrx_word' id='word_1_383' title='bbox 668 3859 804 3911; x_wconf 73' lang='lat' dir='ltr'>Aduerbia</span> <span class='ocrx_word' id='word_1_384' title='bbox 815 3861 842 3910; x_wconf 90' lang='lat' dir='ltr'>in</span> <span class='ocrx_word' id='word_1_385' title='bbox 854 3860 995 3912; x_wconf 85' lang='lat' dir='ltr'>sententiae</span> <span class='ocrx_word' id='word_1_386' title='bbox 1004 3861 1116 3912; x_wconf 84' lang='lat' dir='ltr'>clausula</span> <span class='ocrx_word' id='word_1_387' title='bbox 1125 3879 1181 3912; x_wconf 91' lang='lat' dir='ltr'>oum</span> 
     </span>
     <span class='ocr_line' id='line_1_46' title="bbox 153 3925 1067 3996; baseline 0.003 -21"><span class='ocrx_word' id='word_1_388' title='bbox 153 3926 195 3975; x_wconf 87' lang='lat' dir='ltr'>dii</span> <span class='ocrx_word' id='word_1_389' title='bbox 216 3936 243 3975; x_wconf 83' lang='lat' dir='ltr'>et</span> <span class='ocrx_word' id='word_1_390' title='bbox 266 3926 410 3986; x_wconf 85' lang='lat' dir='ltr'>desiderii,</span> <span class='ocrx_word' id='word_1_391' title='bbox 436 3936 478 3976; x_wconf 88' lang='lat' dir='ltr'>ut:</span> <span class='ocrx_word' id='word_1_392' title='bbox 501 3926 636 3977; x_wconf 86' lang='lat' dir='ltr'>benefacta</span> <span class='ocrx_word' id='word_1_393' title='bbox 701 3925 727 3977; x_wconf 91' lang='lat' dir='ltr'>vi</span> <span class='ocrx_word' id='word_1_394' title='bbox 742 3928 835 3996; x_wconf 85' lang='lat' dir='ltr'>posita.</span> <span class='ocrx_word' id='word_1_395' title='bbox 852 3947 878 3996; x_wconf 94' lang='lat' dir='ltr'>p.</span> <span class='ocrx_word' id='word_1_396' title='bbox 893 3933 934 3987; x_wconf 84' lang='grc'><strong>73.</strong></span> <span class='ocrx_word' id='word_1_397' title='bbox 947 3928 972 3978; x_wconf 95' lang='lat' dir='ltr'>b.</span> <span class='ocrx_word' id='word_1_398' title='bbox 988 3930 1029 3987; x_wconf 84' lang='lat'>74.</span> <span class='ocrx_word' id='word_1_399' title='bbox 1045 3945 1067 3978; x_wconf 84' lang='lat' dir='ltr'>a.</span> 
     </span>
     <span class='ocr_line' id='line_1_47' title="bbox 153 3993 1180 4064; baseline 0.005 -23"><span class='ocrx_word' id='word_1_400' title='bbox 153 3993 179 4042; x_wconf 87' lang='lat' dir='ltr'>in</span> <span class='ocrx_word' id='word_1_401' title='bbox 216 3993 272 4042; x_wconf 89' lang='lat' dir='ltr'>luce</span> <span class='ocrx_word' id='word_1_402' title='bbox 306 4011 335 4042; x_wconf 90' lang='lat' dir='ltr'>se</span> <span class='ocrx_word' id='word_1_403' title='bbox 373 3993 496 4043; x_wconf 83' lang='lat' dir='ltr'>collocari</span> <span class='ocrx_word' id='word_1_404' title='bbox 536 3994 634 4044; x_wconf 85' lang='lat' dir='ltr'>volunt.</span> <span class='ocrx_word' id='word_1_405' title='bbox 668 3998 758 4064; x_wconf 79' lang='lat' dir='ltr'>Aegre</span> <span class='ocrx_word' id='word_1_406' title='bbox 782 3993 876 4063; x_wconf 72' lang='lat' dir='ltr'>ferr‘e,</span> <span class='ocrx_word' id='word_1_407' title='bbox 915 3995 1075 4062; x_wconf 81' lang='lat' dir='ltr'>aegritudine</span> <span class='ocrx_word' id='word_1_408' title='bbox 1107 3995 1180 4047; x_wconf 81' lang='lat' dir='ltr'>affici.</span> 
     </span>
    </p>
   </div>
   <div class='ocr_carea' id='block_1_6' title="bbox 153 4061 841 4129">
    <p class='ocr_par' dir='ltr' id='par_1_6' title="bbox 153 4061 841 4129">
     <span class='ocr_line' id='line_1_48' title="bbox 153 4061 841 4129; baseline -0.009 -11"><span class='ocrx_word' id='word_1_409' title='bbox 153 4079 179 4127; x_wconf 80' lang='lat' dir='ltr'>p.</span> <span class='ocrx_word' id='word_1_410' title='bbox 195 4064 251 4118; x_wconf 77' lang='lat' dir='ltr'>rsa.</span> <span class='ocrx_word' id='word_1_411' title='bbox 269 4061 295 4110; x_wconf 82' lang='lat' dir='ltr'>b.</span> <span class='ocrx_word' id='word_1_412' title='bbox 315 4065 371 4118; x_wconf 81' lang='lat'>187.</span> <span class='ocrx_word' id='word_1_413' title='bbox 388 4079 410 4111; x_wconf 72' lang='lat' dir='ltr'>a.</span> <span class='ocrx_word' id='word_1_414' title='bbox 701 4080 728 4129; x_wconf 82' lang='lat' dir='ltr'>p.</span> <span class='ocrx_word' id='word_1_415' title='bbox 742 4067 801 4120; x_wconf 85' lang='lat'>211.</span> <span class='ocrx_word' id='word_1_416' title='bbox 815 4063 841 4114; x_wconf 80' lang='grc'><strong>1.</strong></span> 
     </span>
    </p>
   </div>
   <div class='ocr_carea' id='block_1_7' title="bbox 119 4120 982 4199">
    <p class='ocr_par' dir='ltr' id='par_1_7' title="bbox 119 4120 982 4199">
     <span class='ocr_line' id='line_1_49' title="bbox 119 4120 982 4199; baseline 0.002 -21"><span class='ocrx_word' id='word_1_417' title='bbox 119 4129 295 4178; x_wconf 80' lang='lat' dir='ltr'>Accusativns</span> <span class='ocrx_word' id='word_1_418' title='bbox 320 4130 452 4179; x_wconf 81' lang='lat' dir='ltr'>nantinnm</span> <span class='ocrx_word' id='word_1_419' title='bbox 482 4127 583 4180; x_wconf 82' lang='lat' dir='ltr'>urbium</span> <span class='ocrx_word' id='word_1_420' title='bbox 611 4141 636 4178; x_wconf 82' lang='lat' dir='ltr'>et</span> <span class='ocrx_word' id='word_1_421' title='bbox 670 4130 825 4199; x_wconf 82' lang='lat' dir='ltr'>Aegritado.</span> <span class='ocrx_word' id='word_1_422' title='bbox 842 4147 869 4198; x_wconf 90' lang='lat' dir='ltr'>p.</span> <span class='ocrx_word' id='word_1_423' title='bbox 884 4120 943 4190; x_wconf 74' lang='lat'>253.</span> <span class='ocrx_word' id='word_1_424' title='bbox 959 4148 982 4183; x_wconf 81' lang='lat' dir='ltr'>a.</span> 
     </span>
    </p>
   </div>
   <div class='ocr_carea' id='block_1_8' title="bbox 0 0 1324 4626">
    <p class='ocr_par' dir='ltr' id='par_1_8' title="bbox 0 0 1324 4626">
     <span class='ocr_line' id='line_1_50' title="bbox 0 0 1324 4626; baseline 0 0"><span class='ocrx_word' id='word_1_425' title='bbox 0 0 1324 4626; x_wconf 95' lang='lat' dir='ltr'> </span> 
     </span>
    </p>
   </div>
   <div class='ocr_carea' id='block_1_9' title="bbox 712 3253 1262 3320">
    <p class='ocr_par' dir='ltr' id='par_1_9' title="bbox 712 3253 1262 3320">
     <span class='ocr_line' id='line_1_51' title="bbox 712 3253 1262 3320; baseline 0.005 -18"><span class='ocrx_word' id='word_1_426' title='bbox 712 3254 808 3302; x_wconf 81' lang='lat' dir='ltr'>mirari</span> <span class='ocrx_word' id='word_1_427' title='bbox 849 3253 944 3320; x_wconf 90' lang='lat' dir='ltr'>duplici</span> <span class='ocrx_word' id='word_1_428' title='bbox 988 3254 1179 3320; x_wconf 84' lang='lat' dir='ltr'>significatione,</span> <span class='ocrx_word' id='word_1_429' title='bbox 1258 3277 1262 3285; x_wconf 94' lang='lat'>·</span> 
     </span>
    </p>
   </div>
  </div>
 </body>
</html>
