2640 4626
207 180 269 251 192
451 172 1033 246 rosconmanuu-nrsroranoumr

206 309 277 384 dixi
296 336 367 384 esse
381 307 589 399 firmandam,
615 310 652 383 in
669 309 759 383 omni
777 337 897 408 genere
913 338 949 384 se
964 303 1170 410 aequabilem
1187 337 1288 410 prae-

205 413 291 486 beat.
333 413 450 512 Saepe
466 412 554 485 enim
568 411 681 501 multi,
707 410 765 512 qui
784 428 840 485 aut
855 429 995 512 propter
1010 412 1168 486 victoriae
1189 413 1286 513 cupi-

206 515 360 604 ditatem,
387 531 444 587 aut
459 531 598 615 propter
612 515 753 612 gloriam
765 523 806 602 ⁷,
832 531 888 586 aut
906 515 1004 588 etiam
1016 531 1053 586 ut
1064 515 1117 588 ius
1131 543 1234 595 suum
1253 531 1285 589 et

206 617 391 691 libertatem
400 633 558 706 tenerent,
572 616 706 690 volnera
720 633 919 716 excepemnt
932 615 1062 695 sortiter
1079 633 1110 691 et
1124 616 1284 707 tulerunt,

207 720 311 794 iidem
336 719 460 793 omissa
486 718 697 793 contentione
719 717 868 793 dolorem
885 719 994 792 morbi
1010 719 1098 793 ferre
1113 747 1185 797 non
1201 747 1283 820 pos·

207 839 292 898 sunt.
325 847 433 922 neque
468 822 556 895 enim
588 821 700 909 illum,
725 849 822 921 quem
846 819 942 900 facile
964 821 1124 910 tulerant,
1149 823 1282 896 ratione

206 941 262 998 aut
280 923 443 1024 sapientia
462 923 621 1012 tulerant,
646 923 707 997 sed
723 923 834 996 studio
851 923 964 1022 potius
980 940 1012 996 et
1028 923 1142 1022 gloria.
1169 923 1299 1025 itaque·

204 1026 341 1100 barbari
357 1026 493 1126 quidam
512 1043 544 1099 ct
559 1027 720 1099 immanes
736 1026 824 1116 ferro
844 1025 1010 1100 decertare
1025 1025 1186 1100 acerrime
1200 1055 1279 1127 pos-

205 1146 300 1216 sunt,
326 1145 495 1227 aegrotare
513 1127 650 1201 viriliter
662 1156 731 1200 non
745 1144 877 1227 queunt.
929 1127 1049 1201 Gracci
1064 1145 1193 1216 autem,
1220 1129 1279 1201 ho·

204 1232 311 1304 mines
338 1236 436 1304 non8
457 1231 537 1303 satis
553 1231 711 1317 animosi,
737 1230 937 1341 prudentes,
962 1246 1000 1303 ut
1015 1247 1064 1304 est
1082 1247 1202 1330 eaptus
1217 1231 1278 1304 ho-

206 1333 353 1422 minum,
386 1333 485 1421 satis,
509 1333 639 1431 hostem
676 1332 848 1432 adspicere
883 1360 953 1405 non
985 1349 1147 1432 possunt·;
1175 1333 1277 1407 iidem

205 1436 341 1509 morbos
358 1434 536 1508 toleranter
554 1452 650 1535 atque
664 1434 807 1508 humane
821 1434 941 1507 ferunt.
967 1451 1000 1506 at
1010 1433 1139 1508 Cimbri
1155 1451 1188 1509 et
1206 1433 1277 1509 Cel-

203 1538 303 1612 tiberi
327 1538 361 1610 in
383 1536 521 1638 procliis
538 1536 716 1624 exsultant,
742 1535 961 1610 lamentantur
974 1537 1010 1609 in
1025 1537 1167 1612 morbo:
1194 1536 1277 1610 nihil

204 1641 293 1715 enim
325 1655 435 1739 potest
471 1667 543 1713 esse
567 1637 756 1740 aequabile,
783 1638 874 1740 quod
895 1665 965 1713 non
989 1667 1010 1712 a
1037 1656 1124 1713 certa
1148 1640 1277 1714 ratione

201 1742 440 1843 proficiscatur.

305 1853 362 1923 66.
388 1843 457 1917 Sed
482 1871 584 1943 quum
608 1842 741 1931 videas,
767 1871 841 1931 eos,
868 1841 932 1942 qui'
948 1854 1045 1943 quo⁹
1072 1858 1129 1916 aut
1153 1844 1276 1931 studio,

204 1962 259 2018 aut
269 1940 427 2046 opinione
438 1946 609 2034 ducantur,
626 1946 661 2019 in
670 1975 709 2019 eo
723 1944 952 2046 persequendo
971 1962 1069 2044 atque
1086 1945 1276 2046 adipiscen-

202 2048 265 2135 do,
292 2047 406 2122 dolore
431 2077 501 2120 non
524 2048 651 2147 frangi:
679 2048 800 2121 debeas
819 2046 1020 2135 existimare,
1046 2063 1102 2119 aut
1119 2077 1191 2121 nou
1206 2077 1274 2122 esse

202 2149 325 2223 malum
361 2149 527 2245 dolorem;
552 2162 627 2238 a'ut,
653 2150 800 2237 etiamsi,
827 2149 991 2249 quidquid
1016 2177 1173 2249 asperum
1200 2149 1274 2224 alie-

201 2280 348 2351 numque
371 2270 488 2326 natura
509 2253 569 2341 sit,
596 2253 631 2325 id
658 2251 818 2352 appellari
842 2251 970 2352 placeat
997 2251 1141 2341 malum,
1165 2269 1274 2326 tantu-

202 2352 270 2426 lum
297 2371 408 2428 tamen
433 2381 520 2444 esse,
546 2372 583 2426 ut
605 2384 623 2428 a
643 2355 762 2428 virtute
784 2354 829 2426 ita
857 2354 1033 2441 obruatur,
1056 2371 1093 2426 ut
1108 2383 1272 2455 nusquam

204 2474 370 2558 appareat.
423 2457 519 2553 Quae
536 2457 705 2546 meditare,
730 2484 873 2555 quaeso,
900 2456 971 2529 dies
987 2456 1150 2529 et'noctis.
1176 2456 1272 2531 latius

201 2561 290 2634 enim
314 2560 463 2633 manabit
490 2560 571 2633 haee
595 2559 698 2647 ratio,
724 2575 756 2632 ct
778 2558 945 2658 aliquanto
967 2556 1128 2634 maiorem
1151 2559 1274 2650 locunt,

270 2753 287 2805 7
302 2745 344 2796 sie
359 2746 404 2797 W.
423 2744 455 2794 de
473 2744 540 2795 coni.
558 2746 605 2795 Da.
622 2773 656 2783 —
673 2745 732 2796 Em.
751 2763 773 2796 c.
793 2743 863 2810 vulg.
879 2744 984 2815 gloriae
1000 2761 1123 2795 amorem.
1141 2774 1177 2785 -
1196 2747 1272 2798 Recte

201 2815 244 2863 Or.
272 2832 294 2864 c.
319 2815 351 2863 tt.
375 2814 400 2862 b.
429 2811 510 2863 Codd.
534 2812 637 2883 plerisq.
655 2813 737 2864 VML.
755 2811 822 2861 Lall.
837 2825 946 2881 propter
968 2812 1087 2882 gloriae,
1107 2824 1155 2862 out
1172 2824 1225 2865 etc.
1256 2818 1272 2871 8

200 2880 243 2930 sic
261 2898 283 2931 c.
300 2881 345 2930 W.
363 2879 507 2946 interpunx.
525 2882 567 2929 Or.
585 2879 661 2929 Male.
679 2883 771 2945 Iunge:
798 2880 896 2930 Graeci
910 2880 1044 2930 homines:
1070 2880 1140 2947 quod
1155 2893 1270 2932 contem-

200 2948 266 3015 ptim
283 2946 378 2996 dictum
396 2956 442 2996 est.
477 2950 494 3003 9
511 2947 551 2995 Sic
563 2947 608 2999 W.
618 2946 650 2996 de
668 2949 728 2996 Ern.
746 2946 811 2997 coni.
830 2946 943 2999 eVatic.
960 2947 1018 2998 ubi:
1034 2947 1132 3014 videas
1146 2965 1202 3017 quo
1217 2950 1272 3019 quie

201 3026 248 3064 aut
261 3025 294 3062 at.
312 3042 346 3052 -
363 3014 483 3063 ducatur.
501 3016 543 3064 Or.
563 3030 584 3064 c.
600 3013 668 3079 vulg.
687 3030 736 3083 quo
753 3013 824 3064 omis.
842 3015 930 3065 Recte.

252 3113 312 3162 Can.
328 3113 438 3165 XXVII.
455 3117 497 3171 65.
522 3125 551 3163 ut
566 3125 608 3163 est
624 3126 719 3184 eaptus
751 3114 897 3177 moderato,
916 3115 953 3165 uti
968 3113 1096 3166 hominem
1111 3113 1201 3168 decet.
1233 3116 1270 3168 stc

201 3180 347 3245 hominum)
372 3182 404 3229 H.
420 3198 442 3230 e.
459 3195 506 3247 pro
522 3181 635 3243 ratione,
653 3199 718 3233 con·
745 3183 855 3232 ‘Terent
873 3181 982 3249 Adelph.
999 3185 1019 3232 1.
1036 3188 1068 3244 2,
1083 3186 1126 3240 65.
1150 3186 1203 3234 vix
1224 3184 1270 3235 Ιιιι-

201 3248 299 3297 ditione
324 3252 412 3314 captui
432 3247 569 3298 hominum.
605 3249 646 3299 Sic
663 3249 718 3299 Te·
751 3267 829 3299 mane
838 3251 959 3328 patitur:
976 3249 1020 3300 ubi
1035 3267 1057 3300 r.
1074 3249 1219 3302 Ruhnken:
1234 3252 1271 3302 Sic

199 3315 296 3367 rentius
309 3314 417 3381 Adelph.
432 3316 476 3364 111.
490 3317 521 3378 4,
539 3317 581 3374 34.
599 3316 643 3366 hic
652 3318 719 3367 Geta
752 3319 845 3368 Graeci
858 3316 947 3366 dicunt
969 3314 1160 3385 ἀνθρωπίνως
1178 3318 1217 3387 φὲ
1234 3336 1271 3372 ειν

200 3385 342 3444 Praeterea,
360 3393 390 3431 ut
401 3386 489 3448 c'aptus
502 3383 657 3433 servulorum
670 3394 718 3447 est,
752 3401 775 3434 v.
792 3402 813 3434 c.
832 3383 883 3444 τὰς
896 3383 997 3453 τύχας,
1015 3387 1048 3437 τὸ
1064 3337 1255 3455 υνμβεβηκὲς.

200 3468 254 3502 non
268 3450 349 3500 malus
361 3450 451 3516 Neque
464 3449 538 3500 iners.
556 3451 626 3501 Caes.
643 3453 671 3500 B.
684 3452 716 3501 G.
801 3450 900 3501 Cimbri
914 3464 941 3501 et
955 3451 1092 3518 Celtiberi)
1110 3453 1202 3504 Valet.
1214 3454 1270 3504 Me·

200 3520 251 3580 IV,
268 3523 292 3576 3.
320 3534 426 3584 qnorum
443 3518 491 3584 (sc.
510 3517 645 3583 Ubiorum)
669 3518 719 3568 fuit
750 3518 810 3569 xim.
833 3520 865 3568 ΙΙ.
886 3523 917 3581 6,
943 3523 984 3577 11.
1017 3519 1117 3569 Alacris
1143 3529 1174 3570 et
1199 3520 1269 3572 sortis

200 3584 290 3636 civitas
307 3585 391 3652 ampla
409 3595 486 3652 atque
501 3585 609 3647 florens,
634 3596 663 3635 ut
679 3595 720 3636 est
752 3586 907 3639 Cimbrorum
924 3596 951 3634 et
966 3585 1169 3651 Celtiberorum,
1187 3589 1270 3656 quiin

201 3662 290 3719 captus
305 3653 494 3702 Germanorum.
510 3652 552 3702 ubi
568 3670 591 3702 v.
605 3655 716 3718 Herzog.
750 3654 805 3703 acie
820 3651 994 3715 exsultabant,
1019 3663 1142 3720 tanquam
1160 3654 1269 3721 gloriose

202 3738 227 3786 p.
243 3719 304 3776 204.
330 3720 433 3770 Terent.
450 3719 558 3786 Adelph.
573 3722 616 3769 111.
631 3726 657 3780 3,
673 3725 715 3778 35.
751 3730 778 3770 et
791 3721 900 3770 feliciter
915 3721 968 3770 vita
982 3721 1122 3771 excessuri:
1141 3721 1270 3773 lementa-

199 3790 234 3837 D.
259 3786 323 3847 eho,
356 3805 388 3837 an
414 3797 453 3836 est
475 3786 544 3835 domi
566 3786 716 3837 habiturus?
750 3787 842 3837 bantur
858 3787 883 3836 iu
900 3787 1004 3849 morbo,
1030 3787 1103 3866 quasi
1118 3790 1268 3858 turpiteret

130 3904 136 3919 ἱ
200 3854 252 3902 SY.
270 3854 361 3904 credo:
379 3866 408 3904 ut
423 3865 463 3902 est
476 3855 624 3902 Dementia.
656 3856 716 3905 Ma·
749 3854 926 3904 miserabiliter
941 3855 1055 3921 peritum.

200 3918 267 3972 xime
282 3919 447 3973 autem'iltud
461 3932 490 3969 ut
504 3920 558 3970 siue
572 3921 649 3971 verbo
664 3939 716 3988 po·
798 3927 839 3978 66.
866 3922 1004 3989 aliquanto
1023 3923 1174 3991 maiorem)
1197 3926 1231 3975 Η.
1247 3941 1266 3975 e.

199 3988 283 4051 nitur,
309 3989 346 4039 ite
362 3998 392 4040 ut
408 3986 435 4036 id
452 4003 483 4036 ex
507 3988 628 4038 orationis
649 4007 716 4038 nexu
748 3989 829 4038 multo
844 3988 972 4038 maiorem.
1007 3990 1156 4058 Aliquanto
1172 4002 1200 4042 et
1215 3992 1266 4042 ati-

199 4056 368 4171 soppleudupr
385 4053 446 4131 εἰῐεΙ
459 4053 491 4103 de
508 4072 559 4170 quo
577 4073 715 4133 usu'supra
748 4068 874 4134 quamtum
912 4056 1125 4173 sigrgilicatiouem
1175 4059 1267 4110 habent

199 4124 491 4259 ³dsi.3.’...¹.3's⁰5.¹'ii{i
522 4132 714 4241 iiluivffiii.
748 4139 828 4240 Atti.
843 4135 1155 4267 tt,.tt...¹.¹¹⁰.t⁰.,t¹ffl
1169 4142 1265 4245 dffii
