2640 4626
130 209 193 277 966
376 217 657 268 ruscuunuantnu
674 217 952 271 orseurnrrouurs

129 336 297 420 scribunt,
324 351 359 405 ut
381 335 622 406 malivolentia
648 334 691 406 sit
716 314 868 435 voluptas
894 365 931 410 er
957 335 1045 409 nralo
1069 335 1199 410 alterius

129 440 200 512 sine
218 436 437 512 corolumento
466 466 545 511 suo:
573 437 776 523 delectatio,
803 438 955 538 voluptas
968 438 1129 537 suavitate
1145 468 1200 513 au-

130 542 219 614 ditus
236 540 381 611 animum
400 537 586 612 deleniens:
615 556 646 612 et
663 539 771 638 qualis
786 556 837 613 est
854 541 935 615 haec
950 541 1095 628 aurium,
1120 540 1198 616 tales

129 660 205 714 sunt
226 642 394 715 oculorum
417 657 447 713 et
470 642 650 713 tactionum
669 659 701 715 et
723 642 955 715 odorationum
972 660 1004 717 et
1021 671 1199 743 saporum3

130 760 300 844 quaesunt
313 771 428 816 onmes
444 743 543 815 unius
559 744 689 841 generis
708 744 750 817 ad
768 745 1033 844 perfundendum
1053 745 1198 819 animum

129 866 295 947 tamquam
328 845 546 944 illiquefactae
575 845 766 946 voluptates.
797 850 945 921 iactatio
973 864 1023 923 est
1047 846 1199 949 voluptas

128 950 290 1050 gestiens,
317 965 402 1021 etse
422 947 561 1021 efferens
579 949 783 1023 insolentius.

128 1153 295 1240 finiunt⁸,
320 1156 437 1225 utica
461 1153 504 1225 sit
528 1152 635 1226 libido
664 1153 843 1253 poeniendi
861 1153 948 1241 eius,
974 1152 1033 1252 qui
1050 1153 1197 1229 videatur

127 1255 271 1330 laesisse
284 1256 423 1329 iniuria:
450 1255 747 1328 excandescentia
763 1273 871 1329 autem
887 1257 930 1329 sit
944 1256 995 1329 ira
1009 1284 1154 1330 nascens
1168 1272 1196 1331 et

126 1358 229 1432 motio
255 1358 433 1444 exsistens,
469 1386 553 1456 quae
580 1359 703 1457 sapt&
735 1358 860 1431 Graece
890 1358 1027 1432 dicitur:
1064 1358 1194 1445 adcisa,

125 1459 176 1534 ira
198 1461 393 1536 inveterata:
420 1462 626 1547 inimicitia,
652 1461 702 1533 ira
728 1460 909 1535 ulciscendi
931 1476 1065 1561 tempus
1086 1461 1195 1535 obser-

57 1642 60 1649 ,
127 1592 224 1638 vans:
251 1562 448 1648 discordia,
475 1562 523 1634 ira
553 1562 721 1651 acerbior,
746 1564 864 1636 intimo
881 1565 980 1664 [odio
995 1565 1082 1738 etz}
1100 1563 1193 1637 corde

127 1683 284 1766 concepta
294 1695 308 1737 :¹
335 1664 553 1760 indigentia,
580 1663 685 1739 libido
718 1665 943 1766 inexplebilis:
970 1665 1052 1738 desi
1076 1669 1191 1751 eciem,

50 1772 54 1779 '
126 1768 232 1842 libido
269 1767 356 1855 eius,
382 1767 439 1865 qui
471 1766 620 1839 noudum
649 1768 755 1853 adsit,
782 1768 925 1842 videndi.
975 1767 1191 1867 Distinguunt

127 1871 244 1958 etiam,
270 1867 352 1943 illud
376 1875 439 1942 ut²
467 1868 509 1941 sit
530 1868 636 1943 libido
655 1896 766 1945 earum
783 1899 910 1958 rerum,
936 1898 1020 1970 quae
1041 1870 1191 1944 dicuntur

192 2039 267 2100 &Sic
290 2043 352 2098 01¹.
379 2049 406 2089 et
426 2037 537 2107 pleraoq.
563 2038 629 2089 add.
653 2049 716 2091 vett.
734 2066 769 2080 -
783 2041 842 2091 Ero.
868 2057 890 2090 c.
911 2037 992 2089 codd.
1017 2037 1127 2107 plerisq.
1144 2039 1188 2089 ΡΥ.

126 2106 291 2160 Gebh.1.all.
316 2107 488 2173 definiuntur.
540 2105 615 2164 9Sic
631 2107 675 2158 W.
701 2108 734 2158 dc
750 2107 837 2177 steph.
860 2116 886 2157 et
909 2106 1032 2158 Valcken.
1063 2106 1189 2167 mantia

126 2194 173 2227 uec
193 2176 244 2226 elia
267 2191 331 2226 voce
355 2192 412 2223 ersus
428 2184 467 2224 cst
484 2173 569 2223 Laert.
587 2174 643 2225 vu.
661 2178 720 2233 114.
738 2178 773 2225 At
787 2184 859 2226 rocta
876 2177 918 2225 Or.
938 2192 959 2224 o.
978 2175 1038 2224 Em.
1057 2173 1128 2241 vulg.
1144 2171 1189 2226 ii·

124 2258 210 2311 μωσις
231 2241 322 2304 retia,
339 2241 428 2292 vocab.
446 2238 573 2305 &danaae
590 2240 771 2313 Chrysippeum
791 2259 845 2293 esse
857 2251 970 2321 putans,
988 2239 1102 2308 ideoque
1116 2258 1189 2291 nova-

126 2321 194 2374 tum,
212 2329 244 2361 ue
272 2308 469 2361 confunderetur
483 2307 546 2359 hacc
559 2310 795 2361 excandescentiae
808 2319 881 2360 notro
900 2326 955 2361 cum
971 2308 1057 2375 θυμῷ
1073 2307 1188 2359 Platonis.

127 2380 205 2429 Porro
230 2376 251 2427 si
272 2377 373 2455 legatur
396 2377 506 2441 θυμός,
523 2374 601 2427 etiem
623 2376 757 2444 legendum
781 2395 834 2428 esee
860 2378 905 2446 qai
922 2393 936 2426 e
954 2386 1080 2427 consueta
1097 2373 1188 2427 dicendi

126 2445 241 2506 ratione,
268 2455 307 2494 ut1
324 2453 412 2494 monet
429 2444 489 2494 Em.
530 2446 543 2501 1
564 2443 607 2495 sic
627 2446 674 2497 W.
691 2475 723 2484 -
742 2448 783 2495 Or.
802 2443 856 2495 aine
879 2443 951 2494 uncis
977 2443 1097 2511 quidem,
1115 2443 1188 2494 aduo-

126 2525 183 2564 taus
207 2524 305 2573 tamen,
330 2513 414 2562 locum
439 2528 494 2562 esso
516 2523 662 2580 corruptum
682 2513 713 2563 L.
731 2511 797 2564 coni.
824 2512 917 2563 intima
932 2512 1022 2562 animo
1038 2523 1066 2562 et
1088 2530 1110 2562 c.
1129 2507 1188 2579 quod

126 2581 197 2649 prob.
215 2583 258 2629 Or.
292 2581 356 2637 2V.
376 2579 441 2628 Adn.

177 2682 236 2731 Cir.
259 2682 306 2731 IX.
332 2686 374 2738 20.
403 2680 492 2749 qualis
515 2693 555 2730 est
578 2681 644 2731 hoec
677 2691 717 2732 est
730 2681 855 2731 dividant
868 2680 1031 2730 desideriam
1046 2681 1128 2730 etiam
1142 2677 1187 2745 (its)

125 2751 243 2814 aurium)
275 2767 310 2799 sc.
335 2748 459 2816 voluptas.
502 2746 589 2798 Diviu.
616 2747 643 2798 in
676 2759 705 2799 ut
721 2748 764 2799 sit.
808 2747 925 2798 Davisius
943 2765 999 2798 cum
1016 2747 1045 2797 P.
1063 2745 1187 2797 Manutio:

126 2816 220 2868 Cuccil.
243 2821 283 2874 11.
313 2833 369 2865 cum
393 2814 475 2865 omnis
499 2815 643 2881 arrogantia
677 2817 762 2867 distin
782 2828 847 2865 aunt
862 2816 931 2865 illud
947 2816 1028 2866 etiam
1043 2827 1074 2865 ut
1093 2813 1187 2864 deside·

126 2884 216 2937 odiosa
233 2894 285 2946 est,
310 2895 364 2934 tum
378 2884 429 2933 illa
445 2883 550 2953 ingenii
565 2895 644 2952 atque
675 2884 740 2934 rium
762 2835 845 2936 iibido
866 2885 911 2933 sic.
952 2882 1085 2934 Bentleius
1102 2881 1140 2932 aio
1154 2880 1188 2931 le·

126 2953 166 3003 elo
184 2954 289 3002 aeneiae
311 2951 390 3002 multo
408 2950 594 3001 molestissima.
610 2980 642 2990 -·
676 2952 786 3018 gendum
812 2961 910 3001 censet:
949 2949 1127 3017 Distinguitur
1149 2946 1188 2998 illo

126 3023 154 3070 ln
167 2971 210 3069 iris
227 3017 348 3086 exemplis
373 3019 399 3068 in
423 3036 539 3096 pronora.
564 3018 644 3069 maior
678 3021 774 3078 etiam,
798 3032 826 3068 ar
842 3017 996 3069 desiderium
1010 3019 1050 3068 sit
1068 3016 1113 3068 lib.
1137 3024 1188 3067 cett

126 3087 165 3136 vis
186 3096 224 3136 est
246 3104 321 3153 quam
343 3086 369 3134 in
387 3087 505 3136 articulo.
539 3085 642 3136 sivero
677 3087 784 3138 Orellius
811 3086 948 3136 lectionem
974 3085 1106 3151 vulgatam
1131 3081 1188 3134 reti-
1230 3138 1232 3149 Ι

125 3155 194 3205 solus
216 3153 336 3204 articulus
357 3153 440 3203 locum
458 3153 549 3215 habet,
574 3154 644 3204 solus
676 3154 750 3217 nuit,
774 3154 824 3205 nisi
846 3155 915 3233 quod
937 3171 993 3204 cum
1009 3154 1043 3204 R.
1060 3155 1092 3204 V.
1118 3149 1188 3218 legit:
1230 3162 1232 3175 ¹

125 3220 254 3288 genitivus
277 3220 388 3288 ponitur.
419 3220 451 3269 de
472 3221 527 3270 Fin.
547 3224 574 3282 I,
602 3225 641 3278 16·
676 3236 705 3274 nt
726 3220 809 3273 tittdo
830 3234 867 3272 sct
887 3240 979 3272 earam
997 3238 1097 3270 rerum.
1131 3222 1189 3270 Sen-

126 3288 202 3352 Quod
216 3289 238 3338 si
254 3287 296 3355 qui
312 3287 373 3337 satis
387 3287 437 3337 sibi
443 3297 541 3341 ‚contra
555 3287 643 3338 homi·
675 3290 757 3342 tentia
770 3307 887 3357 expressa
900 3300 939 3340 est
952 3289 1029 3339 haec:
1048 3287 1103 3339 Atii
1116 3283 1190 3337 Stoici

125 3376 185 3407 uum
200 3355 383 3406 conscientiam
397 3354 463 3422 septi
478 3373 532 3405 esse
546 3364 572 3404 et
585 3373 643 3405 mu·
677 3359 704 3408 in
719 3356 835 3408 libidinis
852 3358 965 3425 partibus
976 3364 1083 3474 ponunt
1105 3364 1133 3405 et
1151 3355 1189 3403 in·

126 3425 174 3475 niti
194 3425 325 3485 videntur,
355 3423 461 3472 deorum
478 3433 563 3474 tamen
578 3422 642 3474 hor·
676 3427 825 3496 digena'am
859 3434 885 3474 et
915 3425 975 3474 desi
995 3423 1089 3473 eciam.
1134 3424 1190 3471 Sunt

125 3503 196 3553 rent,
215 3491 252 3542 nti
268 3491 373 3560 exponit
389 3491 501 3541 Ochsuer
517 3491 570 3541 Ecl.
589 3492 641 3541 Cic.
676 3504 760 3544 tamen
779 3492 855 3543 enam
869 3491 932 3555 alii,
955 3490 1000 3559 qui
1016 3490 1191 3570 indigentiam

125 3579 150 3629 p.
170 3566 225 3619 179.
677 3560 813 3623 omittunt,
840 3578 916 3639 quum
939 3577 969 3609 ca
986 3575 1073 3610 rerum

176 3634 217 3685 21.
242 3627 383 3695 exsistens)
408 3627 542 3679 nunidem
558 3627 643 3694 signi·
676 3628 727 3690 sit,
751 3628 777 3678 h.
793 3645 815 3678 e.
838 3646 859 3677 sr
896 3627 966 3678 ilicet
989 3625 1125 3695 defectam
1147 3623 1191 3674 ali-

126 3695 200 3756 ficat,
218 3696 287 3762 quod
303 3713 430 3759 nascens,
457 3696 501 3745 sed
518 3712 643 3775 apparens
677 3696 748 3748 cuius
761 3695 807 3758 rei,
825 3705 854 3745 ut
887 3712 1001 3756 unorum,
1019 3704 1051 3744 ut
1064 3692 1190 3762 pecuniae.

126 3772 153 3812 et
173 3774 252 3812 semet
270 3764 415 3814 osteudens.
450 3765 481 3814 V.
500 3765 586 3814 Davrs.
610 3762 643 3812 ud
678 3767 761 3826 Quare
771 3763 831 3813 voci
841 3763 973 3814 desiderii
983 3761 1108 3812 latiorem
1117 3757 1190 3811 subii-

127 3829 158 3881 de
174 3829 289 3887 Divinat.
305 3836 329 3893 1,
346 3837 389 3890 28.
677 3831 749 3882 ciunt
772 3829 920 3893 notionem,
945 3839 1045 3879 utnon
1062 3829 1145 3880 solum
1160 3825 1190 3877 sit

175 3900 266 3949 Distin
287 3912 352 3949 aunt
377 3899 472 3961 etiam,
506 3899 577 3951 illud
601 3901 642 3965 at)
676 3899 759 3951 libido
776 3898 845 3960 eius,
863 3898 905 3966 qai
924 3897 1038 3949 nondum
1054 3897 1139 3958 adsit,
1154 3893 1189 3944 ri-

126 3965 170 4016 Sic
184 3965 251 4016 hunc
266 3919 352 4016 liscum
368 3983 424 4016 cum
437 3968 524 4018 Lamb.
541 3978 567 4017 et
580 3968 643 4017 Lal-
677 3967 769 4029 dandi,
799 3964 844 4016 sed
867 3965 946 4016 etiam
971 3964 1087 4016 omnium
1112 3977 1189 4015 earm

126 4034 183 4084 lem.
202 4034 274 4084 dedit
289 4032 408 4084 Wolfius.
442 4034 525 4101 Vulgo
541 4036 644 4086 distin-
676 4051 773 4098 rerum,
808 4051 872 4102 quae
896 4044 1018 4102 tanquam
1049 4031 1189 4103 praedicare

123 4114 211 4169 gaunt
226 4101 297 4150 illud
315 4101 396 4150 etiam
411 4113 440 4151 ut
455 4104 492 4152 sit
508 4103 526 4152 l.
545 4112 605 4153 cett.
628 4120 644 4154 a
676 4102 798 4153 dicuntur
821 4103 854 4152 de
879 4101 1003 4170 quodam,
1031 4101 1071 4153 uti
1093 4099 1189 4173 quidun}

118 4187 170 4235 qua
183 4167 302 4220 lectione
319 4187 365 4220 cur
378 4169 512 4221 recesserit
525 4170 644 4232 Wolfius,
676 4169 773 4221 dicitur
794 4170 892 4221 nabere
913 4170 1036 4221 divitias.
1079 4160 1188 4232 Quodn

108 4252 164 4287 non
182 4237 280 4296 videos
299 4239 478 4315 distinguunt
492 4239 565 4294 enim
580 4237 651 4292 ittet
669 4237 764 4307 igitur
795 4237 922 4305 susim
947 4236 1060 4290 libidine
1083 4235 1189 4304 aginus
