2640 4626
201 177 266 250 240
450 142 1038 253 rttscunartssuulusrune‘laotsunt¹

205 311 334 412 tarique
358 307 521 408 coepisse
540 304 642 381 timor
666 307 768 406 igitur
790 307 831 381 ab
854 307 897 382 iis
915 307 1158 406 aegritudinem
1171 312 1276 412 potnit

204 412 379 515 repellere;
404 408 489 483 ratio
506 408 547 482 ab
565 410 707 510 sapienti
723 410 825 483 νίτο2
846 439 913 483 non
929 411 1077 512 poterit?

308 513 465 586 XXVIII.
491 511 583 608 Quid
609 529 658 585 est
688 529 817 599 autem,
842 513 934 612 quod
949 512 1026 614 plus
1041 512 1208 589 valeatad
1220 543 1275 636 po-

208 616 366 690 nendum*
386 613 553 702 dolorem,
586 641 685 713 quam
720 642 822 714 quum
859 631 909 688 est
941 614 1160 708 intellectum,
1195 617 1275 693 nihil

202 718 340 821 profici,
365 733 398 790 ct
418 716 543 791 frustra
568 743 640 790 esse
658 717 873 817 susceptum?
898 717 926 805 si
946 717 1048 816 igitur
1065 717 1193 820 deponi
1220 748 1274 822 po

204 838 287 909 test,
314 819 412 895 ctiam
427 836 496 892 non
520 818 645 918 suscipi
662 835 780 919 potest.
830 818 1007 893 Voluntate
1024 820 1126 919 igitur
1142 837 1176 895 et
1193 821 1275 897 iudi-

204 924 259 999 cio
283 922 411 1023 suscipi
438 920 695 1020 aegritudinem,
729 921 952 996 confitendum
979 939 1036 997 est.
1093 932 1152 1004 67.
1179 924 1274 1024 idque

205 1026 373 1101 indicatur
400 1051 514 1098 eorum
546 1023 721 1123 patientia,
747 1023 803 1122 qui
829 1052 931 1123 quum
952 1023 1053 1098 multa
1083 1026 1151 1098 sint
1181 1054 1274 1128 saepe

207 1126 377 1229 perpessi,
402 1125 534 1210 facilius¹
556 1124 683 1214 ferunt,
709 1124 873 1226 quidquid
897 1125 1037 1215 accidit,
1063 1127 1275 1204 obduruisse-

205 1258 269 1329 que
294 1256 367 1303 sese
389 1244 503 1302 contra
528 1227 695 1301 fortunam
724 1227 943 1334 arbitrantur:
969 1246 1006 1302 ut
1025 1228 1080 1303 ille
1103 1231 1199 1331 apud
1215 1218 1274 1306 liu.

207 1331 368 1433 stipidum,

293 1437 325 1496 si
346 1435 422 1496 mihi
443 1456 526 1494 nune
545 1435 641 1494 tristis
662 1434 794 1514 primum
814 1435 965 1496 illuxisset
986 1434 1064 1513 dies,

287 1523 351 1581 Nec
372 1530 432 1578 tam
455 1540 632 1578 aerumnoso
654 1519 971 1597 navigavissemsa105

291 1607 377 1666 Esset
398 1603 521 1662 dolendi
543 1624 663 1663 caussa:
686 1600 720 1662 rit
740 1604 851 1664 iniecto
873 1604 993 1685 equulei

289 1691 387 1749 Freno
409 1697 532 1767 repente
552 1696 637 1746 tactu
659 1687 849 1766 exagitantur
869 1710 960 1750 novo.

288 1773 347 1831 Sed
370 1772 430 1831 iam
451 1772 593 1831 subactus
615 1771 742 1832 miseriis
765 1774 918 1854 obtorpui.

207 1869 409 1969 Delatigatio
438 1868 540 1968 igitur
563 1867 770 1943 miseriarum
801 1869 1024 1969 aegritudines
1048 1898 1156 1972 quum
1183 1871 1276 1946 saciat

208 1973 369 2067 leniores,
402 1969 541 2069 intelligi
564 1998 700 2045 neccsse
725 1989 791 2060 est,
816 2001 885 2046 non
908 2001 978 2047 rem
997 1973 1106 2074 ipsam
1129 2002 1274 2048 caussam

205 2092 303 2175 atque
318 2074 472 2147 sontcm³
491 2100 562 2146 esse
579 2073 747 2148 maeroris.
1096 2152 1100 2157 ,

310 2182 368 2258 68.
392 2172 591 2276 Philosophi
622 2176 760 2264 summi,
784 2204 891 2275 neque
916 2176 996 2252 dum
1019 2193 1130 2250 tamen
1149 2177 1274 2279 sapien·

207 2277 289 2351 tiam
323 2277 508 2364 consecuti,
532 2306 643 2352 nonne
674 2277 879 2377 intelligunt,
905 2278 941 2351 in
966 2306 1096 2352 summo
1133 2307 1172 2355 se
1193 2279 1274 2354 malo

208 2382 306 2455 esse?
342 2396 420 2453 sunt
452 2379 539 2453 enim
573 2380 783 2480 insipientes:
808 2408 915 2481 neque
950 2380 1145 2482 insipientia
1178 2382 1274 2456 ullum

205 2482 313 2556 maius
339 2482 462 2555 malum
485 2498 552 2555 est:
579 2510 685 2583 neque
714 2500 825 2556 tamen
847 2482 967 2581 lugent.
1001 2480 1084 2582 quid
1103 2484 1178 2559 ita?
1203 2485 1273 2586 quia

205 2584 284 2658 huic
306 2584 419 2682 generi
439 2583 602 2657 malorum
629 2612 697 2657 non
724 2584 892 2683 affingitur
913 2583 970 2659 illa
992 2586 1128 2685 opinio,
1154 2605 1274 2661 rectum

206 2714 279 2760 esse
306 2705 337 2759 et
367 2713 528 2786 aequum,
562 2702 594 2760 et
628 2686 670 2758 ad
699 2686 844 2760 officium
868 2688 1054 2787 pertinere,
1087 2717 1187 2788 aegre
1217 2691 1274 2762 ler-

126 2804 127 2811 ’
205 2816 259 2879 re,
292 2789 384 2888 quod
406 2785 539 2889 'sapiens
559 2815 629 2861 non
657 2788 726 2862 sis:
756 2789 847 2888 quod
868 2789 957 2863 idem
984 2789 1178 2889 affingimus
1205 2791 1274 2865 huic

272 2946 289 2998 2
306 2938 349 2989 Sic
374 2937 441 2989 coni·
459 2938 543 2990 Bentl.
559 2937 676 3007 Egregie.
695 2941 755 2990 Em.
775 2959 796 2991 c.
814 2940 882 3007 vulg.
901 2942 975 2992 ratio
999 2959 1033 2992 ac
1055 2960 1088 2993 aa
1105 2942 1197 2996 iensia
1209 2962 1274 2995 vers.

206 3012 224 3064 3
245 3007 288 3057 Sic
309 3007 394 3073 plures
419 3007 499 3058 Codd.
526 3015 554 3058 st
573 3006 710 3075 pleraeque
732 3006 797 3058 lidd.
822 3019 885 3058 vett.
903 3037 936 3049 -
953 3011 1012 3060 Em.
1028 3028 1051 3061 c.
1069 2960 1134 3080 aliq.
1154 3011 1236 3064 codd.
1252 3013 1275 3061 P.

208 3073 292 3125 Gebln
311 3092 366 3123 rem
379 3075 467 3143 ipsam
483 3085 562 3143 atqroe
575 3092 683 3127 causam
692 3072 805 3144 fontem.
823 3078 922 3144 Inepte.

259 3173 318 3224 Car.
335 3174 458 3225 XXVIII.
484 3179 525 3234 67.
559 3175 631 3246 apud
644 3177 728 3227 Euri-
760 3176 847 3227 Stoica
871 3175 1087 3246 disciplina,.qui
1119 3196 1174 3230 non
1196 3179 1277 3249 perle-

204 3241 311 3311 pidam)
334 3241 459 3309 Euripidis
485 3260 569 3292 versus
596 3253 728 3294 serrantur
762 3253 829 3294 ctam
854 3243 1005 3311 sapientiam
1036 3247 1191 3314 consequuti
1217 3256 1277 3306 sunt,

207 3326 224 3359 a
242 3308 277 3358 ud
294 3308 384 3358 Galen.
404 3309 435 3359 de
453 3310 488 3360 do
505 3328 539 3359 m.
556 3310 678 3379 Hippocr.
701 3321 729 3363 et
761 3309 909 3379 insipientes
941 3310 1099 3362 iudicantur:
1137 3313 1277 3384 insipientia

207 3376 227 3427 P
253 3385 274 3428 t.
284 3377 328 3428 IV.
346 3394 368 3426 c.
382 3380 408 3435 7.
423 3327 504 3447 (apud
511 3377 587 3429 Beck.
601 3379 726 3453 Frsgpuu.
760 3388 846 3431 autem
870 3394 992 3429 summanr
1016 3378 1111 3430 malum
1137 3391 1192 3432 est:
1222 3398 1277 3448 ergo

208 3447 265 3503 167.
282 3462 307 3512 p.
322 3443 393 3510 492.)
761 3445 838 3496 etiam
866 3445 956 3497 summi
980 3444 1146 3514 philosophi,
1170 3448 1277 3500 nondam

239 3512 267 3566 sl
295 3509 347 3580 ple
370 3509 430 3566 τόδ’
452 3507 528 3583 ἦμαρ
553 3513 669 3582 πρῶτον
692 3507 728 3583 aie
760 3522 845 3564 tamen
863 3513 1004 3581 perfectam
1018 3513 1173 3582 sapientiam
1190 3532 1277 3568 conse·

496 3579 660 3650 κακουμένῳ
761 3581 848 3649 quoti,
873 3580 901 3632 in
925 3598 1021 3631 summo
1044 3581 1114 3633 malo
1137 3594 1277 3639 venantnrs

239 3645 288 3699 καὶ
312 3645 351 3716 μὴ
373 3646 485 3717 μακρὰν
502 3646 538 3715 δὴ
563 3646 612 3701 διὰ
632 3645 728 3703 nisos
760 3666 842 3716 neque
857 3659 943 3707 tamen
957 3648 1060 3715 lugent,
1079 3659 1108 3700 et
1123 3650 1277 3720 aegritudine

491 3713 678 3769 laevocdioev
760 3727 922 3783 premuntur,
940 3716 1000 3795 quia
1015 3715 1075 3767 huie
1091 3719 1182 3784 generi
1199 3718 1276 3770 malo·

240 3778 315 3843 εἷκος
331 3778 484 3850 σφαδάζειν
496 3777 532 3850 ἦν
548 3779 597 3849 ἄν,
617 3780 655 3845 ode
668 3781 727 3837 aad·
760 3801 815 3833 rum
837 3785 885 3850 (so.
907 3783 1083 3864 insrpientiae)
1103 3787 1178 3837 nulla
1201 3784 1276 3838 aduri·

557 3851 625 3917 ζυγα
760 3861 846 3902 scetur
862 3850 950 3921 opinio
966 3850 1074 3903 officiosi
1089 3851 1200 3905 doloris.

239 3916 334 3968 πῶλον
349 3913 465 3983 χαλινὸν
481 3913 583 3985 ipsios
601 3915 748 3986 ‹leiensi-‚1

556 4000 624 4036 rav·
799 3985 879 4052 qaod
891 3985 971 4053 idem)
989 3985 1048 4047 ecit,
1064 3987 1224 4055 opinionem,
1237 4004 1274 4039 re-
1319 3978 1320 4001 ¹

218 4068 221 4077 ‘
238 4049 291 4103 aria
307 4045 331 4102 δ’
348 4045 455 4117 dedicio
470 4048 543 4116 alpe,
560 4050 608 4103 καὶ
623 4069 724 4120 sceno·
759 4059 829 4101 ctum
845 4069 898 4102 esse
914 4062 941 4102 et
958 4069 1080 4122 aequum,
1107 4073 1186 4123 aegm
1208 4056 1273 4114 lene,

480 4114 571 4179 eorde
586 4120 689 4172 κακῶν.
759 4117 901 4185 affingimus
915 4120 975 4172 huic
988 4121 1157 4187 aegritudini,
1176 4133 1274 4193 propter

255 4188 296 4244 68
324 4197 386 4236 suns
410 4185 480 4251 enim
505 4186 679 4257 insipientes)
704 4188 725 4240 E
758 4201 833 4254 quem
850 4186 965 4241 homines
979 4188 1069 4258 lugere
1084 4190 1180 4242 solent.
