2640 4626
157 206 194 275 p·
315 152 319 165 ’
540 191 669 247 ursus
687 194 782 255 uso
1140 188 1200 258 179
1255 226 1263 273 ,

118 278 278 387 boletum
303 308 472 389 malorum
506 310 654 384 omnium
677 312 855 387 maximum
885 313 1020 390 dixerit:
1049 317 1199 414 quamvis

115 410 229 591 lderpb
240 411 431 488 forticulum
456 442 491 488 se
513 412 550 486 in
576 413 778 489 torminibus
802 431 834 489 et
862 415 898 490 in
925 418 1113 516 stranguria
1137 445 1198 497 sua
1264 448 1267 465 ¹

104 558 117 575 u
231 530 291 590 eat.

119 542 187 619 Im
227 616 383 703 Aliunde
397 617 499 716 igitur
521 634 575 692 est.
596 620 785 719 quaerenda
798 620 983 710 medicina,
1009 637 1041 695 et
1056 623 1198 699 maxime
1286 610 1289 615 ⁵

120 719 272 897 widem,
291 718 347 819 (si,
372 720 456 819 quid
472 721 613 801 maxime
629 740 886 799 consentaneum
903 724 957 812 sit,
982 725 1197 823 quaerimus)

196 822 260 911 iis,
291 821 431 922 quibus,
457 823 549 922 quod
570 824 747 898 honestum
770 825 833 914 sit,
858 854 1026 901 summum
1050 827 1198 916 bonum3

121 925 219 1027 quod
242 942 350 1025 turpe,
374 952 541 998 summum
556 926 687 1000 videtur
703 925 834 1001 malum.
884 929 946 1002 His
962 946 999 1001 tu
1015 931 1197 1030 praeseuti-

120 1026 190 1103 bus
205 1052 346 1125 gemere,
360 1042 391 1100 et
409 1044 441 1100 te
456 1027 577 1101 iactare
597 1057 664 1102 non
680 1029 818 1103 audebis
835 1031 995 1131 prolecto.
1045 1031 1199 1132 loquetur

123 1129 217 1205 enim
241 1157 357 1211 eorum
379 1158 460 1203 voce
478 1130 593 1203 Virtus
614 1132 688 1232 ipsa
702 1149 829 1206 tecum:
880 1137 957 1206 XX.
1008 1139 1066 1215 46.
1092 1137 1199 1224 Tune,

123 1260 230 1332 quum
247 1259 370 1332 pueros
387 1233 652 1322 Lacedaemone,
672 1234 892 1309 adolescentis
908 1235 1096 1339 Olympiae,
1121 1237 1199 1311 bar·

123 1334 229 1407 baros
251 1335 287 1407 in
299 1363 416 1422 arena,
442 1334 564 1408 videris
592 1336 786 1438 excipientis
808 1337 1019 1434 gravissimas
1035 1337 1150 1437 plagas
1166 1357 1198 1413 et

122 1435 264 1511 ferentis
289 1435 440 1526 silenti03
467 1437 496 1509 si
513 1454 546 1511 te
561 1437 647 1515 forte
665 1437 762 1542 dolor
778 1434 1117 1540 aliquispervellerit,
1143 1470 1198 1516 ex-

124 1538 287 1612 clamabis
311 1555 349 1611 ut
372 1537 514 1614 mulier?
539 1568 608 1613 non
628 1558 817 1615 constanter
834 1559 865 1615 ct
881 1543 993 1616 sedate
1012 1542 1123 1617 feres?
1150 1587 1196 1600 -

123 1641 251 1714 Ferri-⁹
267 1669 337 1714 non
351 1658 476 1740 potest:
502 1659 619 1717 natura
635 1673 704 1717 non
721 1645 853 1744 patitur.
870 1690 916 1702 -·
950 1644 1073 1718 Audio.
1098 1636 1199 1719 Pueri

125 1745 258 1832 lerunt,
283 1743 391 1842 gloria
412 1745 518 1818 ducti:
544 1744 656 1819 ferunt
677 1747 807 1846 pudore
822 1747 897 1835 alii,
922 1747 1017 1822 multi
1033 1764 1141 1821 metu:
1167 1764 1200 1823 et

124 1862 238 1919 tamen
258 1874 426 1935 veremur,
452 1863 488 1918 ut
515 1847 596 1937 hoc,
622 1849 713 1949 quod
736 1866 846 1922 atam
869 1849 981 1922 multis
996 1866 1028 1922 et
1044 1850 1135 1949 quod
1150 1866 1200 1921 tot

125 1948 212 2022 locis
245 1948 449 2049 perferatur,
474 1967 593 2025 natura
621 1953 790 2051 patiatur?
815 1951 874 2024 Illa
902 1980 980 2025 vero
1005 1980 1074 2023 non
1097 1951 1198 2024 modo
1281 1944 1285 1955 ’

123 2051 271 2153 patitur,
295 2079 410 2125 verum
446 2051 543 2125 etiam
570 2054 724 2154 postulat.
749 2053 833 2126 nihil
862 2053 948 2127 enim
976 2053 1076 2126 habet
1103 2081 1199 2154 prae-

125 2153 281 2243 stantius,
305 2153 401 2243 nihil,
427 2154 517 2253 quod
534 2154 640 2252 magis
660 2173 808 2256 expetat,
834 2182 933 2255 quam
951 2155 1157 2229 honestatem
1170 2166 1200 2244 ¹,

123 2285 229 2358 quam
261 2255 411 2343 laudem,
438 2285 537 2356 quam
573 2257 784 2356 dignitatem,
810 2287 908 2358 quam
938 2258 1047 2331 decus.
1098 2258 1199 2331 Hisce

124 2386 191 2457 ego
217 2357 371 2458 pluribus
393 2358 587 2432 nominibus
612 2387 713 2433 unam
738 2390 809 2435 rem
836 2360 996 2441 declarari
1019 2359 1113 2446 volo,
1139 2359 1199 2431 sed

123 2478 205 2535 utor
215 2467 247 2549 ²,
271 2477 423 2561 utquam
438 2462 579 2536 maxime
593 2463 787 2560 significem,
813 2462 975 2564 pluribus.
1000 2460 1075 2534 volo
1091 2477 1200 2536 autem

124 2564 259 2652 dicere,
284 2563 367 2636 illud
391 2563 519 2636 homini
544 2564 641 2663 longe
668 2566 831 2667 optimum
859 2592 949 2652 esse,
975 2563 1067 2662 quod
1088 2562 1199 2663 ipsum

124 2666 172 2738 sit
180 2667 431 2767 optandumper
439 2694 485 2755 se,
503 2696 523 2741 a
538 2667 656 2741 virtute
671 2668 867 2769 profectum,
882 2666 933 2739 vel
948 2665 983 2739 in
992 2667 1067 2767 ipsa
1082 2665 1199 2761 virtute

196 2822 214 2877 9
231 2818 272 2868 stc
285 2819 344 2867 ML.
364 2817 447 2869 Gebh.
465 2821 497 2870 D.
515 2847 549 2858 -
566 2821 627 2872 Ern.
647 2840 668 2871 c.
686 2821 755 2888 vulg.
766 2820 844 2888 fieri.
879 2824 892 2877 l
910 2820 1001 2871 Fano.
1020 2817 1101 2870 Gebh.
1116 2818 1200 2869 hone-

125 2898 206 2937 stum.
239 2884 314 2944 2Sic
329 2885 409 2936 Codd.
426 2887 485 2954 aliq.
504 2888 585 2938 MLD.
603 2918 636 2927 —
653 2890 713 2939 Ern.
731 2907 752 2939 c.
770 2887 839 2953 vulg.
855 2899 928 2937 utar.
945 2885 1023 2937 Male.

126 3002 222 3037 cerone
238 2985 287 3035 nisi
299 3003 354 3035 cum
369 2988 530 3038 excusatione
544 2989 653 3054 quadam
685 3000 748 3038 tune
762 2988 790 3038 in
803 2988 877 3038 initio
894 2987 1023 3038 enunciati
1039 3003 1094 3036 cum
1110 3004 1200 3053 magna

126 3054 268 3104 abhibitam
285 3071 348 3103 esse.
391 3055 491 3122 Optime
515 3056 651 3107 lectionem
684 3055 710 3104 vi
730 3066 866 3122 ponuntur.
889 3056 1007 3105 Academ.
1038 3057 1133 3114 Il.19,
1157 3060 1198 3112 61.

127 3122 259 3187 vulgatam
273 3121 388 3170 defendit
412 3133 438 3172 et
453 3124 568 3173 binorum
587 3140 651 3173 suo·
675 3124 766 3184 ‚Tunes
785 3141 860 3190 quum
874 3123 952 3172 tantis
959 3122 1200 3189 laudibusphiloso-

126 3206 189 3240 rum
199 3187 279 3237 Codd.
292 3188 446 3239 auctoritate
463 3190 570 3239 munivit
578 3192 650 3240 Goe-
681 3189 901 3257 phiemextuleris,
909 3219 941 3228 -
949 3208 1005 3240 eam
1013 3189 1200 3256 philosophiam

126 3274 199 3306 rena.
220 3255 252 3304 ad
267 3256 386 3304 Academ.
401 3259 432 3305 ΙΙ.
448 3262 499 3317 30,
517 3262 558 3315 97.
577 3259 649 3319 aide,
681 3270 802 3324 sequere,
819 3275 887 3323 quae
910 3257 1044 3307 confundit
1064 3274 1123 3306 vera
1144 3275 1199 3305 oum

126 3341 208 3392 quam
223 3323 260 3373 sit
275 3335 367 3372 cautus
381 3325 415 3382 is,
433 3343 507 3392 quem
527 3327 576 3375 isti
589 3338 649 3374 tor·
681 3325 769 3375 falsis?
786 3325 852 3375 lbid.
870 3327 902 3374 Il.
918 3328 960 3382 45.
978 3335 1042 3374 extr.
1076 3324 1199 3372 Paradox.

128 3392 193 3441 dum
226 3403 317 3440 utone:
334 3391 376 3439 ubi
397 3409 496 3458 quoque
512 3393 648 3444 Lambinus
678 3395 708 3454 l,
724 3399 750 3451 3.
767 3394 797 3442 V.
815 3392 934 3442 Ochsuer.
950 3393 1003 3440 Ecl.
1025 3390 1077 3439 Cic.
1095 3409 1120 3456 p.
1141 3395 1198 3446 121.

126 3408 264 3525 legendum
281 3458 390 3508 coniecit
405 3472 488 3508 catus.
728 3459 850 3529 pluribus
869 3458 1018 3508 nontinibus
1038 3474 1117 3505 unam
1144 3474 1199 3506 rem

180 3527 352 3594 quamvis-
372 3527 512 3594 praebeatl
537 3526 650 3576 Eandem
683 3527 819 3577 declarari
835 3527 904 3590 volo)
920 3526 962 3575 Sic
977 3541 1053 3591 saepe
1071 3523 1137 3572 solet
1154 3523 1197 3573 Ci-

127 3611 183 3643 rem
192 3593 290 3643 Tullius
316 3593 349 3642 de
361 3594 417 3644 Fin.
435 3597 467 3643 ΙΙ.
484 3599 526 3650 30.
544 3594 600 3643 init.
619 3612 649 3643 ex
683 3611 742 3644 cero
757 3612 832 3643 unam
845 3611 906 3652 rem,
922 3591 949 3640 in
963 3608 1013 3658 qua
1028 3590 1128 3656 quidem
1141 3609 1199 3639 ma-

128 3660 240 3727 epistola
265 3661 366 3727 Epicuri
391 3662 424 3711 ad
453 3661 649 3720 Hermarchum}
682 3661 776 3711 ximum
791 3659 968 3727 disputationis
981 3668 1135 3708 momentum
1148 3675 1198 3725 po-

127 3728 247 3777 Laertius
262 3744 322 3777 vero
338 3745 368 3776 ex
383 3728 491 3795 epistola
507 3728 650 3778 adldome-
683 3729 758 3777 situm
781 3737 831 3789 est,
857 3726 970 3793 pluribus
994 3726 1136 3782 nominibus
1151 3725 1199 3774 de-
1278 3742 1281 3749 ⁴

127 3813 204 3845 neum
214 3795 301 3845 refert.
312 3823 344 3834 ·-
362 3798 487 3845 Termino
502 3814 592 3861 graece
607 3797 650 3845 di·
685 3797 789 3857 clarere,
806 3805 835 3844 ut
849 3794 901 3843 eius
912 3794 953 3842 ¹vis
968 3813 998 3844 ac
1014 3803 1127 3860 potestas
1144 3793 1199 3843 cla-

128 3874 224 3912 cuntur
236 3863 405 3926 ὃνσεντερία.
439 3865 471 3914 V.
488 3865 604 3914 Goerenz
618 3863 651 3915 ad
683 3864 735 3913 rius
749 3862 922 3932 perspiciatur.
957 3863 991 3911 N.
1016 3863 1048 3911 Ι).
1064 3863 1105 3922 ΙΙ,
1122 3864 1146 3918 7.
1163 3861 1199 3911 il-

127 3931 185 3980 Fin.
201 3929 220 3979 l.
235 3930 261 3979 d.
278 3949 304 3997 p.
324 3934 382 3989 267.
684 3930 835 3991 ludentem,
853 3929 921 3996 quod
937 3928 1017 3978 vincit
1031 3927 1094 3979 haec
1106 3928 1199 3989 omniu,

179 3995 222 4048 Ab
237 3998 287 4060 iis)
303 3997 403 4048 Stoicis.
684 4001 815 4048 rationem
828 3998 895 4058 dico,
914 4006 955 4057 et,
977 3997 998 4045 si
1013 3997 1099 4062 placet
1108 3996 1199 4064 pluri-

180 4078 208 4114 te
228 4065 341 4130 iactare)
366 4067 399 4114 H.
422 4082 445 4114 e.
474 4083 536 4134 prae
561 4066 652 4117 dolore
685 4064 835 4129 basverhis,
852 4077 977 4125 mentem,
990 4065 1137 4123 consilium,
1154 4078 1199 4110 co-

128 4131 179 4183 huc
193 4131 256 4181 illuc
270 4149 298 4180 se
314 4149 425 4181 movere.
683 4135 849 4205 gitationem,
863 4133 1050 4202 prudentiam,
1068 4130 1111 4179 ubi
1124 4129 1200 4189 inve-

182 4199 317 4251 cmxx
335 4199 377 4258 46.
396 4200 476 4268 Tune)
493 4204 574 4270 Saepo
587 4211 653 4254 ruet
684 4201 782 4252 namus?
796 4195 1204 4340 V.Oohsnp(rgtgpl.(lioer.u=‘lth-
1254 4198 1255 4203 ’
