2640 4626
446 216 708 277 ruotrudem
1073 212 1116 281 21

106 336 155 420 e)
177 343 390 400 exercitatione
403 349 431 399 et
445 339 667 401 cornuetredine.
699 339 1006 420 Exemple'inveuum
1020 343 1116 424 Spur-
1157 350 1161 357 '

36 450 198 518 tenorum,
227 461 330 502 revere
358 439 521 521 discipline
545 440 774 519 institutorum,
801 442 1009 506 Romanorum
1030 445 1114 507 mili·

35 544 116 619 tiae,
137 542 305 622 Eurypyli,
327 550 524 620 venatorum,
538 541 703 624 pugilum,
729 544 943 622 luctatorum„
962 546 1114 624 gladiato·

34 665 119 706 mm
139 666 166 704 c·
184 642 333 713 14-17.

121 743 157 827 b)
177 749 306 806 ratione.
349 744 437 805 liene
464 744 701 828 disputationem
725 745 768 809 ite
791 747 964 827 ingreditur
984 750 1114 829 Tulliae,

34 855 91 923 nt,
113 847 197 926 quod
213 867 306 927 cupra
324 846 564 908 demonstratum
583 857 664 925 erat,
691 848 797 929 puucie
816 859 949 931 repetet,
977 851 1114 914 dolenen

34 949 151 1008 melum
173 948 263 1008 illum
282 946 405 1026 quidem
420 969 500 1024 eree,
530 949 584 1009 ned
601 971 720 1017 omnem
736 949 877 1012 dolorem
886 973 949 1012 eme
964 953 1113 1015 tolerabi-

34 1050 126 1122 lem,¹
144 1050 348 1131 virtutemque
378 1050 551 1130 postulare,
581 1060 618 1112 nt
642 1072 712 1112 eum
744 1052 910 1113 toleranter
948 1056 1112 1134 patiamur,

35 1151 138 1231 ipsum
155 1172 266 1211 nomen
282 1157 421 1223 virtutis,
444 1155 564 1223 evito„
581 1153 668 1212 cuiue
676 1155 805 1232 proprie
818 1156 948 1216 maxime
964 1157 1008 1217 eit
1020 1158 1111 1217 forti·
1154 1158 1160 1167 '

32 1253 129 1326 tudo,
151 1255 295 1329 ductum,
317 1253 389 1312 eutis
405 1234 577 1330 ostendere,
600 1253 715 1314 doloris
730 1256 1112 1321 contemtionemmuime

33 1354 189 1436 pertinere
212 1355 251 1414 ad
278 1355 440 1430 virtutem,
470 1374 569 1432 neque
592 1376 772 1434 quemquam
797 1357 922 1419 virtuti·
943 1370 1111 1440 compotem

12 1485 14 1488 >
33 1456 88 1517 vel
105 1456 207 1517 virum
229 1476 291 1516 eree
312 1477 418 1536 poree,
439 1455 654 1521 unicolorem
670 1467 849 1519 contemnat
869 1479 895 1519 e.
916 1462 963 1526 18.
1007 1461 1111 1534 Quae-

33 1557 132 1634 ritur,
163 1578 223 1636 quo
242 1557 332 1617 modo
349 1557 428 1616 ratio
447 1557 573 1635 efficiet,
604 1568 639 1618 ut
656 1559 745 1619 dolor
759 1559 926 1620 tolerabilis
944 1560 1006 1620 fiat.
1048 1563 1110 1621 Re-

33 1659 134 1720 media
156 1669 257 1718 autem
283 1659 398 1718 doloris
427 1679 490 1718 non
512 1661 681 1737 quaerenda
705 1672 778 1721 runt
806 1663 844 1721 ab
866 1662 1018 1741 Epicuro,
1047 1663 1111 1741 qui,

33 1781 131 1840 quum
146 1760 283 1820 dolorem
301 1780 451 1820 summum
466 1762 580 1820 mulum
595 1762 684 1838 dicet,
705 1772 807 1822 temen
821 1763 985 1843 praecipit:
1009 1764 1109 1841 „Neg-

32 1863 95 1940 lige
121 1862 274 1937 dolorem3
303 1882 374 1923 nam
399 1862 489 1922 dolor
505 1883 640 1923 nummus
654 1865 755 1924 brevic
771 1876 831 1940 eet,
859 1872 904 1940 et,
935 1863 960 1923 ei
976 1873 1020 1925 est
1037 1864 1109 1923 diu-

32 1974 164 2040 turnus,
184 1984 249 2024 non
262 1974 309 2025 eet
321 1982 472 2039 summus,
494 1973 524 2024 et
541 1963 633 2024 hebet
651 1965 784 2026 laetitiae
795 1967 883 2045 plus,
906 1985 996 2044 quem
1012 1966 1109 2025 mole-

32 2065 140 2126 etiae.“
156 2087 181 2126 c.
198 2067 248 2135 19.
290 2065 422 2125 Petenda
435 2075 480 2124 eet
493 2065 750 2143 igiturm‘edieina
764 2068 802 2126 ab
816 2068 863 2144 iie,
886 2068 1005 2144 quibus,
1027 2067 1110 2145 quod

32 2166 198 2227 honestum
213 2167 263 2240 eit,
285 2187 435 2226 summum
449 2168 581 2242 bonum,
602 2169 686 2247 quod
700 2178 798 2250 turpe,
821 2161 976 2229 summum
986 2168 1110 2228 videtur

33 2269 160 2328 melum.
205 2269 298 2344 Quod
314 2269 340 2328 ei
357 2269 444 2328 nobis
460 2288 637 2347 persuasum
652 2281 705 2346 eet,
727 2271 879 2349 reliquum
894 2279 955 2346 eet,
976 2278 1109 2330 atcerte

33 2357 183 2450 quaedem
200 2371 326 2430 rationis
342 2379 501 2449 praecepte
520 2352 689 2447 sequemur.
708 2393 733 2430 ce
749 2374 802 2440 20.

120 2470 155 2554 a)
176 2473 253 2532 Tute
266 2472 328 2534 tibi
338 2472 462 2551 impera.
499 2471 576 2535 Num
593 2491 686 2550 quum
701 2472 818 2531 animur
832 2472 873 2531 eit
886 2471 920 2529 in
934 2481 1035 2552 partes
1049 2471 1108 2529 tri-

31 2574 128 2634 butue
146 2574 238 2653 dnm,
260 2573 402 2650 alterum,
429 2573 557 2633 rationis
576 2574 773 2657 participem,
803 2574 929 2633 niteram
945 2581 1108 2655 expertem,

30 2676 89 2736 illa
103 2674 177 2736 huic
191 2677 348 2758 imperare,
369 2674 400 2735 h.
414 2697 438 2735 e.
453 2677 530 2735 retio
542 2676 744 2736 temeritatem
757 2695 894 2735 coercere
907 2674 1004 2734 debet
1035 2674 1109 2732 Tres

30 2778 146 2857 gradui
163 2777 288 2861 imperii
300 2778 428 2837 rationis
444 2777 477 2837 in
491 2777 706 2854 temeritatem,
735 2777 787 2837 vel
806 2786 842 2836 ut
859 2776 975 2836 domini
992 2776 1024 2834 in
1042 2796 1107 2837 ser-

29 2900 107 2955 vor,
121 2852 182 2939 [vel
196 2888 232 2939 ut
245 2880 435 2960 imperatorie
450 2880 484 2938 in
503 2879 645 2955 militm,
673 2879 725 2940 vel
743 2891 778 2940 nt
799 2877 933 2958 parentii
950 2877 989 2935 in.
1001 2876 1108 2936 filium.-
1194 2938 1200 2950 .

31 3003 59 3042 c.
76 2984 130 3050 21·
147 2985 199 3049 22.
222 2983 250 3062 §
268 2983 320 3049 51.

117 3079 157 3164 β)
178 3077 317 3164 Propone
333 3082 432 3142 animo
452 3081 565 3161 species
581 3081 724 3143 honestes
740 3081 894 3156 virorum,
918 3079 971 3157 qui
990 3080 1109 3139 fortiter

26 3185 173 3250 tulerunt
189 3184 317 3244 dolores.
340 3205 365 3245 e.
383 3188 434 3254 22.
460 3185 487 3263 5.
505 3187 555 3253 52·
573 3186 625 3254 53.
1100 3174 1105 3181 ’

118 3283 153 3368 γ)
176 3287 297 3367 Cogita,
320 3274 589 3365 qnid't'ortitudine
603 3284 642 3345 'et
655 3284 748 3345 animi
765 3282 972 3364 magnitudine
990 3277 1120 3361 dignis?

30 3389 145 3448 nimum
168 3388 215 3448 eit.
266 3387 394 3448 Animus
416 3388 584 3447 intentione
606 3407 667 3446 ena
682 3386 808 3465 depelI‘rt
829 3400 971 3464 pressum
989 3402 1108 3441 omnem

29 3488 223 3570 ponderum
242 3490 418 3549 remissione
431 3498 532 3548 autem
548 3488 594 3548 eiu
607 3498 742 3566 urgetur,
763 3497 800 3546 ut
813 3507 844 3545 ee
863 3495 993 3563 nequeat
1008 3483 1108 3543 extol·
1130 3506 1132 3511 ·

30 3592 105 3652 lere.
160 3590 345 3651 Adhibenda
371 3600 417 3650 eet
447 3590 542 3668 igitur
570 3589 669 3648 animi
693 3588 863 3662 contentio,
898 3587 985 3646 cuiue
1012 3594 1048 3643 ut
1074 3584 1107 3642 in

31 3713 179 3772 corpore,
214 3693 259 3752 eic
285 3693 320 3752 in
352 3692 452 3752 animo
482 3711 593 3769 magne
617 3689 665 3750 vie
694 3689 741 3748 eit.
774 3712 800 3749 c.
820 3691 871 3756 22.
901 3689 929 3766 §.
950 3689 1001 3755 53.
1031 3695 1108 3746 extr.

32 3797 132 3865 ere
157 3792 282 3872 §.se-
623 3784 628 3799 ‘
896 3786 902 3800 ’

119 3889 149 3974 δ)
177 3895 304 3974 Cogita,
319 3914 410 3992 peram
425 3893 524 3974 mrpir
539 3893 582 3954 eit
595 3892 664 3954 viro
680 3891 813 3970 gemitur
824 3890 1058 3965 elementabilie,
1080 3898 1110 3947 et

31 3997 125 4057 fletus
143 3997 322 4072 muliebris,
339 4017 365 4055 e.
382 3997 432 4065 2-3.
456 3998 551 4073 §.55
569 3997 620 4064 56.
643 4016 668 4054 c.
684 3991 735 4060 24.
758 3993 784 4071 5
801 3992 852 4061 57.
875 4003 997 4068 contra,
1019 4011 1110 4070 quam

31 4098 198 4159 honestum
212 4097 424 4173 eit„dolorem
438 4097 557 4177 placide
572 4104 663 4175 etque
679 4095 779 4155 sedate
793 4094 881 4154 ferre.
904 4116 930 4154 c.
946 4092 997 4161 24.
1017 4093 1044 4167 §.
1059 4093 1110 4158 58.

33 4203 86 4273 59.
121 4199 199 4263 ,Ηοο
212 4198 306 4278 igitur
322 4199 380 4260 tibi
392 4219 545 4281 propone:
568 4196 802 4279 amplitudinem
822 4195 937 4273 enimi,
956 4211 1121 4272 quaema-
1225 4193 1228 4197 ’
