2640 4626
114 207 179 282 316
288 242 295 271 .
361 215 641 268 rosunumenuu
659 215 939 269 nrsru'ra‘nouou

114 339 329 440 relinquitur,
353 337 503 437 possitne
519 335 594 434 quis
612 335 729 409 beatus
747 365 838 425 esse,
862 336 1022 436 quamdiu
1035 352 1191 435 torquea-

116 460 179 516 tur.
217 440 474 538 Quamobrem
492 437 558 510 hoc
570 465 659 512 nuuc
679 444 892 538 quaeramus:
917 439 1054 513 virtutes
1068 455 1191 526 autem,

116 544 185 618 uoli
200 543 323 644 vereri,
348 570 391 614 ue
408 540 615 640 expostulent
631 557 663 614 et
682 558 877 641 querantur,
903 571 939 617 se
964 573 983 616 a
1005 543 1103 615 beata
1124 541 1191 614 vita

119 675 191 721 esse
206 645 346 719 relictas.
398 643 435 717 Si
452 642 540 717 enim
554 641 643 716 nulla
659 644 762 716 virtus
777 645 954 744 prudentia
971 661 1083 733 vacat,
1109 672 1190 744 pru-

117 748 230 823 dentia
245 747 320 848 ipsa
340 746 405 819 boc
421 745 526 831 videt,
551 774 620 817 non
637 747 745 818 omnis
765 747 873 819 bonos
893 775 964 820 esse
990 747 1088 821 etiam
1113 747 1191 819 bea-

117 869 190 939 tos;
216 850 382 948 multaque
406 848 447 920 de
465 849 511 920 M.
533 847 655 934 Atilio,
695 848 737 944 Q
758 849 958 949 Caepione,
983 851 1030 921 Μ’
1052 848 1190 948 Aquilio

116 953 326 1028 recordatur:
352 951 547 1048 beatamque
562 952 679 1037 vitam,
706 950 748 1049 (si
771 950 972 1049 imaginibus
992 952 1107 1051 potius
1130 952 1190 1038 uti,

118 1084 215 1156 quam
233 1055 333 1127 rebus
347 1052 431 1152 ipsis
448 1050 580 1151 placet)
607 1070 779 1126 conantem
798 1055 846 1127 ire
872 1055 907 1126 in
926 1053 1115 1153 equuleum,
1140 1082 1190 1127 re-

116 1161 200 1231 tinet
214 1157 287 1255 ipsa
304 1154 481 1255 prudentia
494 1162 524 1242 ⁵,
549 1172 711 1254 negatque
729 1157 757 1229 ei
777 1185 850 1228 cum
868 1156 982 1230 dolore
997 1173 1029 1229 et
1042 1156 1188 1229 cruciatu

55 1245 61 1269 ι
117 1261 299 1361 quidquam
316 1286 387 1330 esse
406 1285 604 1335 commune.

219 1362 274 1434 Vl.
327 1369 386 1443 15.Ι
407 1363 455 1432 M.
480 1359 590 1433 Facile
607 1360 726 1459 patior,
751 1377 783 1432 te
800 1359 864 1432 isto
882 1360 984 1432 modo
1002 1388 1119 1457 agere:
1145 1377 1186 1432 et·

118 1465 147 1538 si
165 1463 316 1562 iniquum
332 1478 381 1534 est
396 1462 622 1562 praescribere
640 1462 723 1534 mibi
736 1479 777 1549 te,
804 1462 1087 1560 quemadmodum
1105 1491 1122 1535 a
1139 1492 1187 1535 me

65 1639 69 1647 ,
118 1565 282 1667 disputari
298 1562 387 1639 velis.
423 1564 483 1636 sed
505 1591 648 1662 quaero,
674 1581 782 1636 utrum
807 1563 934 1663 aliquid
958 1581 1067 1639 actum
1093 1592 1188 1664 supe-

118 1668 264 1741 rioribus
289 1665 425 1752 diebus,
451 1692 493 1737 an
515 1665 599 1738 nibil
620 1666 841 1738 arbitremur?
891 1671 932 1740 A.
956 1667 1081 1740 Actum
1103 1695 1188 1754 vero,

119 1787 151 1844 ct
165 1770 365 1869 aliquantum
388 1766 531 1866 quidem.
581 1771 629 1840 M.
654 1768 776 1866 Atqui,
803 1767 836 1840 si·
855 1767 900 1840 ita
923 1784 989 1856 est,
1015 1769 1187 1869 profligata

118 1875 185 1946 iam
216 1872 297 1944 haec
322 1886 353 1943 et
381 1897 486 1968 paene
509 1870 552 1941 ad
575 1869 696 1942 exitum
712 1870 853 1942 adducta
869 1870 1018 1970 quaestio
1043 1890 1102 1945 est.
1152 1878 1188 1946 A.

119 1976 198 2072 Quo
225 1972 358 2046 tandem
374 1972 498 2044 modo?
548 1975 596 2044 M.
623 1970 711 2067 Quia
733 1989 842 2044 motus
868 1972 1066 2061 turbulenti,
1092 1974 1189 2047 iacta-

118 2078 291 2175 tionesque
308 2074 495 2148 animorum
507 2074 662 2147 incitatae
683 2090 713 2147 et
724 2075 850 2175 impetu
866 2074 1114 2149 inconsiderato
1130 2076 1189 2151 ela-

118 2196 190 2266 tae,
216 2177 378 2250 rationem
408 2204 539 2250 omnem
573 2175 786 2275 repellentes,
811 2177 895 2250 vitae
923 2179 1038 2251 beatae
1068 2179 1188 2253 nullam

120 2297 247 2381 partem
264 2278 462 2380 relinquunt
501 2277 576 2378 quis
596 2278 683 2351 enim
705 2294 832 2379 potest,
857 2297 995 2355 mortem
1027 2299 1085 2356 aut
1102 2281 1191 2355 dolo-

120 2412 191 2458 rem
206 2398 372 2468 metuens,
399 2409 538 2480 quorum
556 2379 693 2454 alterum
712 2409 810 2480 saepe
829 2382 931 2468 adest,
957 2382 1096 2458 alterum
1111 2413 1191 2458 sem-

120 2514 181 2587 per
196 2484 383 2584 impendet,
410 2511 481 2556 esse
497 2511 566 2554 nou
580 2482 703 2556 miser?
741 2483 872 2581 quid⁶,
913 2485 940 2556 si
959 2485 1057 2559 ‘idem
1088 2487 1192 2588 (quud

121 2588 315 2689 plerumque
342 2584 393 2678 fit)
426 2601 671 2685 paupertatem,
695 2584 931 2683 ignominiam,
957 2587 1133 2662 infamiam
1157 2590 1194 2661 ti-

121 2707 205 2776 met,
232 2688 261 2759 si
286 2685 505 2773 debilitatem,
533 2687 739 2772 caecitatem
766 2687 794 2759 si
818 2688 978 2787 denique,
1012 2692 1108 2790 quod
1131 2722 1195 2765 nou

116 2790 261 2890 singulis
279 2789 490 2876 hominibus,
516 2789 576 2862 sed
594 2788 785 2889 potentibus
804 2789 938 2890 populis
964 2820 1064 2892 saepe
1091 2795 1194 2868 conti-

121 2895 187 2992 git,
212 2893 419 2966 servitutem:
445 2907 555 2991 potest
572 2919 609 2964 ea
624 2891 744 2964 timens
761 2920 833 2965 esse
855 2894 1030 2993 quisquam
1054 2895 1195 2970 beatus?

124 3005 180 3075 16.
207 2993 319 3090 Quid,
345 2994 485 3093 quinon
502 2994 609 3078 modo,
625 3022 663 3066 ea
685 2993 794 3067 futura
819 2993 929 3083 timet,
954 3025 1067 3070 uerum
1098 3001 1194 3073 etiarn

78 3104 80 3108 ’
123 3098 186 3169 fert
206 3097 409 3194 sustinetque
432 3095 642 3194 praesentia?
668 3095 753 3168 adde
778 3097 894 3170 eodem
920 3098 1051 3186 exsilia,
1078 3100 1197 3188 luctus,

124 3199 299 3272 orbitates:
326 3198 383 3296 qui
397 3197 496 3270 rebus
513 3198 567 3269 his
585 3198 718 3286 fractus,
744 3199 949 3297 aegritudine
966 3199 1114 3292 eliditur,
1140 3233 1197 3305 po,-

190 3391 206 3444 5
223 3386 283 3435 Em.
301 3385 333 3434 de
347 3385 395 3434 Da.
412 3382 539 3434 sententia
555 3383 632 3434 verba
648 3384 711 3453 ipsu
723 3384 870 3453 prudentia
891 3384 964 3436 uncie
978 3384 1067 3439 cinxit.
1104 3391 1196 3439 Imme-

123 3455 189 3512 rit05
206 3470 266 3504 uum
280 3451 307 3502 iu
324 3450 365 3501 his
383 3449 445 3519 ipsis
461 3449 547 3501 verbio
562 3450 670 3503 multum
683 3451 804 3519 ponderis
820 3451 933 3520 positum
948 3463 994 3516 est,
1013 3463 1041 3505 et
1055 3454 1123 3507 aliae
1138 3475 1197 3525 qno·

122 3539 171 3589 que
195 3521 283 3573 Cicero
307 3527 368 3588 post
392 3517 556 3585 parenthesin
572 3536 627 3568 eam
645 3536 749 3578 vocem,
768 3518 796 3568 in
819 3538 869 3586 qua
893 3520 1037 3572 sententiae
1060 3521 1104 3573 ris
1125 3524 1198 3584 inest,

121 3599 236 3657 repetere
268 3587 343 3637 solet.
377 3586 408 3636 V.
427 3586 551 3635 Goerenz.
575 3585 608 3636 ad
633 3586 752 3636 Acaderu.
787 3589 819 3637 ΙΙ.
843 3588 886 3644 34.
912 3607 938 3656 p.
961 3594 1022 3646 200.
1074 3594 1157 3648 60r.
1176 3611 1197 3642 c.

15 3696 23 3709 .
122 3658 200 3706 Goer.
217 3654 251 3704 ad
268 3654 347 3705 Acad.
365 3657 397 3704 Il.
415 3654 437 3722 §.
455 3660 480 3711 5.
515 3654 606 3718 Quid?
623 3654 648 3703 ei
661 3663 711 3704 etc.

174 3756 233 3805 Car.
258 3757 303 3807 vt.
321 3759 361 3813 15.
376 3754 536 3824 profligato)
561 3757 595 3804 H.
620 3772 642 3804 e.
675 3757 720 3805 tv.
739 3755 779 3812 11.
796 3755 877 3805 Adest
891 3785 923 3794 —
946 3757 976 3806 L.
993 3746 1144 3821 Lucullus,
1160 3758 1199 3826 qui

122 3832 332 3890 magnaexparte
342 3820 466 3871 confecta.
480 3822 563 3873 Sioad
571 3821 643 3871 Divv.
678 3841 704 3872 se
722 3838 775 3872 nun
787 3820 906 3890 opinari,
924 3824 972 3873 sed
987 3824 1064 3883 scire3
1085 3844 1140 3877 non
1155 3845 1199 3877 au-

123 3892 183 3950 XH,
208 3895 251 3946 30.
276 3888 411 3955 profligato
433 3889 501 3951 bello
520 3906 550 3939 ac
563 3906 645 3956 paene
678 3889 778 3948 divisse,
795 3891 843 3939 sed
858 3890 964 3949 vidisse;
980 3909 1033 3941 nun
1048 3892 1200 3952 interfuisse,

123 3958 233 4008 subluto.
252 3957 283 4006 V.
308 3955 408 4004 Ernesti
431 3955 501 4006 ctav.
529 3957 643 4008 Ciceron.
678 3957 726 4006 sed
735 3956 814 4022 egisse
828 3958 897 4008 dicit.
912 3959 944 4008 V.
955 3961 1072 4011 Goerenz
1083 3962 1118 4012 ud
1126 3962 1199 4013 Acad.

124 4046 144 4077 θ·
157 4042 182 4074 V·
320 4073 321 4077 ,
678 4027 711 4073 ll·
727 4030 769 4087 23,
785 4030 825 4082 73·
844 4044 869 4092 1¹·
890 4030 945 4084 136·

175 4109 227 4142 non
242 4089 359 4156 singulis
375 4088 645 4160 bominibur,sedpo-
691 4092 694 4101 ¹

127 4156 369 4275 tentiburpopulie)
394 4157 458 4207 Pro:
480 4173 531 4207 non
547 4167 645 4221 tautum
731 4161 770 4216 16.
795 4159 926 4226 eliditur)
946 4155 1089 4230 bangitur',
1111 4164 1201 4216 debili-

127 4247 148 4279 e.
165 4228 199 4291 h.‚
214 4243 241 4276 se
272 4243 297 4293 p.
312 4223 421 4293 populis.
431 4241 478 4292 pro
488 4224 564 4278 Arch.
574 4226 646 4275 Poet.
682 4235 759 4276 tatur.
