2640 4626
541 192 724 245 uranum.
741 196 782 252 ro
1137 190 1200 258 227

226 312 319 385 XIX.
369 316 428 392 44.
454 312 543 385 Haec
569 311 715 411 Epicuro
743 310 928 385 confitenda
952 330 1045 402 sunt3
1071 335 1126 389 aut
1152 348 1199 409 ca,

122 442 208 514 quae
231 414 332 486 modo
359 420 514 512 expressa
543 412 738 486 adverbum
757 412 845 501 dixi,
869 413 1016 488 tollenda
1034 416 1074 490 de
1092 419 1199 512 libr03

119 515 171 589 vel
187 528 276 587 totus
295 514 380 588 liber
397 516 509 615 potius
529 510 758 588 abiiciundus:
785 532 835 589 est
850 516 939 589 enim
956 519 1123 593 confertus
1141 553 1198 596 vo-

119 611 313 719 luptatibus.
365 607 602 714 Quaerendum
620 617 731 715 igitur,
757 619 1038 718 quemadmodum
1056 625 1198 723 aegritu-

120 720 201 795 dine
216 719 385 821 privemus
405 749 496 815 eum,
523 719 580 819 qui
598 719 644 792 ita
662 720 767 794 dicat:

160 875 205 890 -
225 842 299 918 Pol,
321 840 397 901 mihi
417 842 540 902 fortuna
560 842 654 921 magis
677 863 758 900 nunc
781 841 869 918 defit,
893 864 983 921 quam
1005 864 1107 922 genus.

163 929 300 1004 Namque
314 924 455 1004 ¹‘reguum
477 927 656 1006 suppetebat
677 927 736 985 mi:
758 935 794 985 ut
816 927 908 1003 scias,
933 938 1048 1005 quanto
1071 951 1087 989 e
1109 933 1195 1011 loco,

162 1010 293 1086 Quantis
314 1012 439 1090 opibus,
462 1012 565 1089 quibu’
588 1011 625 1069 de
644 1012 729 1070 rebu'
745 1010 835 1090 'lapsa
856 1012 976 1071 fortuna
1000 1015 1120 1076 occidat
1128 1016 1151 1076 ⁶.

118 1108 237 1205 Quid?
262 1107 339 1180 huic
364 1108 447 1181 calix
472 1108 569 1180 mulsi
593 1108 828 1207 impingendus
844 1127 911 1198 est,
937 1127 973 1182 ut
987 1111 1119 1214 plorare
1136 1115 1194 1189 de-

122 1210 235 1289 sinat?
260 1227 315 1281 aut
336 1209 463 1309 aliquid
480 1209 668 1283 eiusmodi?

193 1330 196 1335 '
220 1312 306 1385 Ecce
324 1311 388 1385 tibi
404 1341 442 1400 en
460 1311 560 1386 altera
577 1327 670 1411 parte
693 1311 737 1385 ab
754 1311 869 1384 eodem
885 1329 1002 1411 poeta:

163 1434 213 1492 Ex
232 1433 342 1514 opibus
365 1434 488 1492 summis
503 1434 575 1513 ‘opis
598 1453 701 1511 egens,
724 1431 853 1508 Hector,
874 1443 954 1492 tuae.

119 1532 209 1604 Huic
225 1531 401 1633 subvenire
418 1531 593 1607 debemus:
621 1530 747 1630 quaerit
767 1530 854 1603 enim
874 1530 1048 1606 auxilium:
1153 1531 1156 1537 ’

164 1652 248 1728 Quid
269 1663 368 1732 petam
388 1651 535 1734 praesidi,
557 1663 611 1712 aut
631 1653 799 1730 exsequar?
821 1672 919 1730 quove
940 1674 1023 1714 nunc

163 1738 297 1796 Auxilio
310 1731 383 1798 eirili
404 1747 457 1797 aut
477 1739 564 1816 fugae
585 1739 661 1796 sreta
682 1737 759 1819 siml

120 1856 124 1863 ·
162 1825 240 1881 Arce
262 1834 291 1893 et
307 1824 388 1881 urbe
405 1824 480 1882 orba
499 1843 575 1881 sum.
598 1842 658 1899 quo
680 1820 863 1906 accidamll
885 1841 945 1899 quo
966 1821 1141 1901 applicem?

164 1907 222 1966 Cui
243 1928 299 1966 uec
320 1928 387 1967 arae
406 1908 520 1986 patriae
537 1908 618 1966 dorni
634 1917 729 1978 stant3
753 1908 865 1964 fractae
880 1916 909 1962 et
924 1907 1066 1967 disiectae
1079 1909 1194 1970 iacent:

163 1994 247 2051 Fana
267 1992 386 2060 flamma
408 1993 584 2069 deflagrata:
606 1993 680 2050 tosti
700 1992 759 2049 alti·
775 1999 856 2049 stant
876 1991 1021 2069 parietes,

163 2077 339 2152 Deformati,
363 2087 452 2155 atquc
474 2077 570 2137 abiete
592 2076 688 2156 crispa
733 2119 740 2133 .
785 2119 791 2132 .
832 2060 843 2132 i

123 2174 229 2258 Scitis'
238 2230 247 2260 ,
273 2201 356 2273 quae
372 2191 568 2273 sequantur3
596 2189 627 2245 et
643 2171 725 2245 illud
743 2171 778 2242 iu
796 2170 931 2270 primis:

168 2297 194 2354 0
216 2305 319 2374 pater,
342 2296 491 2373 opatria,
514 2318 531 2355 o
553 2296 664 2357 Priami
686 2295 810 2351 domus!

166 2379 304 2461 (Septum
326 2381 454 2440 altisono
477 2379 599 2439 cardine
619 2379 765 2458 templum
775 2374 794 2456 !)

191 2515 217 2602 6⁶
243 2544 285 2595 Sic
300 2544 387 2611 vulgo.
404 2572 437 2585 ·-
454 2547 513 2596 Em.
532 2563 555 2595 c.
573 2542 630 2594 aliis
645 2543 759 2594 accidat.
794 2547 811 2599 7
818 2507 858 2592 iv.
876 2539 940 2589 Adn.

121 2663 170 2714 pro
195 2644 266 2694 aliud
291 2643 360 2711 quid.
406 2647 437 2695 V.
461 2643 593 2696 Ruhnken.
618 2643 646 2694 in
680 2644 750 2710 Quid
759 2654 848 2712 petam
858 2641 1198 2713 praecidiautexsequar?

121 2713 220 2763 Dictat.
239 2713 272 2761 ad
287 2713 390 2762 'l'erent
407 2715 499 2762 Heaut.
515 2715 535 2762 Ι.
553 2717 584 2772 1,
603 2716 644 2769 17.
769 2727 851 2778 quove
868 2726 938 2763 nanc
954 2710 1056 2759 auxilio
1072 2722 1120 2761 aut
1136 2713 1197 2778 fuga

123 2781 167 2830 Sic
191 2797 251 2829 mox
278 2797 299 2828 e.
325 2783 370 2839 19,
393 2780 438 2837 44.
473 2792 519 2829 aar
541 2777 647 2847 aliquid
680 2777 847 2831 Fretacim?
865 2794 927 2826 arce
940 2788 967 2825 et
978 2776 1042 2829 urbe
1050 2776 1114 2828 orba
1124 2797 1196 2832 eum:

122 2847 275 2898 eiusmodi?
297 2848 341 2897 IV.
357 2849 404 2908 24,
422 2851 463 2905 53.
488 2857 533 2897 aut
550 2844 647 2897 oratori
736 2842 738 2847 ’
762 2863 811 2913 qao
827 2842 963 2894 accedam?
980 2846 1030 2912 qao
1046 2846 1198 2915 applicem?

124 2924 234 2984 quaerat
248 2914 361 2982 aliquid.
680 2913 837 2965 Posteriores
860 2919 943 2961 autem
960 2929 1045 2962 versus
1062 2923 1121 2964 sunt
1137 2932 1196 2965 rur-

176 2999 237 3048 οη,
262 2999 338 3048 xlx,
367 2997 411 3055 44,
457 3015 585 3067 „prem
611 2997 648 3047 aa
681 3000 722 3032 sus
737 2978 880 3030 tetrametri
901 2978 1027 3029 trochaici
1046 2980 1196 3032 catalectici.

124 3065 242 3132 verbum)
268 3066 301 3116 v,
317 3081 393 3133 supra
409 3064 440 3115 ad
459 3084 481 3114 ο,
498 3067 530 3128 4,
549 3071 573 3123 7,
681 3051 739 3126 Vou
755 3047 834 3126 exili,
852 3062 918 3111 quae
931 3042 958 3094 in
971 3045 1083 3124 lectione
1096 3048 1198 3116 vulgata

673 3125 816 3175 omittitur,
834 3122 964 3180 comparet
975 3131 1003 3162 1n
1017 3112 1080 3164 Cod.
1094 3117 1158 3182 Reg.
1172 3126 1200 3166 et

178 3185 252 3245 eum,
270 3165 317 3235 qui
331 3165 372 3216 ²⁶²⁰
386 3165 467 3232 dimi)
485 3164 648 3247 narsussre-
681 3187 773 3244 Berm,
792 3191 819 3230 et
832 3179 1000 3258 compluribus
1015 3181 1080 3231 Edd.
1094 3194 1198 3234 vett.-
1265 3215 1271 3234 ι

124 3236 236 3286 lamonrs
255 3233 334 3285 verba
352 3251 366 3282 e
385 3234 532 3298 tragoedia,
559 3232 648 3300 qulbus
675 3249 765 3328 fuga?
784 3248 879 3314 legitur
892 3265 919 3297 ω
932 3247 996 3297 Ball,
1013 3259 1039 3299 εἴ
1053 3253 1115 3307 011,
1149 3252 1199 3300 Ρη)

125 3302 237 3366 exilium.
248 3318 319 3352 mum
335 3299 469 3368 delimate
485 3299 513 3378 ΞΠ
530 3299 600 3367 q¹¹⁰d
615 3299 648 3349 ⁰¹¹
700 3331 796 3378 atriae,
813 3315 883 3382 quod
895 3323 976 3364 metro
992 3327 1125 3383 repugnat,
1143 3319 1199 3366 cu'm

124 3371 233 3421 fratrem
257 3368 371 3418 Phocum
397 3383 412 3418 a
436 3385 463 3417 se
486 3367 649 3417 mterfectum
679 3337 799 3437 {efficio
814 3381 973 3432 scribendum
988 3392 1027 3431 est
1059 3385 1135 3434 wig·

124 3437 215 3515 Pulsus
230 3436 320 3485 fuerat·
356 3435 394 3484 Cf·
415 3437 436 3503 i·
452 3439 495 3492 39·
518 3434 615 3485 Neide·
733 3469 783 3530 pao
798 3449 931 3512 occidam)
954 3447 995 3497 Sic
1049 3449 1122 3499 olfius
1143 3465 1200 3498 cum
1246 3458 1248 3463 “

176 3504 242 3584 3³91)
259 3506 324 3553 ⁸¹¹¹st
337 3520 421 3581 {¹¹3⁵OE
435 3501 577 3552 lei-Tametsi
591 3511 650 3579 “q'
683 3504 786 3570 Davisio
809 3515 911 3583 scripsit
929 3531 975 3582 pro
994 3515 1099 3581 vulgato
1122 3534 1199 3566 acce·

125 3571 211 3623 ⁰h²¹⁰¹
235 3570 386 3649 maleque&
406 3597 440 3608 ··
482 3568 556 3635 Defi²
580 3577 650 3618 ΜΠ·
684 3588 754 3637 dam.
794 3582 937 3643 Sententia:
968 3581 1001 3641 ad
1025 3583 1095 3633 cuius
1117 3601 1200 3650 genua

124 3657 177 3708 ‘1¹¹0
194 3654 243 3706 1¹1⁰
260 3637 355 3688 defifflt·
405 3654 407 3661 '
444 3704 448 3711 ,
683 3653 790 3721 supplex
804 3650 927 3701 accidant.

180 3741 214 3773 ex
226 3721 326 3791 opibus)
341 3719 650 3772 Estseuariusiambicus.
726 3719 811 3770 abiete
821 3717 920 3786 crispa)
932 3716 1025 3778 Quales
1033 3719 1118 3768 trebes
1127 3718 1200 3770 abie-

180 3791 265 3854 Huic)
283 3789 344 3839 Scit.
363 3787 568 3848 Andromachae,
587 3805 651 3854 quae
684 3806 748 3856 gnae
763 3803 816 3836 esse
833 3785 925 3845 solent,
944 3802 1000 3835 curn
1013 3795 1073 3835 sunt
1087 3786 1201 3849 adustae,

126 3859 194 3909 haec
214 3857 293 3907 verba
317 3857 417 3924 profert
440 3856 510 3924 apud
533 3855 648 3906 Ennium.
684 3873 736 3906 non
751 3855 828 3922 plane
844 3853 1004 3919 combustae,
1021 3853 1060 3903 uti
1073 3854 1202 3904 Ernestius

128 3930 224 3979 Versus
250 3933 336 3975 autern
362 3924 406 3991 qui
430 3934 570 3992 sequuntur
599 3933 651 3973 tres
675 3923 877 3990 interpretatur.
900 3919 1038 3971 Forcellini
1051 3921 1129 3972 Thes.
1143 3923 1201 3972 Lat.

128 3993 236 4062 priores,
251 3982 572 4043 suntcr’etieiretrameui:
588 4005 652 4057 quos
686 4010 705 4042 s.
721 4008 746 4040 v.
764 3988 887 4056 explicati
905 3988 970 4058 igne
983 4001 1135 4058 corrugata.

129 4062 164 4112 ad
181 4077 300 4110 numeros
323 4075 382 4108 suos
398 4059 529 4110 revocavit
544 4057 653 4109 Bentleii
738 4061 760 4108 0
792 4069 850 4107 ater
876 4058 941 4106 Sunt
953 4056 1108 4124 anapaestici
1121 4056 1204 4104 dime-

130 4134 255 4180 acumcn.
274 4127 382 4191 -Vulgo,
409 4143 457 4176 nec
477 4126 552 4177 aliter
567 4125 594 4177 in
612 4125 652 4177 ed.
685 4124 730 4176 tri.
791 4121 1053 4184 .sura1.35‚85.
1088 4125 1204 4173 Ceterum

129 4199 248 4257 Ernest,
266 4193 303 4244 sic
320 4192 518 4247 exhibebantur:
687 4201 762 4262 pater
778 4192 818 4247 im
853 4190 958 4260 ‘gendos
978 4201 1017 4240 est
1030 4191 1139 4251 Eetion,
1160 4207 1209 4239 rex

923 4264 1003 4330 u*
1067 4276 1115 4365 j
