2640 4626
105 176 111 219 *
559 233 687 286 trentt
703 236 735 285 11.
752 238 796 294 21·
1154 225 1214 294 181

139 346 287 425 bomine
303 350 494 425 deformius.
520 350 580 425 sed
603 356 736 451 praesto
761 345 811 425 est
840 352 975 425 domina
1000 351 1148 424 omnium
1178 371 1210 428 et

136 454 265 553 regina,
291 454 387 541 ratio,
413 483 497 553 quae
511 454 652 526 connixa
670 482 732 554 per
748 482 801 541 se,
828 472 859 527 ct
873 482 1050 556 progressa
1065 453 1209 552 longius,
1314 543 1318 549 ⁴

134 555 174 629 lit
199 556 346 656 perlecta
366 555 477 628 virtus.
503 555 585 629 haec
602 573 639 628 ut
654 556 793 658 imperet
808 557 855 630 illi
870 559 958 657 p'arti
977 555 1096 645 animi,
1121 585 1207 657 quae

135 658 277 733 obedire
293 658 408 747 debet,
433 658 470 731 id
483 658 664 731 videndum
679 675 729 732 est
745 659 826 732 viro.
877 664 934 739 48.
961 658 1119 755 Quonam
1135 688 1206 733 mo-

133 760 208 833 do?
234 761 374 859 inquies.
398 806 444 818 -·
496 760 558 834 Vel
583 778 619 833 ut
637 760 793 834 domiuus
808 790 920 849 serto,
944 761 996 834 vel
1012 778 1047 835 ut
1062 760 1205 862 impera-

132 879 190 935 tor
213 862 329 947 militi,
353 862 404 936 vel
428 868 495 934 ut⁶
524 868 646 963 parens
673 863 752 936 filio.
804 862 840 936 si
867 863 1059 964 turpissime
1087 891 1123 937 se
1149 863 1204 938 illa

130 992 215 1066 pars
230 964 333 1038 animi
348 981 456 1065 geret,
482 994 581 1066 quam
597 967 667 1039 diri
682 994 754 1040 esse
768 964 919 1054 mollem:
944 966 973 1040 si
985 994 1027 1053 ¹se
1051 966 1202 1039 lamentis

129 1066 340 1141 muliebriter
363 1066 573 1168 lacrimisque
599 1069 711 1142 dedet:
736 1067 916 1156 vinciatur,
943 1086 974 1142 et
996 1069 1202 1168 constringa-

128 1185 187 1242 tur
200 1169 383 1244 amicorum
398 1171 728 1272 propinquorumque
743 1171 912 1244 custodiis.
937 1199 1036 1272 saepe
1052 1171 1140 1244 enim
1152 1172 1201 1245 vi-

128 1272 296 1360 dimus⁷,
320 1271 443 1346 fractos
468 1274 616 1374 pudore,
643 1275 700 1373 qui
725 1273 853 1346 ratione
879 1272 968 1345 nulla
984 1274 1199 1347 vincerentur.

129 1403 212 1472 ergo
228 1374 290 1447 hos
308 1374 452 1473 quidem,
469 1393 506 1447 ut
522 1375 675 1464 famulos,
692 1374 809 1449 vinclis
827 1403 933 1475 prope
948 1391 980 1448 et
996 1375 1147 1448 custodia
1159 1382 1199 1466 ⁸3

128 1477 189 1576 qui
203 1493 324 1550 ¹autern
341 1495 436 1551 eruut
455 1478 637 1567 firmiores,
662 1507 723 1552 nec
738 1494 846 1551 tamen
863 1478 1111 1564 robustissimi,
1134 1478 1198 1551 hos

128 1579 303 1651 admonitu
331 1581 514 1681 oportebit,
538 1597 575 1653 ut
585 1582 695 1654 bonos
711 1580 851 1669 milites,
875 1597 1063 1669 reuocatos,
1088 1579 1199 1679 digni-
1228 1660 1238 1675 .
1275 1648 1282 1667 χ

125 1698 227 1755 tatem
242 1680 337 1754 tueri.

228 1785 306 1857 Non
334 1783 435 1857 nimis
459 1784 494 1857 in
515 1784 644 1885 Niptris
670 1784 724 1859 ille
746 1785 1013 1885 sapientissimus
1034 1784 1196 1860 Graeciae
1237 1862 1239 1867 Α

126 1884 262 1960 saucius
276 1886 488 1975 lamentatur,
513 1887 562 1960 vel
579 1887 710 1962 modice
725 1889 855 1987 potius:

208 2008 396 2068 Pedetente‘m
405 2050 417 2078 ‚
437 2009 557 2087 inquit,
580 2009 631 2068 αι’)
653 2010 757 2070 sedato
778 2013 867 2070 nisu!

212 2097 258 2153 Ne
277 2115 425 2154 succusso
445 2098 579 2175 arripiat
600 2098 700 2156 maior

207 2180 308 2239 Dolor
392 2225 400 2239 .
486 2225 493 2238 .
711 2197 714 2207 ·

119 2283 180 2357 49.
207 2275 385 2374 (Pacuvius
417 2276 509 2350 hoc¹
536 2264 672 2365 melius,
697 2246 795 2376 qiram
819 2276 1022 2376 Sophocles:
1049 2277 1140 2378 apud
1153 2275 1192 2348 il·
1236 2372 1241 2379 ἢ

119 2378 191 2450 lum
217 2378 304 2451 enim
329 2407 488 2479 perquam
513 2377 666 2452 flebiliter
680 2379 825 2452 Uliues2
853 2377 1050 2452 lamentatur
1073 2380 1106 2451 in
1123 2376 1191 2451 vol-

117 2489 232 2575 nere:)
257 2498 367 2555 tamen
388 2481 465 2555 huic
491 2480 604 2555 leviter
629 2481 789 2582 gementi,
815 2480 863 2554 illi
885 2481 970 2582 ipsi,
995 2480 1052 2581 qui
1081 2480 1191 2552 serunt

186 2684 260 2744 esic
280 2685 342 2736 Cod.
360 2685 462 2736 Bnlliol.
481 2690 543 2743 021.
561 2688 593 2738 Ι).
611 2717 644 2725 -
670 2688 729 2738 nm.
748 2705 770 2737 c.
787 2685 856 2753 vulg.
879 2696 920 2735 ter
941 2685 1021 2736 velut.
1072 2683 1148 2743 7Sic
1164 2700 1187 2734 c.

114 2753 158 2804 nl.
176 2771 228 2802 sec.
252 2755 283 2802 D.
309 2755 368 2803 Ern.
394 2755 476 2803 Recte
493 2757 535 2804 Or.
554 2755 666 2805 restitnit
689 2754 824 2814 videmus,
859 2763 888 2804 ut
909 2753 936 2803 in
959 2751 1088 2804 sententia
1107 2767 1187 2817 gene·
1230 2772 1236 2784 ¹

115 2820 175 2872 rali.
212 2825 229 2879 8
246 2819 287 2870 stc
301 2819 387 2887 plures
397 2821 479 2870 codd.
499 2823 548 2884 D.,
566 2822 614 2872 nisi
630 2820 760 2889 quodW.
777 2840 810 2872 ac
826 2832 892 2872 eust.
909 2821 1018 2871 mutavit
1032 2818 1187 2886 nescio‘qna

116 2906 209 2938 caussa
223 2889 251 2936 in
265 2900 291 2938 et
305 2899 369 2937 cust.
402 2889 487 2954 Vulgo
502 2889 644 2939 addebatur
656 2908 811 2940 arceamus:
828 2906 875 2957 pro
891 2905 942 2956 quo
956 2889 1017 2939 Em.
1036 2904 1067 2937 ex
1077 2885 1124 2937 Ed.
1132 2894 1184 2934 vet.

115 2955 200 3005 Bouh.
218 2973 389 3005 coerceamus.
422 2955 497 3014 9Sic
515 2955 611 3006 Charis.
627 2958 658 3007 D.
676 2957 743 3007 Lall.
760 2958 791 3009 V.
807 2956 872 3007 Ado.
909 2955 981 3014 18ic
999 2956 1085 3024 plures
1103 2951 1183 3004 Codd.

115 3024 201 3072 otto.
216 3022 283 3073 Lall.
300 3052 333 3062 -
347 3023 406 3074 Ern.
422 3042 444 3074 c.
469 3023 538 3090 vulg.
564 3023 638 3074 leaeo.
679 3026 774 3082 2Ern.
801 3043 822 3075 c.
841 3024 896 3075 aliis
914 3024 1034 3090 Ulysses.

115 3157 203 3224 Vulgo
237 3157 384 3224 legebatur,
418 3175 465 3208 nec
503 3158 578 3208 aliter
609 3157 637 3208 in
670 3157 706 3208 cit
724 3156 766 3208 v'el
781 3159 867 3228 potius
884 3158 997 3209 imitatus
1011 3164 1058 3208 est.
1092 3157 1185 3208 Versus

115 3225 178 3275 edit.
203 3226 367 3298 Ernestiunug
393 3226 565 3297 languidum,
591 3244 637 3276 se-
671 3226 743 3276 citati
757 3237 817 3276 sunt
835 3227 1002 3278 ePacnvio.“
1027 3225 1124 3277 Neide.

116 3292 180 3342 nile.
217 3293 247 3342 Si
266 3293 340 3345 nibil
359 3293 450 3354 atiud,
475 3294 548 3344 nihil
566 3305 637 3344 esset
718 3295 899 3361 Pedetentim)
926 3298 991 3344 Sunt
1013 3310 1098 3342 versus
1119 3307 1184 3341 ana-

117 3359 225 3410 homine
242 3358 395 3429 deformius.
429 3365 532 3412 Atrox
551 3362 637 3412 senile
669 3362 785 3430 paestici,
803 3362 835 3412 od
851 3379 909 3412 suos
923 3378 1039 3411 numeros
1054 3377 1069 3408 a
1080 3356 1183 3408 Darisio

114 3427 184 3479 haud
207 3428 283 3479 dubie
303 3439 365 3481 nata
385 3438 424 3479 est
444 3445 459 3478 e
478 3428 573 3479 litteris
591 3445 635 3479 se-
668 3430 805 3480 rev'ocati.·
824 3430 908 3495 Vulgo
924 3428 1074 3494 legebatur:
1093 3423 1183 3476 Pede-
1257 3472 1259 3477 ,

116 3495 263 3564 quentibus,
276 3496 448 3547 maleiteratis
457 3490 635 3563 :quaterem
667 3499 761 3547 sentim
768 3536 776 3559 ,
793 3490 880 3565 inquit
885 3535 893 3558 ,
911 3497 949 3547 ite
962 3506 988 3544 et
1003 3493 1097 3544 sedato
1112 3492 1182 3551 nisu,

114 3581 186 3626 eam,
205 3564 385 3631 praceuntibus
402 3564 535 3625 Manutio,
553 3565 634 3614 Lam-
668 3581 702 3613 ne
717 3593 752 3602 -
770 3565 848 3614 dolor
863 3563 984 3613 contiuuo
1006 3559 1108 3610 ordine:
1134 3575 1191 3608 nec·

114 3630 192 3694 bino,
211 3630 289 3693 aliis:
306 3632 538 3682 exterminaverim
551 3631 633 3694 Davi·
667 3632 744 3682 aliter
766 3632 810 3693 hic
831 3632 903 3682 locus
934 3629 963 3679 in
991 3627 1058 3678 edit.
1082 3629 1192 3677 Eruest..

115 3697 179 3761 sius,
198 3698 325 3760 Wollius,
342 3699 498 3750 Schuetzins.
667 3698 808 3749 exhibetur.
851 3698 918 3748 Illud
940 3699 993 3758 ite,
1018 3693 1088 3763 quod
1112 3702 1182 3744 recte

163 3767 282 3816 connixa
292 3786 343 3837 per
357 3769 408 3834 se),
423 3770 457 3817 H.
471 3784 494 3816 e.
510 3767 562 3816 suis
577 3767 632 3835 ipsa
667 3766 874 3829 eiecitDavisius,
891 3776 976 3816 ortum
985 3763 1086 3813 videtur
1096 3779 1111 3811 a
1121 3778 1181 3838 ver—

117 3833 209 3884 tiribus
226 3845 378 3895 sustentata.
666 3834 705 3884 bis
717 3835 804 3903 inquit
816 3847 857 3896 et,
875 3845 901 3885 et
915 3842 1041 3884 retentum
1056 3841 1103 3892 est,
1122 3845 1181 3896 qma

160 3904 206 3959 48.
245 3903 275 3951 in
299 3902 422 3972 Niptris)
455 3900 589 3968 „Nimoot
614 3899 633 3968 ἢ
666 3900 808 3952 sententiae
830 3901 995 3970 complendae
1016 3896 1130 3949 inservit.
1148 3923 1180 3933 -

115 3963 267 4030 Ὀδυσσεὺς
282 3968 467 4037 decedendi}
487 3981 526 4020 est
539 3987 633 4020 nomen
666 3969 797 4019 Sententia
814 3969 904 4020 horum
919 3984 1037 4020 versuum
1051 3976 1090 4016 est
1103 3963 1180 4014 haec:

99 4034 217 4087 tabulae
242 4037 360 4088 scenicae
382 4037 531 4106 Sophoclis,
563 4037 633 4088 cuius
666 4037 826 4087 Pedetentim
848 4038 914 4088 ferte
936 4053 1028 4104 corpus
1050 4049 1132 4085 meum
1154 4037 1181 4107 ft

114 4115 291 4170 argumentum
314 4106 363 4154 fuit
379 4121 449 4172 mors
463 4105 534 4155 Ulixi
549 4105 633 4173 pasti·
664 4103 736 4155 lento
748 4104 863 4167 incessu,
881 4122 914 4154 ne
927 4099 1109 4154 vehementiori
1123 4111 1180 4163 agt-

109 4184 193 4222 nacae
217 4173 290 4222 radio
313 4172 360 4222 icti
381 4188 397 4220 a
417 4171 549 4239 Telegono
570 4171 632 4223 lilio.
665 4172 765 4223 tatione
779 4170 861 4224 maior
877 4173 952 4223 dolor
966 4188 1005 4220 mc
1022 4168 1134 4236 arripiat-0
1183 4215 1186 4219 .

108 4235 188 4291 Hane
201 4239 314 4291 fabulam
330 4238 454 4291 Pacuvius
467 4238 575 4295 latinam
590 4240 632 4290 fe·
716 4241 760 4301 49.
785 4240 860 4314 opud
874 4239 969 4306 illumi
999 4236 1067 4288 beb-
1079 4230 1192 4299 bonno-
