2640 4626
195 153 263 249 958
444 180 1024 237 nuscunnuanummseunamonum

196 304 350 407 luptatis3
376 302 444 376 sive
477 301 594 389 etiarn,
621 301 700 401 quia
731 300 816 374 nihil
848 298 1015 400 prolatum
1047 314 1118 371 erat
1145 297 1272 384 melius,

197 408 298 494 illud,
326 405 418 505 quod
444 421 530 491 erat,
555 407 720 478 tenebant.
772 414 803 484 7.
828 403 910 475 Post
937 400 1143 475 Amafinium
1165 417 1270 474 autem

197 510 292 584 multi
320 508 468 581 eiusdem
493 507 613 580 aemuli
636 505 775 580 rationis
802 504 904 578 multa
928 533 1030 605 quum
1049 503 1271 604 scripsissent,

198 612 327 687 ltaliam
358 627 460 682 totam
490 625 751 709 occupaverunt:
786 608 941 708 quodque
967 607 1149 681 maximum
1179 635 1272 705 argu-

198 730 346 790 mentum
379 729 446 801 est,
471 742 538 786 non
576 710 644 784 dici
678 710 735 784 illa
761 709 943 798 subtiliter,
969 709 1062 809 quod
1088 715 1147 783 et³
1180 709 1271 782 facile

200 817 407 903 ediscantur,
434 831 465 889 et
489 816 530 888 ab
554 814 698 888 indoctis
723 814 924 914 probentur,
950 812 987 886 id
1015 811 1062 885 illi
1085 810 1271 886 firmamen-

192 936 267 1011 tum
287 946 359 992 esse
375 916 570 1017 disciplinae
585 932 710 1017 putant.
1152 999 1156 1007 ¹

300 1021 355 1093 lV.
395 1019 463 1093 Sed
487 1019 644 1094 defendat
666 1017 759 1118 quod
785 1017 924 1117 quisque
948 1016 1061 1091 sentit:
1088 1032 1169 1090 sunt
1189 1017 1271 1090 enim

200 1122 325 1219 iudicia
351 1119 474 1195 libera:
508 1150 570 1194 nos
602 1121 787 1193 institutum
815 1119 1020 1207 tenebimus,
1052 1117 1268 1219 nulliusque⁴

200 1224 299 1299 unius
328 1223 525 1324 disciplinae
552 1222 681 1322 legibus
711 1222 878 1309 adstricti,
912 1222 1034 1321 quibus
1061 1221 1096 1293 in
1123 1220 1272 1322 philoso-

198 1327 278 1429 phia
304 1327 492 1400 necessario
509 1353 695 1426 pareamus,
721 1324 804 1424 quid
821 1323 915 1396 sitin
936 1352 1066 1433 quaque
1081 1352 1117 1397 re
1132 1323 1273 1397 maxime

198 1428 394 1530 probabile,
419 1456 552 1528 semper
577 1428 792 1528 requiremus.
817 1427 909 1529 quod
934 1454 1036 1526 quum
1061 1446 1166 1527 saepe
1187 1424 1274 1511 alias,

199 1549 269 1604 tum
295 1560 403 1633 nuper
431 1531 466 1604 in
483 1531 672 1604 Tusculano
692 1528 840 1603 studiose
856 1528 991 1627 egimus.
1042 1528 1159 1628 ltaque
1177 1556 1273 1628 expo·

198 1633 272 1709 sitis
297 1632 398 1706 tridui
427 1632 729 1732 disputationibus,
756 1647 890 1732 quartus
918 1631 989 1704 dies
1007 1631 1072 1704 hoc
1086 1630 1178 1704 libro
1202 1660 1276 1704 eon-

141 1757 148 1767 '
199 1735 383 1811 cluditur⁶.
409 1751 446 1806 ut
462 1736 550 1808 enim
568 1735 603 1807 in
621 1734 810 1808 inferiorern
829 1733 1085 1807 ambulationem
1102 1733 1277 1807 descendi·

199 1865 294 1929 mus,
327 1836 420 1936 quod
448 1835 632 1936 leceramus
659 1836 747 1912 idem
772 1837 1003 1936 superioribus
1029 1835 1171 1924 diebus,
1208 1851 1278 1909 aeta

200 1967 252 2012 res
271 1954 318 2012 est
334 1938 392 2011 sic.
1269 2002 1273 2007 ,

301 2045 334 2120 8.
360 2043 408 2113 Μ.
434 2039 552 2125 Dicat,
579 2039 607 2112 si
632 2040 705 2139 quis
731 2039 814 2127 volt,
839 2068 903 2139 qua
928 2042 969 2113 de
985 2068 1021 2114 re
1030 2038 1212 2140 disputari
1228 2067 1277 2112 ve·

199 2142 246 2216 lit.
281 2149 321 2215 A.
346 2144 422 2214 Non
438 2140 521 2215 mihi
537 2141 667 2216 videtur
683 2143 774 2215 omni
792 2140 895 2215 animi
903 2141 1164 2243 perturbatione
1180 2169 1277 2241 posse

200 2244 332 2343 sapiens
352 2272 475 2317 vacare.
526 2248 574 2317 M.
600 2246 818 2342 Aegritudine
838 2245 971 2344 quidem
990 2245 1146 2317 hesterna
1165 2245 1277 2344 dispu-

199 2346 322 2419 tatione
346 2345 535 2418 videbatur:
560 2346 627 2419 nisi
649 2347 733 2420 l‘orte
757 2348 917 2447 temporis
937 2375 1053 2420 caussa
1071 2346 1208 2427 nobis⁶
1230 2375 1277 2420 as-

199 2447 393 2522 sentiebare.
444 2453 484 2522 A.
511 2448 651 2522 Minime
675 2478 760 2522 vero.
785 2478 861 2522 nam
889 2449 970 2522 mihi
990 2448 1120 2548 egregie
1137 2449 1275 2550 probata

265 2615 342 2674 38ic
358 2598 434 2684 pauci
458 2615 538 2666 Codd.
556 2617 614 2666 ML.
633 2617 683 2668 Db.
700 2617 767 2669 Lall.
784 2648 817 2657 -
835 2621 894 2669 Em.
912 2635 935 2669 c.
956 2619 1022 2684 vulg.
1041 2619 1132 2668 etiam.
1152 2621 1196 2670 Or.
1214 2635 1275 2684 susp.

199 2684 383 2754 quodetiam
396 2679 424 2751 s.
443 2682 560 2733 divisim:
580 2701 629 2746 „ex
648 2702 698 2752 quo
719 2685 798 2736 semel
818 2687 849 2738 ab
875 2687 957 2737 mnas.
974 2686 1077 2755 prolata
1098 2691 1194 2736 sunt:“
1213 2683 1274 2754 quod

199 2751 269 2878 quippi,
284 2750 488 2869 iillmm
529 2751 595 2809 4v.
614 2752 679 2803 non.
715 2755 808 2812 5Ern.
827 2772 849 2804 c.
868 2753 914 2803 Ed.
933 2764 983 2804 vet.
1002 2753 1082 2804 Βοιὼ.
1099 2754 1274 2807 concludetur.

250 2919 310 2968 Cae.
329 2919 372 2969 tv.
401 2921 425 2975 7.
456 2918 556 2968 nullius
573 2938 606 2968 ue
628 2921 720 2986 um'us)
754 2921 920 2970 venissemus:
938 2921 985 2986 (id
1004 2921 1070 2971 enim
1086 2922 1217 2990 superiori
1226 2923 1275 2988 Gy-

199 2984 241 3034 sic
255 2995 323 3033 recte
339 2984 483 3035 emendavit
496 2937 637 3036 Bentleius:
657 3005 721 3055 quae
754 2988 851 3038 mnasio
869 3006 961 3038 nomen
978 2990 1053 3055 est).“
1089 2992 1182 3056 ltaque
1199 3007 1273 3059 aupe-

200 3051 345 3102 coniectura
366 3053 480 3103 lirmatur
497 3057 597 3103 Oxonn.
616 3055 676 3122 aliq.
695 3064 722 3105 et
754 3057 811 3106 rior
835 3055 978 3106 ambulatio
1002 3056 1139 3107 dicebatur
1156 3060 1275 3126 meeum,

147 3160 167 3177 .,
200 3118 281 3169 Codd.
321 3120 423 3185 Region.
463 3120 522 3187 aliq.
560 3122 720 3173 auctoritate.
754 3123 799 3173 ubi
831 3124 959 3174 ambulare
993 3124 1125 3183 solebant3
1162 3123 1275 3195 inferior

91 3238 93 3243 .
199 3185 284 3251 Vulgo
323 3186 455 3252 legebatur
488 3188 627 3257 nullisque.
680 3190 721 3239 Sic
755 3189 899 3240 ambulatio
914 3201 969 3240 erat
983 3192 1148 3254 Academia,
1166 3193 1239 3244 locus
1252 3193 1275 3241 ia

200 3253 269 3302 Brut.
284 3255 325 3310 59.
351 3255 426 3303 nulla
446 3271 474 3303 re
490 3273 544 3305 uua
560 3256 640 3322 magis
660 3274 721 3306 ora·
755 3257 845 3308 eodem
854 3258 982 3308 Ciceronis
990 3260 1149 3323 Tusculano,
1167 3260 1212 3311 ubi
1226 3260 1274 3308 dis-

200 3329 283 3370 torem
300 3321 478 3372 commendari.
513 3323 571 3373 Pari
586 3324 661 3374 modo
677 3324 720 3373 di·
754 3326 899 3392 parationes
933 3326 1129 3394 philosophicae
1159 3327 1275 3378 institae-

200 3387 266 3438 citur
275 3406 349 3438 neoto
358 3407 440 3439 unus:
455 3407 533 3456 porro
545 3392 633 3460 quivis
644 3409 720 3454 unua,
754 3394 853 3444 bantur.
895 3393 1048 3444 Ambulatio
1066 3394 1092 3444 h.
1112 3393 1131 3444 l.
1155 3395 1275 3462 significat

199 3456 344 3525 quicunque
365 3474 448 3518 unus,
473 3459 533 3526 quis
556 3477 639 3519 unus,
664 3460 720 3510 ati-
754 3461 925 3511 ambulacrum
940 3479 960 3510 s.
976 3461 1075 3522 locum,
1102 3462 1149 3512 ubi
1163 3462 1274 3514 ambula-

199 3525 258 3639 quis
273 3542 354 3586 unus,
373 3525 447 3576 nibil
458 3543 537 3575 unum
551 3524 600 3591 (lu
615 3525 718 3582 οὐδέν).
754 3538 803 3579 tur.
839 3530 877 3578 Cl'.
896 3528 928 3577 de
945 3532 1016 3579 Orat.
1034 3529 1054 3578 l.
1071 3535 1102 3589 7,
1120 3534 1165 3588 28.
1182 3531 1260 3599 princ.

225 3592 366 3642 .Goerenz.
382 3594 416 3642 ad
426 3593 480 3642 tin.
491 3595 523 3644 V.
534 3601 558 3654 7,
573 3599 611 3652 19.
626 3613 652 3662 p.
661 3601 719 3653 552.
803 3600 829 3653 8.
846 3596 920 3646 nobis
938 3595 1135 3664 assentiebare)
1152 3597 1196 3648 Sic
1210 3608 1274 3648 recte

199 3683 231 3694 -
255 3660 293 3707 De
307 3659 506 3727 philosophandi
519 3661 626 3723 ratione,
645 3680 720 3729 quam
753 3663 871 3713 Davisius
894 3681 950 3713 curn
973 3663 1102 3731 plerisque
1125 3662 1190 3715 Edd.
1216 3674 1273 3716 vett

199 3736 318 3801 ¹sequutus
342 3737 380 3776 est
406 3728 509 3789 Cicero,
538 3729 719 3797 disputavimus
754 3731 1106 3791 ErnestiuscamML.1566.
1119 3731 1272 3783 Gebhlall.

199 3807 226 3838 ιιι
261 3791 325 3841 lrbro
358 3793 437 3843 dicto.
472 3813 497 3862 p.
525 3800 651 3855 66-74.
694 3807 721 3847 et
755 3798 841 3848 omisit
856 3799 937 3848 nobis.
971 3798 1038 3848 Plen‘
1059 3817 1089 3848 ue
1107 3800 1192 3850 Codd.
1208 3801 1273 3850 MSS.

201 3862 368 3935 P·7.9·.·3¹·
754 3864 961 3915 exhibentnovi:
981 3817 1271 3934 Gryqilt.novis:Vatic.

225 3990 231 4002 ι
248 3942 278 4002 tn
291 3925 447 3993 injeriorem
460 3927 675 3997 ambulationem)
688 3931 720 3982 de
754 3949 806 3981 nott
822 3935 857 3983 ui.
878 3934 1003 3983 ltentleius
1019 3935 1139 3985 tentabat
1154 3952 1208 3986 non
1224 3955 1258 3985 re.
1314 3946 1316 3989 l

199 3992 311 4041 Dlttssttt·
330 3996 399 4053 1,5·
424 3995 506 4061 princ·
549 4000 663 4060 „Quibus
688 4000 725 4049 de.
804 4003 1050 4070 temporiscaussu)
1069 4003 1179 4053 Neidius
1193 4001 1270 4069 expli-
1314 3992 1316 4041 i

198 4059 288 4137 gebus,
304 4089 337 4097 —
355 4077 412 4109 cum
426 4078 505 4111 essem
520 4080 576 4113 cum
591 4068 623 4127 Q.
640 4066 720 4117 fratre
754 4069 990 4135 cantaminibus
1011 4070 1167 4132 inserviens,
1192 4079 1268 4119 motus

198 4143 224 4176 ru
234 4126 388 4188 Tusculano,
407 4128 563 4195 disputatum
578 4143 625 4183 est.
653 4136 718 4184 Nam
753 4135 906 4185 auctoritate
921 4153 990 4196 mea,
1008 4153 1042 4186 ne
1056 4137 1141 4188 dubiis
1154 4137 1205 4189 tuis
1219 4147 1268 4187 tae-

193 4211 250 4245 cum
274 4195 424 4262 ambulandi
448 4213 534 4250 caussa
558 4199 584 4249 in
606 4201 718 4269 Lyceum
752 4202 821 4253 ilium
837 4201 898 4252 mihi
915 4203 1056 4255 exhiberes.
