2640 4626
573 193 701 246 moun
719 195 739 245 1.
754 196 796 254 39.
1157 189 1218 258 123

145 331 221 400 tur,
245 311 338 411 quoel
355 339 511 412 querare,
536 311 566 385 si
581 311 711 411 repetit,
737 341 839 412 quum
857 312 948 388 volt?
973 341 1012 388 ea
1030 315 1117 389 enim
1139 346 1218 390 cou-

145 416 276 489 ‹litione
294 443 475 514 acceperas.
525 414 641 503 Iidem,
668 416 697 486 si
712 442 795 514 puer
815 444 936 516 parvus
954 416 1086 507 occidit,
1111 448 1217 520 nequo

145 518 261 591 animo
279 500 453 595 serenebrm
469 533 602 617 putent:
629 517 658 591 si
675 518 804 590 veroin
826 518 931 606 cunis,
955 548 997 593 ne
1012 523 1216 619 querendum

145 619 293 720 quidem.
342 620 447 719 Atqui
472 619 513 693 ab
537 619 603 692 hoo
626 619 777 693 acerbius
804 621 940 719 exegit⁵
966 639 1099 712 nutum,
1126 625 1218 724 quod

145 720 294 797 dederat
343 721 501 797 Nondum
517 736 719 820 gustaverat,
738 722 845 823 inquit
855 728 886 812 ⁶,
911 724 996 798 vitae
1009 726 1217 802 suavitatem:

144 826 204 899 hie
231 841 339 898 antem
364 825 430 898 iam
453 824 636 925 sperabnt⁷
664 852 800 923 magna,
826 826 947 926 quibus
970 826 1036 899 frui
1055 846 1217 928 coeperat

144 929 195 1002 'At
208 927 246 1003 id
270 927 404 1028 quidem
419 932 436 980 ⁸
464 927 500 1000 in
515 925 630 1001 ceteris
647 926 748 1000 rebus
760 928 881 1004 melius
895 944 1047 1030 putatur,
1073 930 1218 1030 aliquem

144 1047 296 1133 portem,
329 1058 428 1130 quem
454 1029 597 1117 nullam,
623 1028 813 1129 'attingeret
858 1061 917 1106 eur
941 1031 976 1104 in
1003 1032 1070 1106 vita
1096 1035 1217 1108 secus?

146 1161 348 1233 quamquam
366 1162 435 1206 non
451 1132 536 1206 male
557 1131 603 1205 nit
617 1131 848 1222 Callimachus,
873 1135 984 1234 multo
1002 1139 1147 1235 saepius
1163 1138 1217 1209 la-

144 1238 316 1309 drimasse
331 1238 528 1324 Przlzmnm,
554 1262 664 1335 quom
682 1237 850 1332 Troilum.
888 1242 945 1316 94.
959 1238 1084 1310 Eorum
1099 1256 1218 1328 autem,

144 1339 207 1439 qui
222 1355 331 1412 exacta
348 1354 452 1412 aetate
465 1338 662 1426 moriuntur,
683 1337 821 1428 [ortona
837 1338 997 1411 laudatur.
1023 1343 1104 1414 cur?
1129 1371 1218 1431 num,

143 1469 234 1529 reor,
258 1439 357 1513 nullis
370 1453 402 1530 ⁹,
429 1440 458 1514 si
472 1441 539 1513 vita
554 1439 686 1537 longior
707 1440 857 1529 daretur,
868 1472 871 1481 ’
882 1457 996 1541 posset
1014 1469 1086 1515 esse
1100 1443 1217 1516 iucun-

144 1544 232 1617 dior.
256 1543 341 1616 nihil
366 1545 524 1617 est-enim
543 1543 692 1643 profecto
716 1543 845 1617 bomini
869 1543 1047 1644 prudentia
1070 1542 1217 1636 dulcius3

144 1673 258 1746 quam,
280 1661 316 1718 ut
332 1661 439 1720 cetera
452 1645 588 1734 auferat,
613 1645 710 1718 offert
724 1663 810 1720 certe
831 1663 991 1720 senectus.

250 1748 346 1845 Quae
359 1764 537 1835 veronetas
549 1747 647 1847 longo
666 1750 738 1823 est?
763 1764 819 1822 aut
836 1748 918 1849 quid
936 1748 1072 1824 omnino
1087 1749 1217 1822 bomini

109 1900 114 1911 ι
143 1851 307 1949 longum?
331 1879 443 1925 nonne

214 2027 231 2080 5
255 2020 335 2072 codd.
351 2021 411 2090 aliq.
427 2022 480 2072 ΕΙ..
497 2021 589 2092 exigit.
622 2024 641 2079 6
656 2019 698 2075 Sic
713 2021 777 2072 Dev.
794 2038 808 2070 e
825 2020 905 2073 Codd.
922 2048 956 2060 -
971 2021 1030 2071 Ern.
1046 2039 1067 2071 c.
1085 2020 1153 2088 vulg.
1166 2023 1217 2073 ‘in-

143 2090 248 2159 quirent
273 2090 305 2139 V.
323 2089 388 2145 Adn.
431 2087 544 2147 7Bouh.
561 2105 627 2155 susp.
645 2087 774 2159 spirabat.
791 2090 822 2140 V.
839 2089 905 2141 Adn.
938 2090 1018 2147 8Gr.
1034 2088 1060 2138 b.
1078 2091 1110 2138 D.
1129 2106 1160 2138 ex
1176 2089 1216 2140 El.

141 2166 208 2208 tert.
226 2166 252 2206 et
266 2157 330 2207 Bell.
348 2156 430 2208 omitt.
446 2156 540 2226 ipsum,
558 2155 715 2222 improbante
732 2159 809 2207 Goer.
826 2155 859 2206 ad
872 2155 950 2207 bosel.
968 2158 998 2206 11.
1015 2159 1055 2214 14.
1067 2174 1095 2272 p
1113 2157 1155 2214 84.
1173 2159 1216 2207 Or.

143 2243 168 2275 c.
186 2227 247 2276 Em.
267 2241 297 2274 ex
313 2225 377 2275 Edd.
400 2233 464 2274 vett.
481 2223 592 2274 restituit
608 2224 701 2291 ipsum.
718 2225 806 2273 Recte.
848 2228 865 2281 9
881 2224 922 2273 sic
938 2225 969 2273 R.
986 2224 1029 2273 Gr.
1047 2225 1065 2272 G

142 2295 177 2344 V.
197 2291 278 2343 Gebb.
299 2294 332 2345 Ι).
349 2295 408 2343 tm.
426 2321 459 2330 -
476 2292 564 2342 Plures
580 2291 643 2341 Edd.
670 2300 734 2341 vett.
759 2308 812 2341 non
828 2290 894 2342 iltis.
919 2294 960 2341 Or.
978 2308 993 2340 e
1011 2291 1065 2342 col.
1083 2310 1106 2341 c.
1124 2292 1154 2341 L.
1173 2308 1216 2340 re-

142 2359 231 2410 stituit
246 2358 379 2425 genninem
396 2360 456 2410 lect.
473 2376 527 2409 non
542 2359 623 2420 ullis,
649 2375 754 2409 monens
768 2376 866 2426 semper
881 2359 935 2409 fere
950 2375 990 2424 up.
1006 2359 1058 2409 Cic.
1078 2376 1131 2409 non
1145 2359 1217 2409 ullus

143 2427 320 2480 oblitteretmn
335 2444 406 2489 esse,
425 2436 452 2477 et
467 2426 536 2478 conl.
551 2426 584 2477 de
600 2425 656 2476 Fin.
672 2427 714 2477 ΙΙΙ.
733 2429 755 2496 §.
771 2433 820 2484 50.-

142 2538 262 2595 repetere
286 2545 341 2578 eom
364 2526 453 2595 possit.
486 2515 518 2579 V.
542 2525 664 2577 Adnotut.
697 2526 739 2576 hic
756 2536 810 2578 est:
828 2527 879 2578 Cur
892 2542 987 2587 eorum,
1005 2526 1048 2594 qui
1065 2535 1153 2579 exacta
1169 2543 1216 2576 ae-

144 2596 174 2646 in
188 2614 212 2646 c.
224 2601 271 2658 31,
286 2599 328 2654 77.
697 2605 751 2645 tete
767 2594 917 2655 moriuntur,
934 2594 1063 2646 fortunam
1076 2593 1215 2655 laudemus,

198 2662 297 2732 exegit)
315 2663 425 2714 Verbum
437 2662 567 2732 proprium
575 2662 666 2729 depe-
698 2663 768 2715 nulla
792 2674 830 2715 est
853 2677 954 2720 ceusse;
979 2679 1040 2712 nom
1053 2662 1116 2714 nulli
1138 2661 1216 2712 aetati
1238 2688 1240 2691 ·

145 2731 231 2794 cuma,
251 2730 368 2782 mercede
376 2730 416 2783 vel
426 2748 503 2798 opera
510 2729 596 2781 debita
604 2729 666 2781 red·
698 2731 751 2781 vitu
765 2731 899 2783 iuoundior
912 2738 1069 2796 potestesse,
1087 2747 1164 2797 quom
1171 2746 1215 2779 se-

142 2798 238 2849 dendo.
272 2800 303 2849 V.
311 2799 418 2850 Schuetz
425 2798 511 2849 Lexio.
522 2798 601 2849 Cicer.
610 2799 665 2850 La·
697 2798 808 2849 nectuti:
826 2798 898 2848 nulla
906 2808 976 2848 uetes
983 2797 1156 2849 vehementius
1164 2814 1216 2864 po-

143 2867 193 2916 tin.
209 2885 230 2917 s.
246 2883 269 2915 v.
459 2860 466 2867 ’
697 2876 748 2917 teet
778 2876 881 2936 optare,
913 2874 943 2916 ut
969 2864 1024 2917 vita
1054 2864 1215 2925 extendetur,

198 2933 298 3002 inqiut)
329 2933 389 2986 Soil.
418 2932 594 2984 'adversarius
622 2931 664 2981 vel
698 2951 773 3002 quem
788 2943 918 2992 seuecms3
936 2931 999 2983 nihil
1016 2943 1056 2983 est
1071 2933 1138 2983 euim
1169 2949 1216 2981 ro-

144 3002 257 3081 aliquir.
288 3003 335 3051 Est
349 3001 471 3063 formula,
489 3018 540 3068 qne
559 3008 665 3050 utuntur
697 3003 767 3053 l'eoto
780 3001 878 3051 homiui
892 3000 998 3060 dulcius,
1013 3018 1088 3068 quem
1100 2951 1215 3068 prulen-

143 3079 293 3136 emptores,
311 3085 387 3135 quum
402 3068 499 3135 aliquid
512 3067 560 3118 sibi
568 3065 665 3135 opponi
696 3069 742 3120 tie.
775 3068 939 3119 Prudentiam
955 3079 1049 3131 autem,
1065 3067 1128 3118 licet
1143 3078 1215 3119 oete-

145 3138 256 3204 lingunt.
315 3136 367 3188 Sic.
393 3135 541 3204 posterioris
573 3133 664 3185 aetatis
696 3155 725 3187 re
740 3136 809 3189 bona
829 3137 941 3197 auferet,
959 3135 1034 3186 allent
1047 3146 1117 3186 certe
1139 3150 1216 3186 seue·

144 3204 240 3256 Graeci
261 3203 351 3254 dicunt
372 3202 443 3270 φησὶ
464 3220 511 3271 pro
533 3201 611 3270 φαοί.
631 3202 663 3253 V.
697 3214 760 3255 ctus.
793 3207 860 3272 Ergo
876 3203 988 3254 dolende
1013 3203 1115 3271 potius,
1140 3218 1216 3270 quem

143 3271 298 3324 Ramshorn.
319 3275 380 3322 Lat.
403 3273 520 3321 Gramm.
542 3273 572 3388 3.
604 3273 661 3327 162
695 3271 823 3323 laudande
839 3282 878 3323 est
895 3289 995 3332 eorum,
1013 3271 1064 3338 ‘qui
1078 3269 1152 3321 senili
1170 3286 1215 3319 ee-

1085 2260 1091 2273 .
1109 2224 1216 2275 Schotti.
1295 2230 1298 2237 '

118 3344 121 3347 ’
144 3341 210 3392 Not.
229 3344 252 3398 1.
265 3343 360 3407 paga.
377 3339 542 3389 Heindorba
572 3339 663 3401 Horat.
696 3349 751 3392 tete
765 3340 819 3390 vite
836 3339 979 3399 decedunt,
1002 3338 1114 3388 fortune.
1148 3334 1216 3386 Hine
1290 3335 1295 3354 ⁴

105 3408 110 3415 ’
144 3411 200 3459 Set.
217 3409 238 3457 I.
253 3408 285 3470 4,
303 3411 345 3466 79.
381 3407 489 3459 Pessow.
507 3406 555 3455 Gr.
571 3405 662 3456 Lexic.
695 3407 816 3474 sequitur,
834 3417 893 3459 aute
906 3413 1004 3472 tempus
1019 3404 1084 3455 mori
1098 3421 1153 3455 noo
1165 3401 1216 3453 mi-

144 3495 164 3526 s.
181 3493 208 3526 v.
225 3473 308 3542 φημί.
344 3473 486 3527 Gemhaut
505 3473 532 3523 in
547 3470 663 3523 Addend.
697 3492 778 3526 semen
792 3492 854 3525 esse.

145 3543 181 3594 ed
195 3543 252 3593 Get.
272 3541 334 3603 Mei.
350 3560 376 3610 p·
390 3546 451 3602 320·
470 3539 590 3597 chsner.
607 3539 662 3591 Eol.
746 3557 935 3626 reor)1ronice
956 3573 1004 3622 pro
1028 3567 1114 3614 certe,
1141 3554 1216 3603 baud

146 3611 386 3743 Cioopfflm)
419 3675 567 3731 callimachi
588 3674 665 3726 verbe
698 3625 783 3677 dubie.
817 3627 849 3677 v.
865 3625 986 3675 Adnotet
1003 3623 1031 3673 in
1048 3640 1071 3674 e.
1084 3628 1133 3682 22.
1147 3629 1190 3679 52.

145 3745 287 3813 respexisse
313 3744 415 3796 ,idom
434 3743 563 3797 plutarch,
588 3734 664 3794 cong,
747 3727 829 3795 affert
845 3739 915 3776 certe
932 3725 1065 3790 senectus)
1083 3722 1215 3774 Geminum

145 3815 179 3865 ad
196 3814 281 3880 Apoll.
296 3833 322 3881 p.
333 3817 391 3872 113.
410 3831 432 3864 e.
448 3815 540 3865 Μρῖο,
553 3809 607 3879 γὰρ
621 3807 665 3865 ὄν.
697 3796 783 3847 locmn
815 3793 950 3844 Menandri
979 3792 1047 3861 uliud
1080 3792 1216 3842 Stobneum

145 3899 201 3942 eme
212 3881 332 3948 lbo‘cloc
342 3877 518 3947 telelnpooerrl
528 3879 664 3945 Πρίαμος.
677 3866 777 3944 ,391ζῶ
794 3862 884 3916 CXIV·
897 3880 923 3930 Ρ·
939 3866 999 3921 585·
1016 3870 1146 3929 ⁰⁰¹¹¹l³³l³t
1162 3861 1216 3908 υἷι·

145 3949 259 4009 Troilus,
276 3946 452 4009 Priamililius,
467 3947 571 3999 iuvenili
584 3947 666 3998 audu-
698 3949 792 3983 V³⁸¹¹¹⁸²
901 3994 907 4000 ,
935 3978 937 3983 ·

147 4018 187 4069 cia
201 4018 274 4067 ferox
297 4034 354 4066 cum
375 4016 473 4067 Achille
497 4033 584 4067 manus
601 4033 666 4066 0011-
730 4015 768 4070 Εἰ
782 4011 867 4069 v'ttt'
887 4011 1021 4083 ἀφαιρεῖν
1038 4009 1217 4070 ὁπολὺςιῖω-

146 4103 232 4136 serere
247 4101 337 4146 ausus,
354 4086 386 4135 ab
403 4101 434 4135 eo
451 4084 602 4135 interemtus
619 4093 665 4134 est.
1018 4083 1071 4133 θεν
1086 4077 1185 4146 χρόνος

146 4154 179 4206 V.
197 4151 289 4218 Virgil.
306 4153 369 4202 Aen.
384 4153 404 4202 l.
421 4151 480 4210 474.
493 4169 531 4218 sq.
730 4149 836 4219 Ἧμῶν,
853 4148 919 4218 τόγε
931 4144 1219 4218 φρονεῖνᾶσφαλέστα·

198 4223 241 4279 94.
260 4224 313 4270 Gur
328 4220 355 4288 ?)
380 4219 566 4273 Sententiarum
588 4236 666 4271 nexus
733 4255 738 4267 .
1040 4232 1091 4280 ooo
1106 4213 1196 4265 notet.
