<?xml version="1.0" encoding="UTF-8"?>
<!DOCTYPE html PUBLIC "-//W3C//DTD XHTML 1.0 Transitional//EN"
    "http://www.w3.org/TR/xhtml1/DTD/xhtml1-transitional.dtd">
<html xmlns="http://www.w3.org/1999/xhtml" xml:lang="en" lang="en">
 <head>
  <title>
</title>
<meta http-equiv="Content-Type" content="text/html;charset=utf-8" />
  <meta name='ocr-system' content='tesseract 3.04.00' />
  <meta name='ocr-capabilities' content='ocr_page ocr_carea ocr_par ocr_line ocrx_word'/>
</head>
<body>
  <div class='ocr_page' id='page_1' title='image "./mtulliiciceroni18cicegoog_0297.png"; bbox 0 0 2640 4626; ppageno 0'>
   <div class='ocr_carea' id='block_1_1' title="bbox 541 206 1200 275">
    <p class='ocr_par' dir='ltr' id='par_1_1' title="bbox 541 206 1200 275">
     <span class='ocr_line' id='line_1_1' title="bbox 541 206 1200 275; baseline 0 -18"><span class='ocrx_word' id='word_1_1' title='bbox 541 207 667 259; x_wconf 79' lang='lat' dir='ltr'><strong>uranu</strong></span> <span class='ocrx_word' id='word_1_2' title='bbox 685 208 730 259; x_wconf 82' lang='lat' dir='ltr'><strong>iv.</strong></span> <span class='ocrx_word' id='word_1_3' title='bbox 750 212 789 269; x_wconf 78' lang='lat'><strong>17·</strong></span> <span class='ocrx_word' id='word_1_4' title='bbox 1137 206 1200 275; x_wconf 68' lang='lat'><strong>277</strong></span> 
     </span>
    </p>
   </div>
   <div class='ocr_carea' id='block_1_2' title="bbox 106 323 1265 2179">
    <p class='ocr_par' dir='ltr' id='par_1_2' title="bbox 106 323 1265 2179">
     <span class='ocr_line' id='line_1_2' title="bbox 124 323 1265 427; baseline 0.005 -32"><span class='ocrx_word' id='word_1_5' title='bbox 124 349 220 397; x_wconf 90' lang='lat' dir='ltr'><strong>mens</strong></span> <span class='ocrx_word' id='word_1_6' title='bbox 241 323 398 397; x_wconf 89' lang='lat' dir='ltr'><strong>abhorret</strong></span> <span class='ocrx_word' id='word_1_7' title='bbox 414 352 433 396; x_wconf 91' lang='lat' dir='ltr'><strong>a</strong></span> <span class='ocrx_word' id='word_1_8' title='bbox 451 323 597 409; x_wconf 89' lang='lat' dir='ltr'><strong>ratione,</strong></span> <span class='ocrx_word' id='word_1_9' title='bbox 623 352 755 424; x_wconf 82' lang='lat' dir='ltr'><strong>semper</strong></span> <span class='ocrx_word' id='word_1_10' title='bbox 771 326 872 427; x_wconf 78' lang='lat' dir='ltr'>aliqui</span> <span class='ocrx_word' id='word_1_11' title='bbox 892 329 998 402; x_wconf 76' lang='lat' dir='ltr'><strong>talis³</strong></span> <span class='ocrx_word' id='word_1_12' title='bbox 1014 347 1121 405; x_wconf 88' lang='lat' dir='ltr'><strong>terror</strong></span> <span class='ocrx_word' id='word_1_13' title='bbox 1135 332 1197 405; x_wconf 85' lang='lat' dir='ltr'><strong>im·</strong></span> <span class='ocrx_word' id='word_1_14' title='bbox 1262 396 1265 401; x_wconf 90' lang='lat'><strong>.</strong></span> 
     </span>
     <span class='ocr_line' id='line_1_3' title="bbox 123 425 1196 532; baseline 0.007 -33"><span class='ocrx_word' id='word_1_15' title='bbox 123 425 255 526; x_wconf 89' lang='lat' dir='ltr'><strong>pendet.</strong></span> <span class='ocrx_word' id='word_1_16' title='bbox 307 435 364 505; x_wconf 85' lang='grc'><strong>36.</strong></span> <span class='ocrx_word' id='word_1_17' title='bbox 388 425 499 524; x_wconf 85' lang='lat' dir='ltr'><strong>Atque</strong></span> <span class='ocrx_word' id='word_1_18' title='bbox 520 442 558 497; x_wconf 91' lang='lat' dir='ltr'><strong>ut</strong></span> <span class='ocrx_word' id='word_1_19' title='bbox 583 425 644 499; x_wconf 91' lang='lat' dir='ltr'><strong>bae</strong></span> <span class='ocrx_word' id='word_1_20' title='bbox 668 427 820 502; x_wconf 82' lang='lat' dir='ltr'><strong>tabificae</strong></span> <span class='ocrx_word' id='word_1_21' title='bbox 839 431 957 504; x_wconf 89' lang='lat' dir='ltr'><strong>mentis</strong></span> <span class='ocrx_word' id='word_1_22' title='bbox 975 435 1196 532; x_wconf 88' lang='lat' dir='ltr'><strong>perturbatio-</strong></span> 
     </span>
     <span class='ocr_line' id='line_1_4' title="bbox 123 527 1195 627; baseline 0.008 -26"><span class='ocrx_word' id='word_1_23' title='bbox 123 555 183 601; x_wconf 88' lang='lat' dir='ltr'><strong>nes</strong></span> <span class='ocrx_word' id='word_1_24' title='bbox 210 542 305 615; x_wconf 88' lang='lat' dir='ltr'><strong>sunt,</strong></span> <span class='ocrx_word' id='word_1_25' title='bbox 331 527 569 627; x_wconf 70' lang='lat' dir='ltr'><strong>aegritudinem</strong></span> <span class='ocrx_word' id='word_1_26' title='bbox 594 528 671 602; x_wconf 92' lang='lat' dir='ltr'><strong>dieo</strong></span> <span class='ocrx_word' id='word_1_27' title='bbox 686 546 716 603; x_wconf 91' lang='lat' dir='ltr'><strong>et</strong></span> <span class='ocrx_word' id='word_1_28' title='bbox 732 549 874 607; x_wconf 87' lang='lat' dir='ltr'><strong>metum:</strong></span> <span class='ocrx_word' id='word_1_29' title='bbox 901 533 949 606; x_wconf 86' lang='lat' dir='ltr'><strong>sie</strong></span> <span class='ocrx_word' id='word_1_30' title='bbox 964 529 1139 610; x_wconf 84' lang='lat' dir='ltr'><strong>hilariores</strong></span> <span class='ocrx_word' id='word_1_31' title='bbox 1155 538 1195 610; x_wconf 93' lang='lat' dir='ltr'><strong>il-</strong></span> 
     </span>
     <span class='ocr_line' id='line_1_5' title="bbox 124 628 1193 735; baseline 0.01 -34"><span class='ocrx_word' id='word_1_32' title='bbox 124 628 190 717; x_wconf 86' lang='lat' dir='ltr'><strong>lae,</strong></span> <span class='ocrx_word' id='word_1_33' title='bbox 216 629 384 730; x_wconf 83' lang='lat' dir='ltr'>cupiditas</span> <span class='ocrx_word' id='word_1_34' title='bbox 414 630 508 705; x_wconf 87' lang='lat' dir='ltr'><strong>avide</strong></span> <span class='ocrx_word' id='word_1_35' title='bbox 530 659 662 730; x_wconf 85' lang='lat' dir='ltr'><strong>semper</strong></span> <span class='ocrx_word' id='word_1_36' title='bbox 685 631 812 732; x_wconf 87' lang='lat' dir='ltr'><strong>aliquid</strong></span> <span class='ocrx_word' id='word_1_37' title='bbox 835 652 1008 735; x_wconf 85' lang='lat' dir='ltr'><strong>expetens,</strong></span> <span class='ocrx_word' id='word_1_38' title='bbox 1034 655 1065 711; x_wconf 89' lang='lat' dir='ltr'><strong>et</strong></span> <span class='ocrx_word' id='word_1_39' title='bbox 1084 639 1193 713; x_wconf 88' lang='lat' dir='ltr'><strong>inanis</strong></span> 
     </span>
     <span class='ocr_line' id='line_1_6' title="bbox 125 731 1194 830; baseline 0.009 -25"><span class='ocrx_word' id='word_1_40' title='bbox 125 732 294 820; x_wconf 85' lang='lat' dir='ltr'><strong>alacritas,</strong></span> <span class='ocrx_word' id='word_1_41' title='bbox 326 731 428 806; x_wconf 89' lang='lat' dir='ltr'><strong>idest</strong></span> <span class='ocrx_word' id='word_1_42' title='bbox 446 731 569 805; x_wconf 89' lang='lat' dir='ltr'><strong>laetitia</strong></span> <span class='ocrx_word' id='word_1_43' title='bbox 590 735 752 830; x_wconf 87' lang='lat' dir='ltr'><strong>gestiens,</strong></span> <span class='ocrx_word' id='word_1_44' title='bbox 784 765 852 809; x_wconf 89' lang='lat' dir='ltr'><strong>non</strong></span> <span class='ocrx_word' id='word_1_45' title='bbox 873 737 1013 811; x_wconf 91' lang='lat' dir='ltr'><strong>multum</strong></span> <span class='ocrx_word' id='word_1_46' title='bbox 1034 740 1194 815; x_wconf 84' lang='lat' dir='ltr'><strong>differunt</strong></span> 
     </span>
     <span class='ocr_line' id='line_1_7' title="bbox 124 834 1192 942; baseline 0.009 -34"><span class='ocrx_word' id='word_1_47' title='bbox 124 835 161 908; x_wconf 89' lang='lat' dir='ltr'><strong>ab</strong></span> <span class='ocrx_word' id='word_1_48' title='bbox 188 834 340 909; x_wconf 88' lang='lat' dir='ltr'><strong>amentia.</strong></span> <span class='ocrx_word' id='word_1_49' title='bbox 389 836 440 908; x_wconf 83' lang='lat' dir='ltr'><strong>Ex</strong></span> <span class='ocrx_word' id='word_1_50' title='bbox 462 863 528 934; x_wconf 93' lang='lat' dir='ltr'><strong>quo</strong></span> <span class='ocrx_word' id='word_1_51' title='bbox 551 834 762 934; x_wconf 81' lang='lat' dir='ltr'><strong>intelligitur,</strong></span> <span class='ocrx_word' id='word_1_52' title='bbox 795 837 901 938; x_wconf 88' lang='lat' dir='ltr'><strong>qualis</strong></span> <span class='ocrx_word' id='word_1_53' title='bbox 926 839 979 914; x_wconf 90' lang='lat' dir='ltr'><strong>ille</strong></span> <span class='ocrx_word' id='word_1_54' title='bbox 1001 841 1061 930; x_wconf 89' lang='lat' dir='ltr'><strong>sit,</strong></span> <span class='ocrx_word' id='word_1_55' title='bbox 1094 872 1192 942; x_wconf 88' lang='lat' dir='ltr'><strong>quem</strong></span> 
     </span>
     <span class='ocr_line' id='line_1_8' title="bbox 124 936 1194 1044; baseline 0.009 -35"><span class='ocrx_word' id='word_1_56' title='bbox 124 953 191 1011; x_wconf 90' lang='lat' dir='ltr'><strong>tum</strong></span> <span class='ocrx_word' id='word_1_57' title='bbox 207 937 425 1024; x_wconf 87' lang='lat' dir='ltr'><strong>moderatum,</strong></span> <span class='ocrx_word' id='word_1_58' title='bbox 452 936 555 1038; x_wconf 89' lang='lat' dir='ltr'><strong>[alias</strong></span> <span class='ocrx_word' id='word_1_59' title='bbox 573 938 757 1012; x_wconf 88' lang='lat' dir='ltr'><strong>modestum</strong></span> <span class='ocrx_word' id='word_1_60' title='bbox 772 947 789 989; x_wconf 85' lang='lat'><strong>⁰</strong></span> <span class='ocrx_word' id='word_1_61' title='bbox 802 943 831 1043; x_wconf 90' lang='lat'><strong>,]</strong></span> <span class='ocrx_word' id='word_1_62' title='bbox 857 957 927 1014; x_wconf 90' lang='lat' dir='ltr'><strong>tum</strong></span> <span class='ocrx_word' id='word_1_63' title='bbox 944 959 1194 1044; x_wconf 76' lang='lat' dir='ltr'><strong>temperantem,</strong></span> 
     </span>
     <span class='ocr_line' id='line_1_9' title="bbox 125 1039 1192 1146; baseline 0.007 -31"><span class='ocrx_word' id='word_1_64' title='bbox 125 1040 201 1115; x_wconf 85' lang='lat' dir='ltr'><strong>alias</strong></span> <span class='ocrx_word' id='word_1_65' title='bbox 224 1055 430 1115; x_wconf 81' lang='lat' dir='ltr'><strong>constantem</strong></span> <span class='ocrx_word' id='word_1_66' title='bbox 453 1039 739 1140; x_wconf 86' lang='lat' dir='ltr'><strong>continentemque</strong></span> <span class='ocrx_word' id='word_1_67' title='bbox 755 1042 916 1132; x_wconf 89' lang='lat' dir='ltr'><strong>dicimus;</strong></span> <span class='ocrx_word' id='word_1_68' title='bbox 942 1073 1192 1146; x_wconf 84' lang='lat' dir='ltr'><strong>nonnumquam</strong></span> 
     </span>
     <span class='ocr_line' id='line_1_10' title="bbox 124 1141 1192 1249; baseline 0.007 -32"><span class='ocrx_word' id='word_1_69' title='bbox 124 1141 201 1217; x_wconf 90' lang='lat' dir='ltr'><strong>baec</strong></span> <span class='ocrx_word' id='word_1_70' title='bbox 222 1142 337 1217; x_wconf 88' lang='lat' dir='ltr'><strong>eadem</strong></span> <span class='ocrx_word' id='word_1_71' title='bbox 354 1141 513 1215; x_wconf 87' lang='lat' dir='ltr'><strong>vocabula</strong></span> <span class='ocrx_word' id='word_1_72' title='bbox 530 1143 573 1216; x_wconf 88' lang='lat' dir='ltr'><strong>ad</strong></span> <span class='ocrx_word' id='word_1_73' title='bbox 588 1141 784 1242; x_wconf 77' lang='lat' dir='ltr'><strong>frugalitatis</strong></span> <span class='ocrx_word' id='word_1_74' title='bbox 800 1175 940 1235; x_wconf 91' lang='lat' dir='ltr'><strong>nomen,</strong></span> <span class='ocrx_word' id='word_1_75' title='bbox 965 1164 1133 1249; x_wconf 89' lang='lat' dir='ltr'><strong>tamquam</strong></span> <span class='ocrx_word' id='word_1_76' title='bbox 1149 1150 1192 1225; x_wconf 92' lang='lat' dir='ltr'><strong>ad</strong></span> 
     </span>
     <span class='ocr_line' id='line_1_11' title="bbox 122 1243 1191 1346; baseline 0.005 -24"><span class='ocrx_word' id='word_1_77' title='bbox 122 1261 239 1346; x_wconf 83' lang='lat' dir='ltr'><strong>eaput,</strong></span> <span class='ocrx_word' id='word_1_78' title='bbox 269 1244 393 1318; x_wconf 88' lang='lat' dir='ltr'><strong>relerre</strong></span> <span class='ocrx_word' id='word_1_79' title='bbox 427 1243 587 1318; x_wconf 90' lang='lat' dir='ltr'><strong>volumus.</strong></span> <span class='ocrx_word' id='word_1_80' title='bbox 608 1246 713 1345; x_wconf 86' lang='lat' dir='ltr'><strong>&#39;quod</strong></span> <span class='ocrx_word' id='word_1_81' title='bbox 736 1247 803 1319; x_wconf 89' lang='lat' dir='ltr'><strong>nisi</strong></span> <span class='ocrx_word' id='word_1_82' title='bbox 831 1277 870 1321; x_wconf 91' lang='lat' dir='ltr'><strong>eo</strong></span> <span class='ocrx_word' id='word_1_83' title='bbox 896 1251 1032 1323; x_wconf 80' lang='lat' dir='ltr'><strong>uonrine</strong></span> <span class='ocrx_word' id='word_1_84' title='bbox 1054 1252 1191 1327; x_wconf 83' lang='lat' dir='ltr'><strong>virtutes</strong></span> 
     </span>
     <span class='ocr_line' id='line_1_12' title="bbox 120 1349 1192 1448; baseline 0.007 -27"><span class='ocrx_word' id='word_1_85' title='bbox 120 1350 384 1435; x_wconf 79' lang='lat' dir='ltr'><strong>continerentur,</strong></span> <span class='ocrx_word' id='word_1_86' title='bbox 420 1375 599 1447; x_wconf 90' lang='lat' dir='ltr'><strong>numquam</strong></span> <span class='ocrx_word' id='word_1_87' title='bbox 634 1350 678 1421; x_wconf 90' lang='lat' dir='ltr'><strong>ita</strong></span> <span class='ocrx_word' id='word_1_88' title='bbox 710 1349 936 1448; x_wconf 84' lang='lat' dir='ltr'><strong>pervolgatum</strong></span> <span class='ocrx_word' id='word_1_89' title='bbox 958 1351 1069 1425; x_wconf 91' lang='lat' dir='ltr'><strong>illud⁷</strong></span> <span class='ocrx_word' id='word_1_90' title='bbox 1096 1372 1192 1444; x_wconf 84' lang='lat' dir='ltr'><strong>esset,</strong></span> 
     </span>
     <span class='ocr_line' id='line_1_13' title="bbox 116 1449 1190 1552; baseline 0.004 -27"><span class='ocrx_word' id='word_1_91' title='bbox 116 1468 151 1525; x_wconf 91' lang='lat' dir='ltr'><strong>ut</strong></span> <span class='ocrx_word' id='word_1_92' title='bbox 168 1451 238 1523; x_wconf 89' lang='lat' dir='ltr'><strong>iam</strong></span> <span class='ocrx_word' id='word_1_93' title='bbox 255 1449 412 1549; x_wconf 88' lang='lat' dir='ltr'><strong>proverbi</strong></span> <span class='ocrx_word' id='word_1_94' title='bbox 428 1449 538 1523; x_wconf 90' lang='lat' dir='ltr'><strong>locum</strong></span> <span class='ocrx_word' id='word_1_95' title='bbox 559 1450 734 1538; x_wconf 87' lang='lat' dir='ltr'><strong>obtineret,</strong></span> <span class='ocrx_word' id='word_1_96' title='bbox 760 1451 1055 1552; x_wconf 77' lang='lat' dir='ltr'><strong>leornioemsrugi</strong></span> <span class='ocrx_word' id='word_1_97' title='bbox 1068 1462 1190 1530; x_wconf 75' lang='lat' dir='ltr'><strong>omitia</strong></span> 
     </span>
     <span class='ocr_line' id='line_1_14' title="bbox 113 1551 1191 1656; baseline 0.006 -32"><span class='ocrx_word' id='word_1_98' title='bbox 113 1567 208 1626; x_wconf 87' lang='lat' dir='ltr'><strong>recte</strong></span> <span class='ocrx_word' id='word_1_99' title='bbox 219 1556 355 1652; x_wconf 85' lang='lat' dir='ltr'><strong>facere.</strong></span> <span class='ocrx_word' id='word_1_100' title='bbox 382 1551 472 1652; x_wconf 92' lang='lat' dir='ltr'><strong>quod</strong></span> <span class='ocrx_word' id='word_1_101' title='bbox 494 1552 584 1627; x_wconf 92' lang='lat' dir='ltr'><strong>idem</strong></span> <span class='ocrx_word' id='word_1_102' title='bbox 601 1581 703 1653; x_wconf 88' lang='lat' dir='ltr'><strong>quum</strong></span> <span class='ocrx_word' id='word_1_103' title='bbox 718 1553 823 1628; x_wconf 87' lang='lat' dir='ltr'><strong>Stoici</strong></span> <span class='ocrx_word' id='word_1_104' title='bbox 843 1555 886 1629; x_wconf 87' lang='lat' dir='ltr'><strong>de</strong></span> <span class='ocrx_word' id='word_1_105' title='bbox 901 1555 1049 1656; x_wconf 88' lang='lat' dir='ltr'><strong>sapiente</strong></span> <span class='ocrx_word' id='word_1_106' title='bbox 1065 1557 1191 1647; x_wconf 88' lang='lat' dir='ltr'><strong>dicunt,</strong></span> 
     </span>
     <span class='ocr_line' id='line_1_15' title="bbox 109 1652 1188 1756; baseline 0.003 -27"><span class='ocrx_word' id='word_1_107' title='bbox 109 1655 219 1729; x_wconf 90' lang='lat' dir='ltr'><strong>nimis</strong></span> <span class='ocrx_word' id='word_1_108' title='bbox 246 1652 486 1728; x_wconf 89' lang='lat' dir='ltr'><strong>admirabiliter</strong></span> <span class='ocrx_word' id='word_1_109' title='bbox 508 1655 673 1756; x_wconf 88' lang='lat' dir='ltr'><strong>nimisque</strong></span> <span class='ocrx_word' id='word_1_110' title='bbox 698 1656 871 1755; x_wconf 82' lang='lat' dir='ltr'><strong>magnifice</strong></span> <span class='ocrx_word' id='word_1_111' title='bbox 895 1657 1004 1732; x_wconf 89' lang='lat' dir='ltr'><strong>dicere</strong></span> <span class='ocrx_word' id='word_1_112' title='bbox 1027 1659 1188 1733; x_wconf 89' lang='lat' dir='ltr'><strong>videntur.</strong></span> 
     </span>
     <span class='ocr_line' id='line_1_16' title="bbox 108 1757 1190 1859; baseline 0.004 -28"><span class='ocrx_word' id='word_1_113' title='bbox 108 1759 225 1833; x_wconf 88' lang='lat' dir='ltr'><strong>XVll.</strong></span> <span class='ocrx_word' id='word_1_114' title='bbox 276 1765 334 1837; x_wconf 87' lang='grc'><strong>37.</strong></span> <span class='ocrx_word' id='word_1_115' title='bbox 357 1757 447 1855; x_wconf 87' lang='lat' dir='ltr'><strong>Ergo</strong></span> <span class='ocrx_word' id='word_1_116' title='bbox 471 1757 519 1845; x_wconf 91' lang='lat' dir='ltr'><strong>is,</strong></span> <span class='ocrx_word' id='word_1_117' title='bbox 552 1757 703 1859; x_wconf 83' lang='lat' dir='ltr'><strong>quisquis</strong></span> <span class='ocrx_word' id='word_1_118' title='bbox 729 1775 796 1847; x_wconf 85' lang='lat' dir='ltr'><strong>est,</strong></span> <span class='ocrx_word' id='word_1_119' title='bbox 819 1759 877 1859; x_wconf 95' lang='lat' dir='ltr'><strong>qui</strong></span> <span class='ocrx_word' id='word_1_120' title='bbox 903 1761 1131 1836; x_wconf 89' lang='lat' dir='ltr'><strong>moderatione</strong></span> <span class='ocrx_word' id='word_1_121' title='bbox 1157 1778 1190 1837; x_wconf 92' lang='lat' dir='ltr'><strong>et</strong></span> 
     </span>
     <span class='ocr_line' id='line_1_17' title="bbox 109 1858 1189 1963; baseline 0.001 -26"><span class='ocrx_word' id='word_1_122' title='bbox 109 1859 304 1937; x_wconf 87' lang='lat' dir='ltr'><strong>constantia</strong></span> <span class='ocrx_word' id='word_1_123' title='bbox 329 1859 460 1959; x_wconf 88' lang='lat' dir='ltr'><strong>quietus</strong></span> <span class='ocrx_word' id='word_1_124' title='bbox 483 1858 594 1933; x_wconf 89' lang='lat' dir='ltr'><strong>animo</strong></span> <span class='ocrx_word' id='word_1_125' title='bbox 618 1876 684 1948; x_wconf 91' lang='lat' dir='ltr'><strong>est,</strong></span> <span class='ocrx_word' id='word_1_126' title='bbox 709 1860 840 1961; x_wconf 87' lang='lat' dir='ltr'><strong>sibique</strong></span> <span class='ocrx_word' id='word_1_127' title='bbox 863 1861 935 1962; x_wconf 92' lang='lat' dir='ltr'><strong>ipse</strong></span> <span class='ocrx_word' id='word_1_128' title='bbox 954 1863 1120 1963; x_wconf 87' lang='lat' dir='ltr'><strong>placatus,</strong></span> <span class='ocrx_word' id='word_1_129' title='bbox 1152 1881 1189 1938; x_wconf 91' lang='lat' dir='ltr'><strong>ut</strong></span> 
     </span>
     <span class='ocr_line' id='line_1_18' title="bbox 106 1961 1188 2062; baseline 0 -23"><span class='ocrx_word' id='word_1_130' title='bbox 106 1992 178 2039; x_wconf 86' lang='lat' dir='ltr'><strong>nec</strong></span> <span class='ocrx_word' id='word_1_131' title='bbox 201 1962 350 2036; x_wconf 86' lang='lat' dir='ltr'><strong>tabescat</strong></span> <span class='ocrx_word' id='word_1_132' title='bbox 366 1961 547 2052; x_wconf 79' lang='lat' dir='ltr'><strong>molestiis,</strong></span> <span class='ocrx_word' id='word_1_133' title='bbox 571 1991 632 2037; x_wconf 88' lang='lat' dir='ltr'><strong>nec</strong></span> <span class='ocrx_word' id='word_1_134' title='bbox 650 1963 821 2062; x_wconf 85' lang='lat' dir='ltr'><strong>frangatur</strong></span> <span class='ocrx_word' id='word_1_135' title='bbox 835 1966 974 2052; x_wconf 87' lang='lat' dir='ltr'><strong>timore,</strong></span> <span class='ocrx_word' id='word_1_136' title='bbox 999 1994 1060 2039; x_wconf 92' lang='lat' dir='ltr'><strong>nec</strong></span> <span class='ocrx_word' id='word_1_137' title='bbox 1073 1966 1188 2040; x_wconf 83' lang='lat' dir='ltr'><strong>sitien·</strong></span> 
     </span>
     <span class='ocr_line' id='line_1_19' title="bbox 106 2062 1186 2179; baseline 0.001 -39"><span class='ocrx_word' id='word_1_138' title='bbox 106 2083 165 2141; x_wconf 88' lang='lat' dir='ltr'><strong>ter</strong></span> <span class='ocrx_word' id='word_1_139' title='bbox 193 2064 277 2179; x_wconf 83' lang='lat' dir='ltr'><strong>quid</strong></span> <span class='ocrx_word' id='word_1_140' title='bbox 298 2081 454 2165; x_wconf 82' lang='lat' dir='ltr'><strong>expetens</strong></span> <span class='ocrx_word' id='word_1_141' title='bbox 474 2063 588 2138; x_wconf 87' lang='lat' dir='ltr'><strong>ardeat</strong></span> <span class='ocrx_word' id='word_1_142' title='bbox 610 2062 795 2152; x_wconf 78' lang='lat' dir='ltr'><strong>desiderio,</strong></span> <span class='ocrx_word' id='word_1_143' title='bbox 828 2094 889 2138; x_wconf 90' lang='lat' dir='ltr'><strong>nec</strong></span> <span class='ocrx_word' id='word_1_144' title='bbox 912 2063 1077 2142; x_wconf 87' lang='lat' dir='ltr'><strong>alacritate</strong></span> <span class='ocrx_word' id='word_1_145' title='bbox 1099 2067 1186 2141; x_wconf 82' lang='lat' dir='ltr'><strong>sutili</strong></span> 
     </span>
    </p>
   </div>
   <div class='ocr_carea' id='block_1_3' title="bbox 105 2232 1186 3117">
    <p class='ocr_par' dir='ltr' id='par_1_3' title="bbox 105 2232 1186 3117">
     <span class='ocr_line' id='line_1_20' title="bbox 184 2232 1184 2305; baseline 0.004 -20"><span class='ocrx_word' id='word_1_146' title='bbox 184 2234 262 2295; x_wconf 86' lang='lat' dir='ltr'><strong>5Sic</strong></span> <span class='ocrx_word' id='word_1_147' title='bbox 285 2235 317 2284; x_wconf 88' lang='lat' dir='ltr'><strong>V.</strong></span> <span class='ocrx_word' id='word_1_148' title='bbox 341 2234 373 2285; x_wconf 89' lang='lat' dir='ltr'><strong>L.</strong></span> <span class='ocrx_word' id='word_1_149' title='bbox 396 2233 423 2285; x_wconf 88' lang='lat' dir='ltr'><strong>in</strong></span> <span class='ocrx_word' id='word_1_150' title='bbox 439 2251 472 2285; x_wconf 88' lang='grc' dir='ltr'><strong>ιιι.</strong></span> <span class='ocrx_word' id='word_1_151' title='bbox 491 2235 564 2292; x_wconf 78' lang='grc'><strong>1584.</strong></span> <span class='ocrx_word' id='word_1_152' title='bbox 589 2232 670 2284; x_wconf 86' lang='lat' dir='ltr'><strong>Codd.</strong></span> <span class='ocrx_word' id='word_1_153' title='bbox 695 2233 761 2284; x_wconf 86' lang='lat' dir='ltr'><strong>enim</strong></span> <span class='ocrx_word' id='word_1_154' title='bbox 783 2233 836 2285; x_wconf 81' lang='lat' dir='ltr'><strong>sic:</strong></span> <span class='ocrx_word' id='word_1_155' title='bbox 861 2234 961 2305; x_wconf 76' lang='lat' dir='ltr'><strong>aliquia</strong></span> <span class='ocrx_word' id='word_1_156' title='bbox 977 2236 1044 2288; x_wconf 83' lang='lat' dir='ltr'><strong>aliis</strong></span> <span class='ocrx_word' id='word_1_157' title='bbox 1065 2250 1151 2289; x_wconf 77' lang='lat' dir='ltr'><strong>terror</strong></span> <span class='ocrx_word' id='word_1_158' title='bbox 1165 2240 1184 2288; x_wconf 88' lang='lat' dir='ltr'><strong>i.</strong></span> 
     </span>
     <span class='ocr_line' id='line_1_21' title="bbox 108 2301 1185 2374; baseline 0.001 -20"><span class='ocrx_word' id='word_1_159' title='bbox 108 2304 202 2370; x_wconf 84' lang='lat' dir='ltr'><strong>Vulgo</strong></span> <span class='ocrx_word' id='word_1_160' title='bbox 221 2322 323 2372; x_wconf 82' lang='lat' dir='ltr'><strong>semper</strong></span> <span class='ocrx_word' id='word_1_161' title='bbox 339 2302 448 2372; x_wconf 84' lang='lat' dir='ltr'><strong>aliquis,</strong></span> <span class='ocrx_word' id='word_1_162' title='bbox 464 2302 530 2351; x_wconf 81' lang='lat' dir='ltr'><strong>aliie</strong></span> <span class='ocrx_word' id='word_1_163' title='bbox 546 2302 629 2360; x_wconf 87' lang='lat' dir='ltr'><strong>dolor,</strong></span> <span class='ocrx_word' id='word_1_164' title='bbox 646 2301 711 2352; x_wconf 82' lang='lat' dir='ltr'><strong>aliie</strong></span> <span class='ocrx_word' id='word_1_165' title='bbox 726 2315 813 2352; x_wconf 82' lang='lat' dir='ltr'><strong>terror</strong></span> <span class='ocrx_word' id='word_1_166' title='bbox 831 2303 859 2363; x_wconf 87' lang='lat' dir='ltr'><strong>i.,</strong></span> <span class='ocrx_word' id='word_1_167' title='bbox 877 2322 908 2353; x_wconf 84' lang='lat' dir='ltr'><strong>ex</strong></span> <span class='ocrx_word' id='word_1_168' title='bbox 924 2303 1052 2374; x_wconf 65' lang='lat' dir='ltr'><strong>interpol„</strong></span> <span class='ocrx_word' id='word_1_169' title='bbox 1070 2305 1185 2357; x_wconf 80' lang='lat' dir='ltr'><strong>ueivdtr.</strong></span> 
     </span>
     <span class='ocr_line' id='line_1_22' title="bbox 110 2368 1185 2440; baseline -0.001 -16"><span class='ocrx_word' id='word_1_170' title='bbox 110 2374 153 2424; x_wconf 85' lang='lat' dir='ltr'><strong>De</strong></span> <span class='ocrx_word' id='word_1_171' title='bbox 170 2372 259 2440; x_wconf 85' lang='lat' dir='ltr'><strong>aliqui</strong></span> <span class='ocrx_word' id='word_1_172' title='bbox 272 2388 297 2420; x_wconf 88' lang='lat' dir='ltr'><strong>v.</strong></span> <span class='ocrx_word' id='word_1_173' title='bbox 316 2369 380 2421; x_wconf 77' lang='lat' dir='ltr'><strong>ndu.</strong></span> <span class='ocrx_word' id='word_1_174' title='bbox 429 2373 447 2428; x_wconf 85' lang='lat'><strong>6</strong></span> <span class='ocrx_word' id='word_1_175' title='bbox 463 2371 549 2420; x_wconf 87' lang='lat' dir='ltr'><strong>Uncus</strong></span> <span class='ocrx_word' id='word_1_176' title='bbox 566 2368 666 2418; x_wconf 84' lang='lat' dir='ltr'><strong>addidit</strong></span> <span class='ocrx_word' id='word_1_177' title='bbox 680 2369 724 2419; x_wconf 89' lang='lat' dir='ltr'><strong>W.</strong></span> <span class='ocrx_word' id='word_1_178' title='bbox 742 2397 775 2408; x_wconf 90' lang='lat'><em>-</em></span> <span class='ocrx_word' id='word_1_179' title='bbox 793 2373 835 2420; x_wconf 90' lang='lat' dir='ltr'><strong>Or.</strong></span> <span class='ocrx_word' id='word_1_180' title='bbox 852 2388 875 2420; x_wconf 92' lang='lat' dir='ltr'><strong>c.</strong></span> <span class='ocrx_word' id='word_1_181' title='bbox 892 2371 1020 2439; x_wconf 83' lang='lat' dir='ltr'><strong>plerisque</strong></span> <span class='ocrx_word' id='word_1_182' title='bbox 1040 2372 1103 2423; x_wconf 84' lang='lat' dir='ltr'><strong>Edd.</strong></span> <span class='ocrx_word' id='word_1_183' title='bbox 1120 2382 1185 2423; x_wconf 90' lang='lat' dir='ltr'><strong>vett.</strong></span> 
     </span>
     <span class='ocr_line' id='line_1_23' title="bbox 108 2436 1185 2505; baseline -0.002 -14"><span class='ocrx_word' id='word_1_184' title='bbox 108 2451 140 2492; x_wconf 83' lang='lat' dir='ltr'><strong>ct</strong></span> <span class='ocrx_word' id='word_1_185' title='bbox 152 2441 183 2490; x_wconf 91' lang='lat' dir='ltr'><strong>b.</strong></span> <span class='ocrx_word' id='word_1_186' title='bbox 201 2452 257 2488; x_wconf 80' lang='lat' dir='ltr'><strong>cum</strong></span> <span class='ocrx_word' id='word_1_187' title='bbox 271 2437 449 2498; x_wconf 82' lang='lat' dir='ltr'><strong>moderatum,</strong></span> <span class='ocrx_word' id='word_1_188' title='bbox 459 2436 540 2501; x_wconf 28' lang='lat' dir='ltr'><strong>,alias</strong></span> <span class='ocrx_word' id='word_1_189' title='bbox 557 2437 700 2486; x_wconf 79' lang='lat' dir='ltr'><strong>modestum</strong></span> <span class='ocrx_word' id='word_1_190' title='bbox 724 2448 750 2486; x_wconf 81' lang='lat' dir='ltr'><strong>et</strong></span> <span class='ocrx_word' id='word_1_191' title='bbox 764 2449 872 2505; x_wconf 78' lang='lat' dir='ltr'><strong>temper.</strong></span> <span class='ocrx_word' id='word_1_192' title='bbox 881 2475 889 2500; x_wconf 93' lang='lat'><strong>,</strong></span> <span class='ocrx_word' id='word_1_193' title='bbox 907 2438 979 2488; x_wconf 79' lang='lat' dir='ltr'><strong>alias</strong></span> <span class='ocrx_word' id='word_1_194' title='bbox 1000 2451 1082 2489; x_wconf 80' lang='lat' dir='ltr'><strong>conat.</strong></span> <span class='ocrx_word' id='word_1_195' title='bbox 1099 2441 1185 2490; x_wconf 77' lang='lat' dir='ltr'><strong>conti-</strong></span> 
     </span>
     <span class='ocr_line' id='line_1_24' title="bbox 109 2503 1186 2574; baseline -0.002 -17"><span class='ocrx_word' id='word_1_196' title='bbox 109 2519 274 2574; x_wconf 80' lang='lat' dir='ltr'><strong>nentemque</strong></span> <span class='ocrx_word' id='word_1_197' title='bbox 286 2505 314 2555; x_wconf 85' lang='lat' dir='ltr'><strong>d.</strong></span> <span class='ocrx_word' id='word_1_198' title='bbox 331 2506 379 2565; x_wconf 82' lang='lat' dir='ltr'><strong>„In</strong></span> <span class='ocrx_word' id='word_1_199' title='bbox 393 2503 442 2554; x_wconf 90' lang='lat' dir='ltr'><strong>hac</strong></span> <span class='ocrx_word' id='word_1_200' title='bbox 459 2512 657 2570; x_wconf 76' lang='lat' dir='ltr'><strong>synonymorum</strong></span> <span class='ocrx_word' id='word_1_201' title='bbox 678 2505 869 2555; x_wconf 83' lang='lat' dir='ltr'><strong>coacervatione</strong></span> <span class='ocrx_word' id='word_1_202' title='bbox 893 2505 1011 2557; x_wconf 82' lang='lat' dir='ltr'><strong>consulto</strong></span> <span class='ocrx_word' id='word_1_203' title='bbox 1028 2506 1100 2557; x_wconf 87' lang='lat' dir='ltr'><strong>bica</strong></span> <span class='ocrx_word' id='word_1_204' title='bbox 1118 2506 1186 2557; x_wconf 89' lang='lat' dir='ltr'><strong>Tul-</strong></span> 
     </span>
     <span class='ocr_line' id='line_1_25' title="bbox 107 2570 1185 2639; baseline -0.002 -14"><span class='ocrx_word' id='word_1_205' title='bbox 107 2575 149 2625; x_wconf 89' lang='lat' dir='ltr'><strong>lio</strong></span> <span class='ocrx_word' id='word_1_206' title='bbox 177 2574 247 2624; x_wconf 85' lang='lat' dir='ltr'><strong>facta</strong></span> <span class='ocrx_word' id='word_1_207' title='bbox 262 2572 322 2624; x_wconf 83' lang='lat' dir='ltr'><strong>ferri</strong></span> <span class='ocrx_word' id='word_1_208' title='bbox 336 2589 411 2639; x_wconf 72' lang='lat' dir='ltr'><strong>posse</strong></span> <span class='ocrx_word' id='word_1_209' title='bbox 427 2570 494 2621; x_wconf 89' lang='lat' dir='ltr'><strong>vdtr.</strong></span> <span class='ocrx_word' id='word_1_210' title='bbox 512 2584 566 2621; x_wconf 83' lang='lat' dir='ltr'><strong>torn</strong></span> <span class='ocrx_word' id='word_1_211' title='bbox 581 2600 614 2609; x_wconf 94' lang='lat'>-</span> <span class='ocrx_word' id='word_1_212' title='bbox 629 2571 718 2634; x_wconf 78' lang='lat' dir='ltr'><strong>alias,</strong></span> <span class='ocrx_word' id='word_1_213' title='bbox 735 2572 804 2638; x_wconf 91' lang='lat' dir='ltr'><strong>quod</strong></span> <span class='ocrx_word' id='word_1_214' title='bbox 820 2590 851 2622; x_wconf 84' lang='lat' dir='ltr'><strong>ex</strong></span> <span class='ocrx_word' id='word_1_215' title='bbox 868 2570 894 2624; x_wconf 90' lang='lat' dir='ltr'><strong>b.</strong></span> <span class='ocrx_word' id='word_1_216' title='bbox 911 2570 931 2623; x_wconf 80' lang='lat' dir='ltr'><strong>l.</strong></span> <span class='ocrx_word' id='word_1_217' title='bbox 947 2585 1089 2638; x_wconf 82' lang='lat' dir='ltr'><strong>agnoscunt</strong></span> <span class='ocrx_word' id='word_1_218' title='bbox 1109 2574 1185 2625; x_wconf 85' lang='lat' dir='ltr'><strong>etiam</strong></span> 
     </span>
     <span class='ocr_line' id='line_1_26' title="bbox 107 2638 1184 2708; baseline -0.004 -15"><span class='ocrx_word' id='word_1_219' title='bbox 107 2641 226 2695; x_wconf 77' lang='lat' dir='ltr'><strong>&#39;l&#39;nrselb</strong></span> <span class='ocrx_word' id='word_1_220' title='bbox 260 2644 351 2699; x_wconf 55' lang='lat'><strong>4031.</strong></span> <span class='ocrx_word' id='word_1_221' title='bbox 367 2639 414 2689; x_wconf 87' lang='lat' dir='ltr'><strong>Ed.</strong></span> <span class='ocrx_word' id='word_1_222' title='bbox 433 2643 506 2696; x_wconf 77' lang='lat'><strong>1751.</strong></span> <span class='ocrx_word' id='word_1_223' title='bbox 523 2648 550 2689; x_wconf 89' lang='lat' dir='ltr'><strong>et</strong></span> <span class='ocrx_word' id='word_1_224' title='bbox 564 2638 714 2690; x_wconf 82' lang='lat' dir='ltr'><strong>Ramsborn.</strong></span> <span class='ocrx_word' id='word_1_225' title='bbox 732 2658 757 2706; x_wconf 92' lang='lat' dir='ltr'><strong>p.</strong></span> <span class='ocrx_word' id='word_1_226' title='bbox 774 2643 851 2696; x_wconf 85' lang='grc'><strong>511.“</strong></span> <span class='ocrx_word' id='word_1_227' title='bbox 868 2642 926 2689; x_wconf 85' lang='lat' dir='ltr'><strong>Em.</strong></span> <span class='ocrx_word' id='word_1_228' title='bbox 945 2657 967 2689; x_wconf 91' lang='lat' dir='ltr'><strong>c.</strong></span> <span class='ocrx_word' id='word_1_229' title='bbox 985 2640 1065 2691; x_wconf 91' lang='lat' dir='ltr'><strong>Codd.</strong></span> <span class='ocrx_word' id='word_1_230' title='bbox 1083 2651 1110 2691; x_wconf 89' lang='lat' dir='ltr'><strong>et</strong></span> <span class='ocrx_word' id='word_1_231' title='bbox 1121 2639 1184 2708; x_wconf 83' lang='lat' dir='ltr'><strong>aliq.</strong></span> 
     </span>
     <span class='ocr_line' id='line_1_27' title="bbox 109 2659 1184 2774; baseline -0.003 -14"><span class='ocrx_word' id='word_1_232' title='bbox 109 2721 140 2760; x_wconf 76' lang='lat' dir='ltr'><strong>et</strong></span> <span class='ocrx_word' id='word_1_233' title='bbox 156 2710 188 2759; x_wconf 87' lang='lat' dir='ltr'><strong>P.</strong></span> <span class='ocrx_word' id='word_1_234' title='bbox 207 2659 289 2758; x_wconf 76' lang='lat' dir='ltr'><strong>Gebh.</strong></span> <span class='ocrx_word' id='word_1_235' title='bbox 308 2708 339 2755; x_wconf 86' lang='lat' dir='ltr'><strong>l).</strong></span> <span class='ocrx_word' id='word_1_236' title='bbox 356 2704 429 2756; x_wconf 89' lang='lat' dir='ltr'><strong>omis.</strong></span> <span class='ocrx_word' id='word_1_237' title='bbox 448 2718 474 2756; x_wconf 75' lang='lat' dir='ltr'><strong>et</strong></span> <span class='ocrx_word' id='word_1_238' title='bbox 486 2715 545 2756; x_wconf 85' lang='lat' dir='ltr'><strong>ante</strong></span> <span class='ocrx_word' id='word_1_239' title='bbox 562 2718 669 2774; x_wconf 85' lang='lat' dir='ltr'><strong>temper.</strong></span> <span class='ocrx_word' id='word_1_240' title='bbox 703 2713 720 2764; x_wconf 86' lang='lat'><strong>7</strong></span> <span class='ocrx_word' id='word_1_241' title='bbox 737 2707 777 2755; x_wconf 81' lang='lat' dir='ltr'><strong>Sic</strong></span> <span class='ocrx_word' id='word_1_242' title='bbox 795 2707 825 2755; x_wconf 81' lang='lat' dir='ltr'><strong>ll.</strong></span> <span class='ocrx_word' id='word_1_243' title='bbox 844 2707 870 2757; x_wconf 92' lang='lat' dir='ltr'><strong>b.</strong></span> <span class='ocrx_word' id='word_1_244' title='bbox 888 2707 957 2756; x_wconf 86' lang='lat' dir='ltr'><strong>SED.</strong></span> <span class='ocrx_word' id='word_1_245' title='bbox 975 2706 1042 2757; x_wconf 86' lang='lat' dir='ltr'><strong>Lall.</strong></span> <span class='ocrx_word' id='word_1_246' title='bbox 1062 2736 1093 2746; x_wconf 96' lang='lat'>—</span> <span class='ocrx_word' id='word_1_247' title='bbox 1110 2706 1184 2758; x_wconf 79' lang='lat' dir='ltr'><strong>Aliae</strong></span> 
     </span>
     <span class='ocr_line' id='line_1_28' title="bbox 108 2773 1185 2843; baseline -0.004 -16"><span class='ocrx_word' id='word_1_248' title='bbox 108 2777 181 2827; x_wconf 77' lang='lat' dir='ltr'><strong>Eud.</strong></span> <span class='ocrx_word' id='word_1_249' title='bbox 196 2784 260 2825; x_wconf 88' lang='lat' dir='ltr'><strong>vett.</strong></span> <span class='ocrx_word' id='word_1_250' title='bbox 277 2774 347 2824; x_wconf 83' lang='lat' dir='ltr'><strong>illud</strong></span> <span class='ocrx_word' id='word_1_251' title='bbox 369 2775 410 2823; x_wconf 81' lang='lat' dir='ltr'><strong>ita</strong></span> <span class='ocrx_word' id='word_1_252' title='bbox 428 2774 551 2843; x_wconf 66' lang='lat' dir='ltr'><strong>peretulg.</strong></span> <span class='ocrx_word' id='word_1_253' title='bbox 569 2803 602 2812; x_wconf 99' lang='lat'>-</span> <span class='ocrx_word' id='word_1_254' title='bbox 626 2776 685 2824; x_wconf 85' lang='lat' dir='ltr'><strong>Ern.</strong></span> <span class='ocrx_word' id='word_1_255' title='bbox 712 2793 732 2824; x_wconf 92' lang='lat' dir='ltr'><strong>c.</strong></span> <span class='ocrx_word' id='word_1_256' title='bbox 750 2773 832 2824; x_wconf 87' lang='lat' dir='ltr'><strong>Vatic.</strong></span> <span class='ocrx_word' id='word_1_257' title='bbox 857 2775 969 2824; x_wconf 86' lang='lat' dir='ltr'><strong>Gronov.</strong></span> <span class='ocrx_word' id='word_1_258' title='bbox 988 2774 1033 2824; x_wconf 82' lang='lat' dir='ltr'><strong>Ed.</strong></span> <span class='ocrx_word' id='word_1_259' title='bbox 1053 2779 1126 2832; x_wconf 72' lang='lat'><strong>1692.</strong></span> <span class='ocrx_word' id='word_1_260' title='bbox 1143 2775 1185 2823; x_wconf 82' lang='lat' dir='ltr'><strong>ita</strong></span> 
     </span>
     <span class='ocr_line' id='line_1_29' title="bbox 105 2840 1183 2915; baseline -0.005 -20"><span class='ocrx_word' id='word_1_261' title='bbox 105 2862 163 2915; x_wconf 82' lang='lat' dir='ltr'><strong>per</strong></span> <span class='ocrx_word' id='word_1_262' title='bbox 185 2842 256 2892; x_wconf 84' lang='lat' dir='ltr'><strong>illud</strong></span> <span class='ocrx_word' id='word_1_263' title='bbox 274 2842 416 2907; x_wconf 49' lang='lat' dir='ltr'><strong>vagatum.</strong></span> <span class='ocrx_word' id='word_1_264' title='bbox 433 2846 467 2893; x_wconf 74' lang='lat' dir='ltr'><strong>At</strong></span> <span class='ocrx_word' id='word_1_265' title='bbox 483 2851 552 2891; x_wconf 87' lang='lat' dir='ltr'><strong>recte</strong></span> <span class='ocrx_word' id='word_1_266' title='bbox 569 2851 657 2892; x_wconf 90' lang='lat' dir='ltr'><strong>monet</strong></span> <span class='ocrx_word' id='word_1_267' title='bbox 672 2844 713 2891; x_wconf 84' lang='lat' dir='ltr'><strong>Or.</strong></span> <span class='ocrx_word' id='word_1_268' title='bbox 731 2840 824 2892; x_wconf 80' lang='lat' dir='ltr'><strong>tmesin</strong></span> <span class='ocrx_word' id='word_1_269' title='bbox 845 2841 921 2892; x_wconf 84' lang='lat' dir='ltr'><strong>istam</strong></span> <span class='ocrx_word' id='word_1_270' title='bbox 937 2841 1017 2892; x_wconf 86' lang='lat' dir='ltr'><strong>videri</strong></span> <span class='ocrx_word' id='word_1_271' title='bbox 1032 2840 1124 2892; x_wconf 83' lang='lat' dir='ltr'><strong>hebere</strong></span> <span class='ocrx_word' id='word_1_272' title='bbox 1139 2842 1183 2891; x_wconf 92' lang='lat' dir='ltr'><strong>lo-</strong></span> 
     </span>
     <span class='ocr_line' id='line_1_30' title="bbox 112 2907 1185 2987; baseline -0.006 -23"><span class='ocrx_word' id='word_1_273' title='bbox 112 2929 174 2964; x_wconf 86' lang='lat' dir='ltr'><strong>cum</strong></span> <span class='ocrx_word' id='word_1_274' title='bbox 198 2910 334 2960; x_wconf 81' lang='lat' dir='ltr'><strong>dumtaxat</strong></span> <span class='ocrx_word' id='word_1_275' title='bbox 354 2910 381 2958; x_wconf 93' lang='lat' dir='ltr'><strong>in</strong></span> <span class='ocrx_word' id='word_1_276' title='bbox 394 2907 506 2959; x_wconf 81' lang='lat' dir='ltr'><strong>talibus:</strong></span> <span class='ocrx_word' id='word_1_277' title='bbox 522 2927 578 2987; x_wconf 84' lang='lat' dir='ltr'><strong>per</strong></span> <span class='ocrx_word' id='word_1_278' title='bbox 595 2908 662 2958; x_wconf 85' lang='lat' dir='ltr'><strong>milri</strong></span> <span class='ocrx_word' id='word_1_279' title='bbox 679 2909 773 2959; x_wconf 79' lang='lat' dir='ltr'><strong>scitum</strong></span> <span class='ocrx_word' id='word_1_280' title='bbox 794 2908 916 2969; x_wconf 78' lang='lat' dir='ltr'><strong>videtur,</strong></span> <span class='ocrx_word' id='word_1_281' title='bbox 930 2927 980 2978; x_wconf 85' lang='lat' dir='ltr'><strong>per</strong></span> <span class='ocrx_word' id='word_1_282' title='bbox 997 2909 1063 2958; x_wconf 83' lang='lat' dir='ltr'><strong>milri</strong></span> <span class='ocrx_word' id='word_1_283' title='bbox 1077 2921 1185 2978; x_wconf 84' lang='lat' dir='ltr'><strong>gratum</strong></span> 
     </span>
     <span class='ocr_line' id='line_1_31' title="bbox 111 2975 1184 3049; baseline -0.003 -19"><span class='ocrx_word' id='word_1_284' title='bbox 111 2978 233 3038; x_wconf 82' lang='lat' dir='ltr'><strong>accidit,</strong></span> <span class='ocrx_word' id='word_1_285' title='bbox 250 2994 302 3026; x_wconf 91' lang='lat' dir='ltr'><strong>non</strong></span> <span class='ocrx_word' id='word_1_286' title='bbox 316 2975 378 3026; x_wconf 88' lang='lat' dir='ltr'><strong>item</strong></span> <span class='ocrx_word' id='word_1_287' title='bbox 393 2976 428 3049; x_wconf 29' lang='lat' dir='ltr'><strong>in·</strong></span> <span class='ocrx_word' id='word_1_288' title='bbox 437 2975 578 3044; x_wconf 78' lang='lat' dir='ltr'><strong>participiis</strong></span> <span class='ocrx_word' id='word_1_289' title='bbox 601 2993 729 3044; x_wconf 82' lang='lat' dir='ltr'><strong>compos:</strong></span> <span class='ocrx_word' id='word_1_290' title='bbox 745 2977 940 3046; x_wconf 80' lang='lat' dir='ltr'><strong>pervulgatus,</strong></span> <span class='ocrx_word' id='word_1_291' title='bbox 954 2988 1104 3046; x_wconf 76' lang='lat' dir='ltr'><strong>permotae,</strong></span> <span class='ocrx_word' id='word_1_292' title='bbox 1118 2995 1184 3047; x_wconf 90' lang='lat' dir='ltr'><strong>per-</strong></span> 
     </span>
     <span class='ocr_line' id='line_1_32' title="bbox 110 3044 311 3117; baseline -0.025 -18"><span class='ocrx_word' id='word_1_293' title='bbox 110 3048 233 3117; x_wconf 72' lang='lat' dir='ltr'><strong>scriptus</strong></span> <span class='ocrx_word' id='word_1_294' title='bbox 249 3044 311 3095; x_wconf 84' lang='lat' dir='ltr'><strong>c&#39;ett.</strong></span> 
     </span>
    </p>
   </div>
   <div class='ocr_carea' id='block_1_4' title="bbox 112 3143 1250 4294">
    <p class='ocr_par' dir='ltr' id='par_1_4' title="bbox 112 3143 1250 4208">
     <span class='ocr_line' id='line_1_33' title="bbox 166 3143 1183 3218; baseline -0.001 -20"><span class='ocrx_word' id='word_1_295' title='bbox 166 3145 256 3216; x_wconf 84' lang='lat' dir='ltr'><strong>aliqui</strong></span> <span class='ocrx_word' id='word_1_296' title='bbox 266 3144 333 3196; x_wconf 77' lang='lat' dir='ltr'><strong>talia</strong></span> <span class='ocrx_word' id='word_1_297' title='bbox 346 3146 444 3210; x_wconf 83' lang='lat' dir='ltr'><strong>terror)</strong></span> <span class='ocrx_word' id='word_1_298' title='bbox 461 3145 541 3194; x_wconf 82' lang='lat' dir='ltr'><strong>Recte</strong></span> <span class='ocrx_word' id='word_1_299' title='bbox 553 3143 634 3194; x_wconf 90' lang='lat' dir='ltr'><strong>Wol-</strong></span> <span class='ocrx_word' id='word_1_300' title='bbox 718 3143 799 3194; x_wconf 79' lang='lat' dir='ltr'><strong>uineis</strong></span> <span class='ocrx_word' id='word_1_301' title='bbox 811 3143 1015 3212; x_wconf 81' lang='lat' dir='ltr'><strong>admirabiliter)</strong></span> <span class='ocrx_word' id='word_1_302' title='bbox 1034 3145 1066 3195; x_wconf 85' lang='lat' dir='ltr'><strong>de</strong></span> <span class='ocrx_word' id='word_1_303' title='bbox 1075 3145 1130 3218; x_wconf 66' lang='lat' dir='ltr'><strong>Fin.</strong></span> <span class='ocrx_word' id='word_1_304' title='bbox 1139 3146 1183 3197; x_wconf 86' lang='lat' dir='ltr'><strong>m.</strong></span> 
     </span>
     <span class='ocr_line' id='line_1_34' title="bbox 112 3212 1185 3280; baseline -0.003 -13"><span class='ocrx_word' id='word_1_305' title='bbox 112 3217 161 3267; x_wconf 80' lang='lat' dir='ltr'><strong>fias</strong></span> <span class='ocrx_word' id='word_1_306' title='bbox 177 3216 296 3267; x_wconf 85' lang='lat' dir='ltr'><strong>cumlac.</strong></span> <span class='ocrx_word' id='word_1_307' title='bbox 309 3213 439 3264; x_wconf 88' lang='lat' dir='ltr'><strong>Gronovio</strong></span> <span class='ocrx_word' id='word_1_308' title='bbox 452 3212 558 3262; x_wconf 84' lang='lat' dir='ltr'><strong>formam</strong></span> <span class='ocrx_word' id='word_1_309' title='bbox 570 3229 634 3278; x_wconf 89' lang='lat' dir='ltr'><strong>pro·</strong></span> <span class='ocrx_word' id='word_1_310' title='bbox 667 3217 718 3274; x_wconf 82' lang='lat'><strong>22,</strong></span> <span class='ocrx_word' id='word_1_311' title='bbox 736 3218 778 3269; x_wconf 88' lang='lat'><strong>75.</strong></span> <span class='ocrx_word' id='word_1_312' title='bbox 813 3214 893 3273; x_wconf 82' lang='lat' dir='ltr'><strong>Quam</strong></span> <span class='ocrx_word' id='word_1_313' title='bbox 910 3213 992 3278; x_wconf 81' lang='lat' dir='ltr'><strong>gravis</strong></span> <span class='ocrx_word' id='word_1_314' title='bbox 1010 3229 1086 3274; x_wconf 88' lang='lat' dir='ltr'><strong>vero,</strong></span> <span class='ocrx_word' id='word_1_315' title='bbox 1110 3229 1185 3280; x_wconf 89' lang='lat' dir='ltr'><strong>qnam</strong></span> 
     </span>
     <span class='ocr_line' id='line_1_35' title="bbox 112 3278 1184 3361; baseline -0.004 -27"><span class='ocrx_word' id='word_1_316' title='bbox 112 3283 228 3335; x_wconf 81' lang='lat' dir='ltr'><strong>nominis</strong></span> <span class='ocrx_word' id='word_1_317' title='bbox 259 3282 345 3361; x_wconf 77' lang='lat' dir='ltr'><strong>aliqui</strong></span> <span class='ocrx_word' id='word_1_318' title='bbox 351 3318 367 3343; x_wconf 59' lang='lat'><strong>„</strong></span> <span class='ocrx_word' id='word_1_319' title='bbox 394 3297 448 3330; x_wconf 90' lang='lat' dir='ltr'><strong>cum</strong></span> <span class='ocrx_word' id='word_1_320' title='bbox 476 3279 633 3329; x_wconf 85' lang='lat' dir='ltr'><strong>substantivo</strong></span> <span class='ocrx_word' id='word_1_321' title='bbox 666 3278 815 3346; x_wconf 80' lang='lat' dir='ltr'><strong>magnilica,</strong></span> <span class='ocrx_word' id='word_1_322' title='bbox 840 3297 913 3347; x_wconf 86' lang='lat' dir='ltr'><strong>quum</strong></span> <span class='ocrx_word' id='word_1_323' title='bbox 937 3290 1055 3330; x_wconf 81' lang='lat' dir='ltr'><strong>constans</strong></span> <span class='ocrx_word' id='word_1_324' title='bbox 1077 3280 1184 3330; x_wconf 86' lang='lat' dir='ltr'><strong>confici-</strong></span> 
     </span>
     <span class='ocr_line' id='line_1_36' title="bbox 112 3347 1184 3418; baseline -0.004 -17"><span class='ocrx_word' id='word_1_325' title='bbox 112 3350 203 3418; x_wconf 90' lang='lat' dir='ltr'><strong>aliquo</strong></span> <span class='ocrx_word' id='word_1_326' title='bbox 227 3349 323 3408; x_wconf 78' lang='lat' dir='ltr'><strong>iuncti,</strong></span> <span class='ocrx_word' id='word_1_327' title='bbox 357 3365 431 3415; x_wconf 89' lang='lat' dir='ltr'><strong>quam</strong></span> <span class='ocrx_word' id='word_1_328' title='bbox 455 3347 584 3397; x_wconf 83' lang='lat' dir='ltr'><strong>Ernestius</strong></span> <span class='ocrx_word' id='word_1_329' title='bbox 608 3355 635 3396; x_wconf 90' lang='lat' dir='ltr'><strong>et</strong></span> <span class='ocrx_word' id='word_1_330' title='bbox 666 3357 709 3399; x_wconf 89' lang='lat' dir='ltr'><strong>tur</strong></span> <span class='ocrx_word' id='word_1_331' title='bbox 738 3364 852 3415; x_wconf 81' lang='lat' dir='ltr'><strong>persona</strong></span> <span class='ocrx_word' id='word_1_332' title='bbox 881 3348 1034 3416; x_wconf 80' lang='lat' dir='ltr'><strong>sapientis?</strong></span> <span class='ocrx_word' id='word_1_333' title='bbox 1068 3357 1095 3397; x_wconf 87' lang='lat' dir='ltr'><strong>ot</strong></span> <span class='ocrx_word' id='word_1_334' title='bbox 1119 3364 1184 3413; x_wconf 84' lang='lat' dir='ltr'><strong>quae</strong></span> 
     </span>
     <span class='ocr_line' id='line_1_37' title="bbox 112 3414 814 3483; baseline -0.01 -14"><span class='ocrx_word' id='word_1_335' title='bbox 112 3417 239 3469; x_wconf 87' lang='lat' dir='ltr'><strong>hocloco</strong></span> <span class='ocrx_word' id='word_1_336' title='bbox 253 3426 278 3467; x_wconf 85' lang='lat' dir='ltr'><strong>et</strong></span> <span class='ocrx_word' id='word_1_337' title='bbox 293 3415 352 3465; x_wconf 87' lang='lat' dir='ltr'><strong>alibi</strong></span> <span class='ocrx_word' id='word_1_338' title='bbox 367 3416 393 3466; x_wconf 90' lang='lat' dir='ltr'><strong>in</strong></span> <span class='ocrx_word' id='word_1_339' title='bbox 407 3416 506 3483; x_wconf 85' lang='lat' dir='ltr'><strong>aliquis</strong></span> <span class='ocrx_word' id='word_1_340' title='bbox 519 3414 634 3472; x_wconf 85' lang='lat' dir='ltr'><strong>mutavit,</strong></span> <span class='ocrx_word' id='word_1_341' title='bbox 667 3424 814 3482; x_wconf 81' lang='lat' dir='ltr'><strong>sequuntur.</strong></span> 
     </span>
     <span class='ocr_line' id='line_1_38' title="bbox 112 3479 1185 3551; baseline -0.007 -15"><span class='ocrx_word' id='word_1_342' title='bbox 112 3486 176 3536; x_wconf 89' lang='lat' dir='ltr'><strong>licet</strong></span> <span class='ocrx_word' id='word_1_343' title='bbox 192 3484 249 3534; x_wconf 85' lang='lat' dir='ltr'><strong>aliis</strong></span> <span class='ocrx_word' id='word_1_344' title='bbox 262 3483 326 3534; x_wconf 85' lang='lat' dir='ltr'><strong>locis</strong></span> <span class='ocrx_word' id='word_1_345' title='bbox 341 3483 408 3550; x_wconf 88' lang='lat' dir='ltr'><strong>apud</strong></span> <span class='ocrx_word' id='word_1_346' title='bbox 417 3483 563 3532; x_wconf 85' lang='lat' dir='ltr'><strong>Ciceronem</strong></span> <span class='ocrx_word' id='word_1_347' title='bbox 577 3480 633 3548; x_wconf 89' lang='lat' dir='ltr'><strong>pri-</strong></span> <span class='ocrx_word' id='word_1_348' title='bbox 718 3482 776 3531; x_wconf 79' lang='lat' dir='ltr'><strong>Cae.</strong></span> <span class='ocrx_word' id='word_1_349' title='bbox 786 3482 868 3531; x_wconf 85' lang='lat' dir='ltr'><strong>XVII.</strong></span> <span class='ocrx_word' id='word_1_350' title='bbox 878 3485 920 3539; x_wconf 83' lang='grc'><strong>37.</strong></span> <span class='ocrx_word' id='word_1_351' title='bbox 939 3481 1059 3551; x_wconf 78' lang='lat' dir='ltr'><strong>quiaquia</strong></span> <span class='ocrx_word' id='word_1_352' title='bbox 1073 3481 1127 3542; x_wconf 82' lang='lat' dir='ltr'><strong>eet)</strong></span> <span class='ocrx_word' id='word_1_353' title='bbox 1143 3479 1185 3530; x_wconf 81' lang='lat' dir='ltr'><strong>sic</strong></span> 
     </span>
     <span class='ocr_line' id='line_1_39' title="bbox 113 3546 1206 3626; baseline -0.007 -22"><span class='ocrx_word' id='word_1_354' title='bbox 113 3570 184 3604; x_wconf 87' lang='lat' dir='ltr'><strong>scam</strong></span> <span class='ocrx_word' id='word_1_355' title='bbox 200 3552 308 3601; x_wconf 86' lang='lat' dir='ltr'><strong>formam</strong></span> <span class='ocrx_word' id='word_1_356' title='bbox 324 3551 441 3611; x_wconf 86' lang='lat' dir='ltr'><strong>retincat,</strong></span> <span class='ocrx_word' id='word_1_357' title='bbox 458 3549 568 3626; x_wconf 74' lang='lat' dir='ltr'><strong>reduxit.</strong></span> <span class='ocrx_word' id='word_1_358' title='bbox 593 3547 634 3598; x_wconf 81' lang='lat' dir='ltr'><strong>sic</strong></span> <span class='ocrx_word' id='word_1_359' title='bbox 670 3566 746 3616; x_wconf 86' lang='lat' dir='ltr'><strong>supra</strong></span> <span class='ocrx_word' id='word_1_360' title='bbox 768 3550 788 3597; x_wconf 91' lang='lat'><strong>1.</strong></span> <span class='ocrx_word' id='word_1_361' title='bbox 811 3550 860 3609; x_wconf 77' lang='grc'><strong>34,</strong></span> <span class='ocrx_word' id='word_1_362' title='bbox 879 3554 920 3606; x_wconf 72' lang='lat'><strong>82</strong></span> <span class='ocrx_word' id='word_1_363' title='bbox 949 3558 1032 3598; x_wconf 89' lang='lat' dir='ltr'><strong>totum</strong></span> <span class='ocrx_word' id='word_1_364' title='bbox 1056 3546 1106 3598; x_wconf 91' lang='lat' dir='ltr'><strong>hoc</strong></span> <span class='ocrx_word' id='word_1_365' title='bbox 1128 3547 1206 3623; x_wconf 27' lang='lat' dir='ltr'><strong>level</strong></span> 
     </span>
     <span class='ocr_line' id='line_1_40' title="bbox 113 3615 1250 3754; baseline -0.005 -17"><span class='ocrx_word' id='word_1_366' title='bbox 113 3622 226 3738; x_wconf 70' lang='lat' dir='ltr'><strong>:tttls</strong></span> <span class='ocrx_word' id='word_1_367' title='bbox 247 3616 570 3754; x_wconf 51' lang='lat' dir='ltr'><strong>ttuffiattttttlt</strong></span> <span class='ocrx_word' id='word_1_368' title='bbox 591 3632 637 3732; x_wconf 69' lang='lat' dir='ltr'><strong>ll]</strong></span> <span class='ocrx_word' id='word_1_369' title='bbox 670 3615 1185 3750; x_wconf 62' lang='lat' dir='ltr'><strong>{tt-z..t.“.tlt⁶ttt“ttf·.l¹·,biis</strong></span> <span class='ocrx_word' id='word_1_370' title='bbox 1246 3674 1250 3687; x_wconf 65' lang='lat'><strong><em>¹</em></strong></span> 
     </span>
     <span class='ocr_line' id='line_1_41' title="bbox 115 3748 1187 3821; baseline -0.005 -16"><span class='ocrx_word' id='word_1_371' title='bbox 115 3756 156 3805; x_wconf 81' lang='lat' dir='ltr'><strong>fra</strong></span> <span class='ocrx_word' id='word_1_372' title='bbox 172 3757 206 3805; x_wconf 90' lang='lat' dir='ltr'><strong>V.</strong></span> <span class='ocrx_word' id='word_1_373' title='bbox 224 3759 273 3816; x_wconf 76' lang='lat'><strong>21,</strong></span> <span class='ocrx_word' id='word_1_374' title='bbox 290 3758 333 3810; x_wconf 77' lang='grc'><strong>62.</strong></span> <span class='ocrx_word' id='word_1_375' title='bbox 367 3753 407 3804; x_wconf 91' lang='lat' dir='ltr'><strong>cui</strong></span> <span class='ocrx_word' id='word_1_376' title='bbox 429 3769 528 3819; x_wconf 88' lang='lat' dir='ltr'><strong>semper</strong></span> <span class='ocrx_word' id='word_1_377' title='bbox 551 3749 638 3819; x_wconf 85' lang='lat' dir='ltr'><strong>aliqui</strong></span> <span class='ocrx_word' id='word_1_378' title='bbox 670 3750 740 3820; x_wconf 83' lang='lat' dir='ltr'><strong>phi„</strong></span> <span class='ocrx_word' id='word_1_379' title='bbox 762 3768 939 3821; x_wconf 84' lang='lat' dir='ltr'><strong>quamcunque</strong></span> <span class='ocrx_word' id='word_1_380' title='bbox 962 3767 1014 3800; x_wconf 86' lang='lat' dir='ltr'><strong>rem</strong></span> <span class='ocrx_word' id='word_1_381' title='bbox 1040 3748 1137 3800; x_wconf 82' lang='lat' dir='ltr'><strong>hubent</strong></span> <span class='ocrx_word' id='word_1_382' title='bbox 1159 3749 1187 3800; x_wconf 91' lang='lat' dir='ltr'><strong>iu</strong></span> 
     </span>
     <span class='ocr_line' id='line_1_42' title="bbox 114 3816 1186 3889; baseline -0.005 -17"><span class='ocrx_word' id='word_1_383' title='bbox 114 3832 202 3872; x_wconf 83' lang='lat' dir='ltr'><strong>terror</strong></span> <span class='ocrx_word' id='word_1_384' title='bbox 217 3821 376 3889; x_wconf 87' lang='lat' dir='ltr'><strong>impendeat:</strong></span> <span class='ocrx_word' id='word_1_385' title='bbox 402 3819 446 3870; x_wconf 93' lang='lat' dir='ltr'><strong>ubi</strong></span> <span class='ocrx_word' id='word_1_386' title='bbox 463 3819 541 3875; x_wconf 80' lang='lat' dir='ltr'><strong>etiam</strong></span> <span class='ocrx_word' id='word_1_387' title='bbox 555 3821 637 3868; x_wconf 81' lang='lat' dir='ltr'><strong>Erne-</strong></span> <span class='ocrx_word' id='word_1_388' title='bbox 670 3816 800 3879; x_wconf 77' lang='lat' dir='ltr'><strong>manibus,</strong></span> <span class='ocrx_word' id='word_1_389' title='bbox 818 3819 928 3881; x_wconf 86' lang='lat' dir='ltr'><strong>ineam,</strong></span> <span class='ocrx_word' id='word_1_390' title='bbox 946 3836 1009 3886; x_wconf 83' lang='lat' dir='ltr'><strong>quae</strong></span> <span class='ocrx_word' id='word_1_391' title='bbox 1023 3817 1186 3877; x_wconf 84' lang='lat' dir='ltr'><strong>conveniunt,</strong></span> 
     </span>
     <span class='ocr_line' id='line_1_43' title="bbox 114 3885 1187 3957; baseline -0.004 -18"><span class='ocrx_word' id='word_1_392' title='bbox 114 3889 180 3940; x_wconf 78' lang='lat' dir='ltr'><strong>stine</strong></span> <span class='ocrx_word' id='word_1_393' title='bbox 201 3888 301 3957; x_wconf 81' lang='lat' dir='ltr'><strong>aliquis</strong></span> <span class='ocrx_word' id='word_1_394' title='bbox 321 3887 431 3956; x_wconf 85' lang='lat' dir='ltr'><strong>scripsit.</strong></span> <span class='ocrx_word' id='word_1_395' title='bbox 465 3889 497 3937; x_wconf 87' lang='lat' dir='ltr'><strong>V.</strong></span> <span class='ocrx_word' id='word_1_396' title='bbox 512 3887 637 3937; x_wconf 85' lang='lat' dir='ltr'><strong>Goerenz.</strong></span> <span class='ocrx_word' id='word_1_397' title='bbox 672 3896 812 3951; x_wconf 85' lang='lat' dir='ltr'><strong>congerunt</strong></span> <span class='ocrx_word' id='word_1_398' title='bbox 826 3886 918 3937; x_wconf 84' lang='lat' dir='ltr'><strong>omnia.</strong></span> <span class='ocrx_word' id='word_1_399' title='bbox 948 3886 991 3937; x_wconf 83' lang='lat' dir='ltr'><strong>Sic</strong></span> <span class='ocrx_word' id='word_1_400' title='bbox 1004 3885 1097 3936; x_wconf 90' lang='lat' dir='ltr'><strong>dicitur</strong></span> <span class='ocrx_word' id='word_1_401' title='bbox 1111 3887 1187 3954; x_wconf 85' lang='lat' dir='ltr'><strong>quic-</strong></span> 
     </span>
     <span class='ocr_line' id='line_1_44' title="bbox 114 3953 1187 4023; baseline -0.004 -17"><span class='ocrx_word' id='word_1_402' title='bbox 114 3957 149 4006; x_wconf 89' lang='lat' dir='ltr'><strong>ud</strong></span> <span class='ocrx_word' id='word_1_403' title='bbox 166 3956 248 4006; x_wconf 85' lang='lat' dir='ltr'><strong>Cicer.</strong></span> <span class='ocrx_word' id='word_1_404' title='bbox 262 3955 382 4007; x_wconf 81' lang='lat' dir='ltr'><strong>Academ.</strong></span> <span class='ocrx_word' id='word_1_405' title='bbox 398 3957 430 4004; x_wconf 86' lang='lat'><strong>11.</strong></span> <span class='ocrx_word' id='word_1_406' title='bbox 447 3958 478 4016; x_wconf 88' lang='lat'><strong>7,</strong></span> <span class='ocrx_word' id='word_1_407' title='bbox 497 3958 536 4013; x_wconf 87' lang='lat'><strong>19.</strong></span> <span class='ocrx_word' id='word_1_408' title='bbox 554 3972 580 4021; x_wconf 92' lang='lat' dir='ltr'><strong>p.</strong></span> <span class='ocrx_word' id='word_1_409' title='bbox 594 3956 636 4011; x_wconf 84' lang='grc'><strong>41.</strong></span> <span class='ocrx_word' id='word_1_410' title='bbox 671 3953 736 4023; x_wconf 83' lang='lat' dir='ltr'><strong>quid</strong></span> <span class='ocrx_word' id='word_1_411' title='bbox 748 3966 796 4015; x_wconf 81' lang='lat' dir='ltr'><strong>eat,</strong></span> <span class='ocrx_word' id='word_1_412' title='bbox 813 3966 1014 4023; x_wconf 69' lang='lat' dir='ltr'><strong>necunquam,</strong></span> <span class='ocrx_word' id='word_1_413' title='bbox 1032 3953 1187 4022; x_wconf 84' lang='lat' dir='ltr'><strong>qualiscun-</strong></span> 
     </span>
     <span class='ocr_line' id='line_1_45' title="bbox 115 4019 1185 4091; baseline -0.004 -19"><span class='ocrx_word' id='word_1_414' title='bbox 115 4035 143 4074; x_wconf 88' lang='lat' dir='ltr'><strong>et</strong></span> <span class='ocrx_word' id='word_1_415' title='bbox 166 4042 188 4075; x_wconf 90' lang='lat' dir='ltr'><strong>c.</strong></span> <span class='ocrx_word' id='word_1_416' title='bbox 211 4028 260 4084; x_wconf 82' lang='lat'><strong>26,</strong></span> <span class='ocrx_word' id='word_1_417' title='bbox 276 4029 317 4082; x_wconf 79' lang='grc'><strong>86.</strong></span> <span class='ocrx_word' id='word_1_418' title='bbox 344 4042 370 4091; x_wconf 90' lang='lat' dir='ltr'><strong>p.</strong></span> <span class='ocrx_word' id='word_1_419' title='bbox 391 4026 449 4080; x_wconf 81' lang='lat'><strong>157.</strong></span> <span class='ocrx_word' id='word_1_420' title='bbox 496 4020 576 4071; x_wconf 89' lang='lat' dir='ltr'><strong>Beier.</strong></span> <span class='ocrx_word' id='word_1_421' title='bbox 605 4019 637 4070; x_wconf 86' lang='lat' dir='ltr'><strong>ad</strong></span> <span class='ocrx_word' id='word_1_422' title='bbox 671 4039 720 4091; x_wconf 81' lang='lat' dir='ltr'><strong>que</strong></span> <span class='ocrx_word' id='word_1_423' title='bbox 744 4034 799 4083; x_wconf 83' lang='lat' dir='ltr'><strong>est,</strong></span> <span class='ocrx_word' id='word_1_424' title='bbox 842 4034 1038 4090; x_wconf 82' lang='lat' dir='ltr'><strong>nantuacunque</strong></span> <span class='ocrx_word' id='word_1_425' title='bbox 1061 4032 1110 4071; x_wconf 82' lang='lat' dir='ltr'><strong>eet.</strong></span> <span class='ocrx_word' id='word_1_426' title='bbox 1146 4020 1185 4068; x_wconf 82' lang='lat' dir='ltr'><strong>Cl&#39;.</strong></span> 
     </span>
     <span class='ocr_line' id='line_1_46' title="bbox 116 4039 1187 4208; baseline -0.007 -66"><span class='ocrx_word' id='word_1_427' title='bbox 116 4092 191 4142; x_wconf 83' lang='lat' dir='ltr'><strong>offic.</strong></span> <span class='ocrx_word' id='word_1_428' title='bbox 209 4093 270 4208; x_wconf 66' lang='lat' dir='ltr'><strong>ulid</strong></span> <span class='ocrx_word' id='word_1_429' title='bbox 269 4094 307 4166; x_wconf 68' lang='grc'><strong>7,</strong></span> <span class='ocrx_word' id='word_1_430' title='bbox 318 4095 360 4148; x_wconf 85' lang='grc'><strong>33.</strong></span> <span class='ocrx_word' id='word_1_431' title='bbox 375 4110 403 4208; x_wconf 88' lang='lat' dir='ltr'><strong>p.</strong></span> <span class='ocrx_word' id='word_1_432' title='bbox 418 4094 477 4148; x_wconf 78' lang='lat'><strong>236.</strong></span> <span class='ocrx_word' id='word_1_433' title='bbox 499 4088 502 4093; x_wconf 71' lang='grc'>’</span> <span class='ocrx_word' id='word_1_434' title='bbox 581 4108 584 4115; x_wconf 82' lang='grc'><strong>’</strong></span> <span class='ocrx_word' id='word_1_435' title='bbox 672 4089 785 4139; x_wconf 89' lang='lat' dir='ltr'><strong>Ochsner</strong></span> <span class='ocrx_word' id='word_1_436' title='bbox 799 4039 852 4140; x_wconf 65' lang='lat' dir='ltr'><strong>Eoi.</strong></span> <span class='ocrx_word' id='word_1_437' title='bbox 869 4089 950 4141; x_wconf 87' lang='lat' dir='ltr'><strong>Cicer.</strong></span> <span class='ocrx_word' id='word_1_438' title='bbox 965 4108 992 4158; x_wconf 90' lang='lat' dir='ltr'><strong>p.</strong></span> <span class='ocrx_word' id='word_1_439' title='bbox 1007 4092 1052 4148; x_wconf 82' lang='lat'><strong>29.</strong></span> <span class='ocrx_word' id='word_1_440' title='bbox 1086 4086 1187 4139; x_wconf 79' lang='lat' dir='ltr'><strong>Grates.</strong></span> 
     </span>
    </p>

    <p class='ocr_par' dir='ltr' id='par_1_5' title="bbox 116 4158 980 4294">
     <span class='ocr_line' id='line_1_47' title="bbox 204 4175 374 4208; baseline 0.006 -1"><span class='ocrx_word' id='word_1_441' title='bbox 204 4194 210 4207; x_wconf 93' lang='lat'><strong>.</strong></span> <span class='ocrx_word' id='word_1_442' title='bbox 303 4175 336 4208; x_wconf 85' lang='lat' dir='ltr'><strong>ra</strong></span> <span class='ocrx_word' id='word_1_443' title='bbox 356 4178 374 4208; x_wconf 90' lang='lat' dir='ltr'><strong>a</strong></span> 
     </span>
     <span class='ocr_line' id='line_1_48' title="bbox 116 4158 980 4294; baseline -0.002 -18"><span class='ocrx_word' id='word_1_444' title='bbox 116 4163 201 4294; x_wconf 64' lang='lat' dir='ltr'><strong>capili3</strong></span> <span class='ocrx_word' id='word_1_445' title='bbox 211 4227 254 4275; x_wconf 90' lang='lat' dir='ltr'><strong>lll.</strong></span> <span class='ocrx_word' id='word_1_446' title='bbox 273 4158 301 4274; x_wconf 58' lang='lat' dir='ltr'><strong>ci</strong></span> <span class='ocrx_word' id='word_1_447' title='bbox 310 4177 356 4293; x_wconf 55' lang='lat' dir='ltr'><strong>§.g</strong></span> <span class='ocrx_word' id='word_1_448' title='bbox 671 4223 745 4274; x_wconf 86' lang='lat' dir='ltr'><strong>horu.</strong></span> <span class='ocrx_word' id='word_1_449' title='bbox 763 4227 786 4294; x_wconf 54' lang='grc' dir='ltr'><strong>ᾗ.</strong></span> <span class='ocrx_word' id='word_1_450' title='bbox 803 4229 860 4283; x_wconf 85' lang='grc'><strong>165.</strong></span> <span class='ocrx_word' id='word_1_451' title='bbox 877 4242 905 4291; x_wconf 90' lang='lat' dir='ltr'><strong>p.</strong></span> <span class='ocrx_word' id='word_1_452' title='bbox 919 4227 980 4284; x_wconf 80' lang='lat'><strong>405.</strong></span> 
     </span>
    </p>
   </div>
   <div class='ocr_carea' id='block_1_5' title="bbox 0 0 1331 4626">
    <p class='ocr_par' dir='ltr' id='par_1_6' title="bbox 0 0 1331 4626">
     <span class='ocr_line' id='line_1_49' title="bbox 0 0 1331 4626; baseline 0 0"><span class='ocrx_word' id='word_1_453' title='bbox 0 0 1331 4626; x_wconf 95' lang='lat' dir='ltr'><strong> </strong></span> 
     </span>
    </p>
   </div>
   <div class='ocr_carea' id='block_1_6' title="bbox 385 4146 1288 4226">
    <p class='ocr_par' dir='ltr' id='par_1_7' title="bbox 385 4146 1288 4226">
     <span class='ocr_line' id='line_1_50' title="bbox 385 4146 1288 4226; baseline -0.004 -18"><span class='ocrx_word' id='word_1_454' title='bbox 385 4160 462 4208; x_wconf 83' lang='lat' dir='ltr'><strong>itatis</strong></span> <span class='ocrx_word' id='word_1_455' title='bbox 478 4157 579 4223; x_wconf 76' lang='lat' dir='ltr'><strong>riomeu)</strong></span> <span class='ocrx_word' id='word_1_456' title='bbox 604 4157 637 4207; x_wconf 87' lang='lat' dir='ltr'><strong>V.</strong></span> <span class='ocrx_word' id='word_1_457' title='bbox 671 4160 732 4206; x_wconf 78' lang='lat' dir='ltr'><strong>Lat.</strong></span> <span class='ocrx_word' id='word_1_458' title='bbox 744 4158 859 4206; x_wconf 74' lang='lat' dir='ltr'><strong>Gramen.</strong></span> <span class='ocrx_word' id='word_1_459' title='bbox 875 4160 898 4226; x_wconf 54' lang='grc' dir='ltr'>ᾗ</span> <span class='ocrx_word' id='word_1_460' title='bbox 909 4161 970 4216; x_wconf 78' lang='lat'><strong>231.</strong></span> <span class='ocrx_word' id='word_1_461' title='bbox 986 4175 1011 4224; x_wconf 89' lang='lat' dir='ltr'><strong>p.</strong></span> <span class='ocrx_word' id='word_1_462' title='bbox 1021 4160 1083 4215; x_wconf 78' lang='grc'><strong>360.</strong></span> <span class='ocrx_word' id='word_1_463' title='bbox 1096 4155 1188 4205; x_wconf 76' lang='lat' dir='ltr'><strong>Rama·</strong></span> <span class='ocrx_word' id='word_1_464' title='bbox 1258 4146 1288 4191; x_wconf 47' lang='grc' dir='ltr'>ἱ</span> 
     </span>
    </p>
   </div>
  </div>
 </body>
</html>
