2640 4626
120 208 186 279 990
367 213 946 269 wseuuauauuuursrurarromm

123 340 195 415 lam
224 335 463 436 aegritudinem
487 332 641 421 laudare,
673 361 774 406 unam
797 360 869 406 rem
891 332 1035 407 maxime
1054 333 1188 406 detesto

123 440 242 527 bilem,
267 466 407 538 quornm
424 453 473 510 est
487 436 621 510 taudem
635 434 936 536 philosophomm?
961 436 1009 510 At
1023 436 1188 511 commode

120 543 209 620 'dixit
227 540 401 615 Afranius:

166 664 335 724 Dummodo
356 663 457 722 doleat
477 661 610 740 aliquid,
632 661 734 720 doleat
755 661 946 740 quidlubet⁶.

124 763 218 836 Dixit
240 762 327 836 enim
353 761 395 834 de
420 760 626 833 adolescente
642 759 775 860 perdito
793 788 830 832 ac
849 757 1029 832 dissoluto:
1053 786 1119 832 nos
1139 788 1186 832 au-

122 848 192 940 lem
211 865 252 939 de
268 864 431 938 constanti
448 863 519 935 viro
537 891 573 935 ac
594 862 735 962 sapienti
753 862 949 962 quaerimus.
1000 862 1044 934 Et
1060 862 1186 962 quidem

126 968 234 1071 ipsam
263 966 352 1040 illam
377 965 460 1039 iram
483 965 631 1038 centurio
648 965 785 1052 habeat,
811 982 866 1036 ant
888 964 1045 1062 signifer,
1071 964 1123 1038 vel
1144 992 1188 1038 ce-

126 1070 208 1159 teri,
233 1069 275 1142 de
302 1068 424 1168 quibus
454 1068 520 1142 dici
541 1096 611 1140 non
633 1095 768 1141 necesse
785 1083 849 1154 est,
874 1096 916 1139 ne
931 1067 1104 1140 rhetorum
1121 1094 1189 1167 apc-

127 1172 250 1245 riamus
272 1171 437 1274 mysteria.
487 1169 576 1243 Utile
602 1187 651 1243 est
676 1173 781 1257 enim,
806 1170 853 1241 uti
876 1186 968 1242 motu
988 1170 1114 1256 animi,
1140 1172 1189 1269 qui

128 1276 175 1346 uti
201 1273 329 1347 ratione
351 1301 420 1345 non
444 1288 572 1373 potest:
606 1300 669 1346 nos
693 1289 816 1360 autem,
848 1288 885 1344 ut
904 1271 1065 1345 testificor
1088 1300 1189 1372 saepe,

128 1378 171 1451 de
189 1377 336 1476 sapiente
357 1377 554 1475 quaerimus.
711 1438 713 1443 ,
858 1468 863 1479 ¹

228 1480 350 1551 xxvi
403 1472 466 1557 56,Ι
486 1479 530 1550 At
555 1477 653 1549 etiam
671 1476 827 1550 aemulari
843 1476 922 1550 utile
938 1492 1006 1562 est,
1032 1477 1192 1550 obtrecta-

76 1640 80 1646 r
127 1609 180 1670 re,
204 1581 363 1654 misereri.
415 1581 483 1652 Cur
506 1580 681 1653 misereare
702 1579 836 1679 potius,
862 1608 960 1679 quam
983 1579 1072 1652 seras
1089 1607 1193 1680 opem,

128 1684 158 1756 'si
181 1684 218 1756 id
238 1683 346 1755 lacere
373 1682 507 1782 possis?
532 1711 574 1755 an
600 1682 671 1755 sine
702 1681 930 1755 misericordia
954 1680 1110 1756 liberales
1128 1708 1194 1754 esse

128 1813 198 1857 non
228 1786 428 1884 possumus?
459 1812 528 1856 non
561 1784 649 1857 euim
682 1785 851 1885 suscipere
883 1784 948 1884 ipsi
975 1784 1194 1882 aegritudines

128 1902 266 1987 propter
281 1886 364 1959 alios
381 1886 561 1972 debemus;
587 1887 646 1959 sed
663 1886 765 1976 alios,
791 1887 820 1959 si
837 1914 1014 1987 possumus
1026 1893 1067 1974 ⁶,
1093 1886 1195 1960 levare

129 1989 343 2088 aegritudine.
395 1989 589 2062 Obtrectare
611 2017 688 2061 vero
718 1988 826 2078 alteri,
852 1996 907 2062 aut
928 1989 983 2062 illa
1011 1989 1134 2070 vitiosa
1148 2016 1196 2062 ae-

128 2092 323 2178 mulatione,
349 2119 434 2190 quae
448 2091 601 2164 rivalitati
615 2091 733 2164 similis
749 2108 815 2178 est,
841 2092 1014 2177 aemulari,
1041 2092 1126 2192 quid
1143 2092 1196 2164 ha-

37 2192 40 2199 ’
129 2195 185 2268 bet
216 2194 391 2266 utilitatis?
424 2222 524 2293 quum
551 2195 593 2265 sit
622 2194 833 2282 aenrulantiS,
866 2194 943 2293 angi
965 2193 1075 2267 alieno
1096 2194 1195 2280 bono,

130 2296 222 2395 quod
252 2296 324 2396 ipsc
346 2324 415 2367 non
439 2296 572 2381 habeat3
586 2296 822 2369 obtrectantis
838 2314 963 2384 autem,
990 2297 1067 2395 angi
1092 2295 1195 2370 alieno

129 2398 237 2484 bono,
263 2397 363 2497 quod.
375 2397 410 2470 id
428 2401 525 2472 etiam
543 2398 625 2470 alius
641 2399 768 2472 habeat.
795 2399 851 2498 qui
867 2400 903 2472 id
920 2400 1103 2499 approbari
1120 2426 1196 2500 pos-

129 2500 198 2588 sit,
224 2501 328 2602 [tc7]
354 2500 601 2599 aegritudinem
628 2501 796 2601 suscipere
821 2529 884 2602 pro
916 2501 1138 2601 experientia,
1171 2500 1194 2574 si

151 2755 156 2765 ¹
196 2685 271 2744 5Sic
287 2686 318 2736 lt.
336 2687 388 2737 ΡΙ).
408 2689 473 2755 ott.
489 2686 532 2745 45.
550 2688 611 2766 lim:
627 2705 649 2738 o.
667 2687 734 2766 vsdg.
751 2687 824 2804 prod
835 2686 914 2767 luber.
948 2692 1049 2748 6011.
1065 2690 1121 2769 ΡΙ..
1136 2707 1194 2760 pos·

130 2755 368 2890 pagena-Recte
390 2754 435 2803 W.
460 2766 487 2803 te
511 2772 581 2805 uncis
603 2755 838 2816 inclus1t5ecd1d1t
862 2773 930 2806 emm
954 2757 1000 2807 Da.
1019 2766 1115 2808 tacite:
1135 2757 1195 2808 unde

180 2955 260 2987 unorn
274 2955 330 2987 rem
338 2937 646 3006 muximedetestabilem)
679 2939 831 3007 pertractari
845 2941 942 3000 solent,
959 2941 1110 3010 aperiamus.
1130 2942 1195 2994 Ithe-

132 3006 164 3054 V.
181 3005 311 3083 adnotatu
328 3005 355 3055 in
368 3007 399 3083 ll,
412 3010 453 3069 26,
468 3007 511 3065 64.
677 3016 748 3057 tores
757 3008 823 3057 enim
836 3008 970 3069 docebunt,
984 3010 1095 3061 dicentis
1102 3011 1196 3062 orsu'o-

88 3097 96 3117 ‘
131 3090 269 3189 uttttl
283 3073 647 3192 ‘titmttff'ttltttsttz
678 3076 1196 3197 tttfflttlttlttttssttt'lt

131 3205 164 3255 de
181 3205 343 3256 adolescente
356 3207 456 3273 perdito
479 3226 508 3258 ac
525 3208 647 3259 dissoluto
679 3210 774 3259 minum
789 3209 900 3260 indolem
910 3228 940 3260 ac
950 3222 1076 3263 naturum.
1093 3214 1195 3265 Aliares

131 3283 201 3323 recte
225 3273 317 3322 dixisse
332 3273 410 3324 rideri
425 3284 519 3341 potest,
534 3277 648 3342 aegritu-
680 3287 719 3326 est
735 3277 761 3327 in
775 3277 944 3395 philosophia,
960 3297 1025 3347 quae
1041 3281 1075 3330 de
1090 3299 1144 3333 uuo
1158 3292 1195 3333 st·

132 3340 216 3391 dinem
226 3340 250 3390 ei
258 3341 393 3392 salutarem
403 3359 472 3392 esse:
487 3342 522 3392 itu
540 3342 566 3392 iu
578 3344 645 3394 bello
679 3362 728 3412 que
746 3362 774 3395 so
785 3362 801 3395 o
817 3363 844 3394 sa
862 3346 931 3396 iente
945 3348 1055 3414 quaerit.

93 3472 96 3481 Ι
130 3408 305 3469 centuriones,
337 3409 471 3476 signiferos
499 3421 596 3460 ceteros
616 3429 646 3461 ae
729 3414 788 3463 Gar.
806 3364 904 3465 mlta
923 3419 964 3473 56.
989 3416 1125 3469 &malm
1150 3418 1196 3468 sn-

131 3477 223 3528 milites
236 3476 382 3527 infeniorum
396 3477 512 3528 ordinum
520 3478 583 3528 irem
598 3430 647 3528 de·
678 3499 724 3548 pra
741 3498 763 3530 c.
778 3486 821 3542 20,
836 3482 877 3538 46.

131 3554 185 3604 oet3
210 3560 269 3594 narn
292 3561 373 3612 neque
389 3545 441 3606 ille,
459 3562 539 3613 neque
564 3546 590 3595 hi
614 3547 647 3596 ad
730 3565 782 3597 noir
799 3549 869 3598 enim
882 3550 1030 3620 suscipere)
1048 3552 1197 3604 Liberalitas

130 3611 256 3679 sapientes
269 3621 328 3661 sunt
341 3613 474 3676 referendi,
494 3612 593 3664 ratione
609 3615 648 3664 uti
680 3616 747 3667 enim
764 3632 815 3665 non
831 3615 903 3666 ineo
919 3618 1038 3682 cernitur,
1054 3630 1082 3670 nt
1096 3621 1147 3690 ipsi
1155 3638 1197 3671 ae·

130 3696 183 3728 uon
205 3689 329 3746 possrmt3
356 3691 460 3732 utantur
478 3680 557 3747 igitur
571 3681 647 3731 animi
679 3683 818 3750 gritudines
830 3694 936 3752 propter
949 3685 1013 3737 alios
1027 3689 1094 3738 susci
1114 3689 1198 3750 ianam,

129 3756 209 3796 motu.
227 3746 301 3796 Illum
315 3747 382 3798 enim
397 3748 528 3815 aegritudo
541 3748 648 3800 fortasse
678 3751 725 3801 sed
739 3760 768 3800 ut
784 3751 855 3815 alios,
878 3752 900 3802 si
918 3770 1067 3821 possumus,
1089 3707 1198 3808 idum

130 3812 164 3862 od
179 3813 309 3864 meliorem
326 3815 422 3883 frugem
436 3816 549 3878 reducet,
570 3834 646 3885 quum
680 3818 845 3885 segnitudiue.

130 3880 196 3930 ratio
213 3898 265 3932 nou
278 3883 373 3950 possit,
386 3883 434 3934 hos
449 3884 485 3933 ire
498 3885 576 3935 fortes
585 3884 646 3935 red·
727 3904 778 3956 pro
787 3888 963 3955 experientia)
979 3890 1052 3942 Loco
1064 3892 1198 3962 experien-

130 3947 183 4012 det,
199 3950 647 4016 quumrersfortitudinenonutan-
679 3954 738 4004 tiae.
757 3957 887 4006 Sententia
903 3967 942 4006 est
961 3957 1040 4009 hoec?
1061 3960 1196 4023 Quomodo

129 4025 180 4066 tur.
197 4017 293 4068 Neide.
679 4021 705 4071 id
722 4023 856 4089 approbari
866 4025 982 4092 (laudari)
997 4027 1088 4096 possit,
1103 4039 1132 4079 to
1143 4027 1197 4095 sngi

180 4101 214 4134 ne
230 4085 364 4136 rhetorum
379 4086 531 4155 aperiamus
545 4100 646 4153 myses·
678 4089 762 4139 alieno
776 4088 852 4150 bono,
869 4093 938 4159 quod
955 4093 1010 4160 ipse
1027 4112 1081 4145 uon
1098 4096 1197 4155 habers,

126 4153 186 4220 ria)
206 4154 241 4203 H.
265 4170 287 4203 e.
305 4169 338 4203 no
354 4152 484 4205 rhetorum
499 4172 592 4205 arcana
606 4155 646 4206 vel
679 4174 755 4224 quum
769 4157 864 4225 potius,
877 4159 899 4209 si
909 4160 936 4210 id
944 4159 1039 4212 habere
1047 4163 1122 4227 velis,
1132 4162 1197 4232 quod

117 4236 148 4272 es
172 4236 241 4289 quse
260 4223 368 4292 proprio
391 4223 419 4275 iu
441 4233 498 4279 srte
521 4222 652 4277 rhetorica
682 4225 747 4276 nlius
762 4223 866 4288 ustor,
885 4226 936 4278 tut
956 4229 1139 4297 espesimdnm
1158 4231 1196 4290 sit,
