2640 4626
119 189 180 264 rtr
362 199 645 253 rosemasmom
659 195 958 285 nrsrnrramornm¹

220 328 300 401 117.
326 319 422 416 Quae
446 347 547 419 quum
569 319 616 393 ita
631 316 715 406 sint,
739 331 985 415 magnatamen
1004 312 1193 434 eloquentia

119 442 168 501 est
189 421 367 509 utendum,
384 437 481 520 atque
504 419 551 494 ita
575 419 662 494 velut
677 419 849 520 superiore
867 417 973 492 eloco
988 443 1193 492 concionari

118 529 217 615 dum,
241 540 278 597 ut
298 523 450 597 homines
474 540 615 597 mortem
635 521 685 596 vel
701 537 815 622 optare
830 518 1011 620 incipiant,
1036 517 1091 593 vel
1105 536 1193 594 certe

118 630 234 704 timere
249 627 417 700 desistant.
436 654 514 699 nam
528 624 558 699 si
571 651 746 726 supremus
761 621 815 699 ille
832 621 905 697 dies
918 649 988 696 non
1000 620 1194 697 exstinctio-

118 761 215 819 nem,
240 729 301 804 sed
329 727 618 802 commutationem
652 726 748 800 affert
772 724 856 815 loci;
880 724 964 825 quid
986 723 1195 825 optabilius?

120 835 173 908 sin
198 849 307 907 autem
332 830 466 932 perimit
491 859 528 903 ac
547 829 633 904 delet
650 828 804 916 omnino;
830 826 912 926 quid
926 824 1066 916 melius,
1093 854 1193 927 quam

120 937 156 1009 in
181 934 300 1008 mediis
322 933 407 1007 vitae
424 931 597 1007 laboribus
614 929 880 1017 obdormiscere,
906 928 998 1003 etita
1012 930 1194 1005 conniven-

118 1056 184 1112 tem
210 1063 328 1110 somno
357 1034 528 1135 consopiri
553 1032 779 1135 sempiterno?
805 1031 897 1151 quod
921 1030 952 1104 si
974 1029 1050 1123 fiat,
1075 1030 1196 1107 melior

118 1139 225 1227 Enni,
250 1166 350 1239 quam
375 1137 510 1211 Solonis
529 1137 644 1213 oratio.
694 1135 759 1210 Hic
773 1161 860 1208 emm
878 1149 1002 1223 noster,

207 1263 302 1320 Nemo
323 1281 369 1319 me
387 1262 538 1320 lacrumis
558 1260 693 1327 decoret,
714 1258 831 1337 inquit,
852 1278 907 1317 nee
918 1258 1039 1334 semera
1053 1256 1143 1338 fletu

246 1347 358 1405 Faxit!
400 1390 408 1405 .
453 1390 460 1405 .
504 1390 511 1405 .

119 1462 166 1534 At
179 1488 257 1535 vero
275 1460 409 1561 sapiens
425 1458 490 1546 ille,

206 1600 292 1659 Mors
314 1619 381 1657 mea
402 1620 439 1657 ne
461 1609 566 1658 careat
589 1599 755 1657 lacrumis:
778 1599 955 1678 linquamus
974 1596 1091 1655 amieis

248 1685 433 1760 Maiorem,
456 1694 491 1741 ut
511 1683 655 1742 celebrent
668 1684 788 1761 funera
809 1702 878 1741 cum
898 1684 1025 1762 gemitu.

123 1847 241 1910 wolfius,
259 1847 403 1898 utGraeei:
420 1845 541 1916 μέγατιι
559 1847 643 1927 „quid
674 1847 760 1915 χρῆν.
779 1844 852 1908 ἔδει,
868 1846 1008 1914 προσῆκε,
1031 1840 1136 1910 καιρὸς
1154 1835 1196 1909 ir,

122 1914 240 1967 omissum
270 1914 398 1979 gravitate
443 1914 642 1967 ronuncietronis
674 1914 766 1978 καλῶς
780 1911 852 1982 εἶχε,
871 1908 1063 1980 pillovsizs,
1083 1929 1124 1964 tect
1154 1880 1195 1972 ir,

123 1981 313 2050 compensanda
327 1988 394 2044 est,“
411 1933 561 2034 observante
569 1986 642 2035 Goe—
675 1979 806 2051 αἰσχρόν,
831 1980 906 2042 εἰκὸς
922 1975 967 2049 ἦν.
992 1980 1022 2029 In
1036 1989 1131 2029 nostre
1157 1977 1164 1991 '

126 2050 213 2102 renzio
230 2049 263 2101 ad
278 2049 335 2101 Fin.
351 2051 394 2103 lV.
411 2053 461 2112 26,
477 2056 519 2109 73.
536 2051 563 2100 id
580 2049 643 2100 mibi
674 2067 725 2168 pua
740 2048 864 2100 eiusmodi
877 2046 1012 2099 erinneiettt
1028 2046 1197 2097 condition·-

126 2135 247 2184 msgnum
261 2117 371 2169 ridetur.
386 2147 419 2157 -
440 2118 568 2169 Ernestius
586 2136 642 2168 cum
684 2118 734 2168 iter
766 2134 794 2167 cr
808 2115 992 2168 subiunctivum
1005 2112 1196 2165 'effer-neolone

126 2186 181 2236 aliis
196 2187 305 2256 longum
321 2198 368 2236 est.
408 2187 438 2235 In
461 2185 582 2236 eiusmodi
598 2185 642 2236 di·
675 2135 881 2237 enucleatissime
912 2181 980 2245 hpnc
1013 2180 1197 2248 grammaticae

126 2252 200 2305 cendi
217 2252 349 2314 formulis,
374 2252 460 2320 quales
481 2262 555 2303 sunt:
582 2254 643 2305 lon·
675 2253 760 2304 locum
775 2249 942 2320 pertractavit
967 2249 1196 2315 Krnegerllnter·

126 2338 190 2390 gum
201 2332 249 2382 est,
268 2319 384 2387 difficile
397 2333 445 2384 est,
463 2320 536 2383 aliae,
556 2338 642 2389 porro,
675 2320 830 2390 suchungen
845 2317 908 2369 iiber
929 2317 977 2367 lat.
996 2317 1058 2385 Spr.
1075 2318 1110 2366 Π.
1126 2316 1195 2367 llell.

127 2389 210 2451 satis,
234 2405 304 2458 por,
322 2400 436 2451 rectum,
453 2390 566 2450 iustum,
582 2390 644 2440 ido-
676 2405 702 2456 p.
719 2391 777 2445 333.
795 2402 850 2453 sqq.
877 2402 934 2436 cum
954 2400 1004 2452 quo
1025 2382 1197 2434 conferenda

127 2472 220 2518 neum,
255 2456 394 2525 optimum,
416 2468 644 2517 consentaneum,
677 2465 717 2504 est
733 2454 872 2504 Ramshorn
887 2452 1195 2520 Lar.Gromm.§.166.

128 2524 237 2585 melius,
264 2525 389 2592 oeqreius,
413 2525 526 2584 rectius,
559 2524 646 2574 satius
677 2522 740 2573 Not.
756 2540 782 2590 p.
797 2523 856 2579 410.
872 2539 909 2589 sq.
932 2518 1087 2586 etinpn'mis
1104 2521 1198 2586 Zumpt

127 2603 176 2653 eet,
189 2618 222 2629 -
239 2602 307 2654 erae,
324 2588 477 2708 —Auia—
487 2589 585 2658 sicerae
602 2588 644 2641 la·
677 2591 737 2639 Lat.
761 2590 877 2638 Gramm.
917 2591 981 2646 .77.
1012 2603 1038 2665 p.
1060 2589 1122 2644 387.

125 2655 359 2726 tiniscriptoresin
380 2657 496 2709 'cativum
509 2658 644 2708 adhibent:
678 2666 705 2706 et
722 2656 862 2707 Gemhard.
926 2653 998 2705 Leel.
1012 2671 1041 2704 m
1053 2655 1163 2705 Excnrs

127 2724 208 2804 itaut¹
220 2724 425 2803 haelsententiae
441 2726 644 2775 sineconditio-
677 2740 703 2791 p.
718 2727 776 2781 238.
792 2741 847 2791 sqq.
987 2789 992 2800 .
1054 2789 1059 2800 .

127 2810 171 2910 ii
181 2792 297 2910 331¹?
296 2793 645 2930 tt'tttttfssitdtt‘tt
679 2796 1195 2925 ...3¹i.⁰;f“.,3t3.¹.²bt”lsilt

128 2930 160 2977 ΙΙ.
180 2930 227 2988 19,
242 2928 284 2985 45.
302 2926 345 2976 lll.
360 2927 395 2988 4,
410 2929 463 2993 7.);
482 2928 576 2978 debere
593 2929 644 2994 (ΙΙΙ.
677 2936 769 2976 tomen.
792 2928 823 2977 V.
832 2926 953 2976 Adnotet.
966 2925 993 2974 in
1006 2940 1061 2991 cap.
1075 2925 1122 2985 44,
1141 2927 1195 2982 107.

128 3000 171 3056 22,
192 2994 254 3061 543,
272 3005 372 3063 oportet
387 2996 428 3061 (V.
446 2995 478 3045 sd
487 2997 517 3045 ll.
534 2999 573 3057 13,
583 2995 644 3062 30),
728 2993 799 3044 velut
813 2994 950 3062 superiore
960 2991 1045 3056 eloco)
1062 2993 1094 3040 ll.
1105 3008 1130 3042 e.
1140 2991 1195 3041 vel-

129 3073 297 3122 necesseest,
310 3062 400 3119 decem
417 3062 525 3131 deniqne
539 3064 646 3132 impar·
678 3061 716 3111 uti
740 3079 754 3111 e
774 3060 903 3111 tribunali.
944 3061 976 3111 V.
997 3057 1099 3109 Ernesti
1126 3058 1194 3110 Clrr.

128 3129 223 3198 bicipio
227 3125 321 3197 futuri
331 3131 447 3198 passivi,
463 3131 490 3181 in
505 3147 555 3200 quo
569 3131 646 3180 etiam
679 3129 794 3180 Ciceron.
816 3147 836 3178 s.
855 3146 880 3178 v.
896 3126 1025 3198 superior.

129 3194 286 3246 necessitatis
299 3195 453 3249 notioinest.
487 3200 540 3250 lam
554 3198 646 3267 acqui·
729 3195 909 3258 neeliorEnni,
926 3212 1005 3265 quam
1016 3192 1197 3245 Solonisora-

130 3280 243 3313 essemus
255 3262 281 3312 in
293 3262 421 3314 nonnullis
438 3267 557 3384 exenlplis
571 3264 646 3383 primi
678 3265 724 3329 tio)
744 3264 776 3314 de
789 3267 888 3315 Senect.
905 3280 928 3314 c.
943 3268 987 3323 20.
1012 3260 1117 3312 Solonis
1140 3260 1196 3329 qei-

129 3331 227 3398 generis
244 3329 384 3382 all'erendis.
402 3332 477 3384 (lom.
518 3352 557 3402 ep.
597 3351 646 3384 an·
679 3333 737 3382 dem
755 3332 875 3398 sapientis
892 3330 1002 3398 elogium
1019 3338 1076 3391 est,
1104 3346 1158 3446 prro
1171 3343 1197 3378 re

131 3398 181 3449 nib.
198 3401 236 3461 V,
253 3400 278 3456 4.
297 3400 403 3471 longum
421 3413 476 3464 est,
500 3417 645 3452 enumerare
679 3409 756 3467 negot
780 3399 847 3450 velle
879 3416 949 3450 susm
974 3404 1084 3448 mortem
1127 3394 1197 3447 olore

129 3465 242 3534 proelia:
262 3466 305 3519 ubi
314 3468 347 3518 cf.
361 3469 444 3518 Bremi
457 3487 482 3536 p.
491 3473 549 3528 332.
566 3469 644 3519 Cicer.
679 3467 816 3518 amicorum
832 3476 858 3517 et
873 3463 991 3517 lamentis
1010 3478 1112 3517 vacam.
1149 3460 1197 3514 set

130 3533 223 3585 offici.
231 3535 297 3597 9,4.
314 3537 545 3605 Aequius—erae,
561 3537 588 3586 id
596 3553 646 3586 vo-
678 3534 747 3586 baud
763 3535 816 3585 seio
832 3533 966 3585 romelius
979 3530 1090 3583 Ennius:
1114 3531 1197 3582 Nemo

130 3600 229 3652 luntete
244 3602 306 3654 lieri.
323 3604 356 3654 N.
370 3605 402 3654 D.
418 3606 461 3654 ΙΙΙ.
477 3610 518 3664 78.
552 3604 578 3655 si
595 3603 646 3654 ho-
678 3620 719 3653 me
734 3602 844 3653 lacrimis
860 3611 908 3653 etc.
942 3601 1004 3651 Mox
1020 3598 1197 3650 hiereleren-

130 3667 209 3718 mines
233 3670 372 3733 rationem,
405 3672 474 3722 bono
498 3671 604 3722 consilio
630 3689 645 3721 a
678 3670 738 3721 dum
753 3681 792 3721 est
806 3669 838 3720 ad
852 3668 976 3730 Ennium,
1000 3667 1048 3717 ille
1069 3666 1103 3717 ad
1120 3666 1197 3718 Solo-

129 3737 185 3786 Deo
201 3735 337 3791 immortali
360 3738 462 3803 datam,
486 3740 512 3790 in
531 3739 646 3789 fraudem
678 3755 745 3788 nem.
793 3739 824 3789 In
843 3735 1006 3805 oppositione
1027 3734 1096 3784 enim
1122 3749 1198 3803 saepe

130 3803 301 3873 malitiamque
324 3815 490 3858 convertunt:
518 3824 570 3857 non
591 3805 646 3856 dari
679 3806 724 3856 bie
747 3822 799 3856 non
822 3804 982 3874 propiorem,
1006 3801 1053 3853 sed
1076 3802 1197 3855 maiorem

129 3871 216 3935 illem,
234 3889 307 3940 qnam
329 3873 398 3936 dari,
423 3873 535 3926 hnmano
559 3873 646 3941 generi
678 3890 740 3937 rem,
756 3873 789 3923 de
803 3892 853 3942 qua
867 3871 1024 3942 potissimum
1039 3869 1134 3937 egitur,
1152 3868 1198 3921 ille

131 3940 224 3999 melius
232 3940 302 4010 suit.
335 3941 404 3991 Infra
418 3941 461 3992 lll.
477 3947 507 4005 1,
524 3947 551 3999 2.
570 3941 646 4005 Quod
678 3957 731 3992 non
743 3940 921 4004 remotiorem,
946 3939 992 3990 sed
1007 3936 1136 3991 minorem
1154 3952 1197 3988 re·

130 4007 152 4058 si
173 4008 239 4059 tales
260 4026 306 4058 nos
334 4018 424 4059 nature
447 4007 575 4077 genuisset
596 4026 644 4058 -τ
677 4008 761 4076 spicit.
795 4009 904 4061 siccat.
918 4006 1038 4070 nim,
1053 4009 1097 4066 68.
1114 4004 1196 4059 ulit.

131 4074 204 4126 haud
230 4087 290 4126 erae
311 4092 378 4126 eone
401 4084 461 4127 etet·
474 4078 519 4129 Ν.
536 4082 584 4138 31,
602 4080 644 4135 66.
679 4075 820 4127 Gernhsrd.
837 4095 862 4144 p.
877 4080 934 4135 131.

131 4145 215 4211 Atque
237 4154 296 4200 erat
305 4140 403 4210 facile.
436 4142 479 4196 ste
494 4143 586 4197 Graeci
602 4144 645 4194 di·
728 4145 805 4195 Mora
831 4161 890 4195 meo
913 4140 1067 4209 necarent)
1095 4142 1197 4194 Graece

26 4288 32 4299 Ι
131 4218 207 4271 cunt,
233 4208 323 4261 omisso
341 4212 467 4283 particula
491 4209 545 4275 tir,
570 4211 644 4283 ἐξῆν,
677 4211 797 4281 leguntur
810 4211 878 4281 apud
887 4208 1019 4262 Plutarch.
1028 4209 1086 4261 Ή.
1101 4225 1128 4277 p.
1138 4212 1194 4269 100.
