2640 4626
485 110 705 170 ernnusto
720 115 763 173 sa
1104 110 1164 180 103

83 241 168 314 tum,
195 225 281 299 nihil
294 226 425 326 duplex.
451 228 662 329 quodquam
681 230 806 319 iussit,
830 248 921 306 certe-
941 258 1003 307 nec
1023 237 1161 326 secerni,

85 357 148 401 ricc
167 327 285 416 dividi,
310 358 371 405 nec
385 329 541 429 discerpi,
565 359 628 404 nec
648 332 788 406 distrahi
804 352 924 433 potest,
949 342 1039 410 nec⁶
1060 337 1160 414 inter-

82 431 133 504 ire
160 431 270 528 igitur.
298 447 347 504 est
370 431 457 505 enim
484 432 637 507 interitus
662 437 757 535 quasi
780 436 949 511 discessus
971 455 1003 512 et
1020 442 1159 514 secretio

82 561 125 605 ac
144 533 328 633 diremptus
347 560 466 607 earum
485 536 647 635 partium,
679 565 763 638 quae
797 556 871 613 ante
894 540 1062 615 interitum
1086 544 1160 618 iun*

82 637 194 708 ctione
210 634 322 735 aliqua
336 636 539 710 tenebantur.

185 738 247 809 His
264 755 295 811 et
310 737 432 811 talibus
449 739 635 812 rationibus
652 741 825 831 adductus,
852 744 1082 820 Socrates-nec
1097 776 1158 847 pa-

80 858 216 912 tronum
239 841 400 940 quaesivit
415 842 457 913 ad
474 842 634 914 iudicium
652 844 796 944 capitis,¹
815 874 876 919 nec
894 847 1061 921 iudicibus
1077 876 1156 951 sup-

81 943 160 1042 plex
175 943 247 1030 fuit,
273 943 491 1044 adhibuitque
510 944 650 1019 liberam
669 948 928 1037 contumaciam,
955 952 1155 1050 almagnitu-

81 1044 282 1119 ‹lineanimi
296 1047 440 1133 ductam,
465 1048 747 1148 nonasuperhia:
775 1067 806 1123 et
826 1054 1156 1151 cupressinae-«fis

80 1148 124 1220 de
141 1147 205 1221 hoc
216 1148 291 1249 ipso
307 1148 413 1221 multa
426 1149 597 1236 disseruit:
625 1167 657 1223 et
670 1152 787 1250 paucis
803 1170 881 1227 ante
896 1154 1024 1243 diebus,
1051 1186 1153 1257 quum

77 1249 178 1323 facile
193 1267 308 1351 posset
322 1246 421 1324 ¹educi
445 1280 462 1324 e
488 1253 656 1341 custodia,
681 1254 803 1342 noluit;
830 1273 861 1328 et
876 1284 977 1356 quum
994 1287 1099 1358 pacare
1117 1260 1152 1332 in
1252 1291 1254 1301 ⁴

79 1381 182 1424 manu
205 1352 271 1425 iam
291 1354 496 1426 mortiferum
516 1354 598 1427 illud
613 1371 739 1429 teneret
756 1357 930 1457 poculum,
955 1358 1084 1433 locutus
1106 1362 1152 1435 ita

20 1524 23 1529 .
79 1472 141 1542 est,
167 1472 288 1528 utnon
309 1458 351 1529 ad
365 1473 504 1530 mortem
522 1458 630 1546 trudi,
655 1487 767 1531 verum
785 1458 818 1531 in
840 1460 966 1538 coelun
985 1462 1153 1535 videretur

78 1559 299 1632 ascendere7.
349 1562 460 1631 XXX.
487 1570 543 1640 72·
569 1561 619 1632 Ita
643 1561 730 1634 enim
753 1562 924 1650 censebat,
948 1560 1059 1663 itaque
1081 1564 1150 1638 dis-

77 1661 200 1734 seruit:
236 1662 319 1733 duas
345 1689 416 1734 esse
432 1661 521 1748 vias,
548 1663 763 1764 duplicesque
791 1693 907 1737 cursus
928 1665 1148 1747 animorume

76 1791 218 1862 corpore
228 1763 463 1836 excedentium.
488 1766 633 1864 namqui
648 1794 683 1839 se
692 1766 845 1840 hunuanis
852 1767 941 1842 vitiis
956 1769 1147 1842 ⁸·contami-

74 1865 258 1952 novissent,
270 1883 346 1940 etse
360 1882 448 1938 totos
462 1864 661 1941 lihidinibus
671 1869 888 1958 dedidissent,
902 1869 1026 1969 quibus
1035 1899 1146 1944 caeca-

139 2052 205 2111 on.
224 2051 320 2102 etcod.
338 2050 438 2102 schotti
456 2070 496 2115 ne,
516 2054 670 2105 uti'volebet
678 2053 773 2105 Duker.
801 2057 832 2106 V.
851 2055 945 2107 Gemh.
965 2056 998 2106 ad
1016 2057 1071 2106 Cet.
1081 2057 1143 2107 Mai.
1230 2090 1238 2096 -

73 2120 643 2238 tilaattulisstttlti·.l;
658 2121 750 2239 iili.
764 2122 1144 2250 tltltt'ltt'tt'tlh·

71 2196 178 2324 {be-uqi
194 2254 301 2323 σφ’ματι
317 2253 360 2308 del
378 2254 501 2320 ξυνοῦσα
518 2251 579 2306 cett.
612 2207 844 2324 Utiumque'male.
861 2259 893 2308 V.
910 2258 976 2308 Adn.
1037 2228 1044 2242 ·
1079 2229 1085 2242 ·
1137 2226 1143 2241 ι

123 2390 172 2423 nec
196 2373 300 2422 secerni
321 2403 353 2412 -
379 2391 428 2422 nec
461 2373 593 2437 distrahi)
626 2374 748 2425 ascendit
769 2375 799 2424 in
824 2373 942 2423 caelum:
975 2392 1040 2441 quae
1064 2375 1142 2426 lectio
1186 2384 1192 2397 '

71 2443 146 2491 Haec
168 2441 304 2504 vocabula,
330 2457 394 2508 quae
411 2440 516 2490 eandem
537 2442 591 2490 fere
625 2442 674 2492 etsi
695 2451 794 2492 tantum
812 2458 865 2493 non
888 2441 1000 2492 'omnium
1021 2441 1142 2492 librorum

71 2509 123 2558 vim
139 2518 216 2575 atque
228 2518 381 2575 potestatem
395 2508 489 2559 habere
498 2509 591 2559 viden·
624 2510 703 2560 lectio
729 2520 784 2574 est,
819 2519 907 2561 temen
930 2509 1037 2560 Orellius
1062 2509 1142 2560 edidit

68 2587 127 2637 tur,
159 2575 327 2642 ‘respondent
364 2574 589 2631 antecedentibus:
623 2579 757 2630 escendit:
774 2594 941 2645 quamquam,
958 2577 1055 2645 nt-ipse
1070 2577 1140 2640 dicit,

69 2656 233 2704 concretum,
259 2644 406 2713 copulatum
428 2653 492 2695 etot:
523 2661 589 2712 quae
622 2646 680 2696 loco
699 2656 769 2696 certo
784 2646 816 2696 de
832 2648 911 2713 Legg.
928 2647 967 2708 II,
988 2650 1014 2703 8.
1032 2645 1139 2711 legitur:

71 2711 164 2761 eadem
186 2711 257 2760 tenui
289 2713 422 2762 notionum
446 2712 589 2762 discrimine
621 2713 769 2764 adscensus
788 2715 819 2764 in
840 2715 949 2764 caelum.
969 2714 1007 2762 ef.
1019 2712 1139 2764 Ochsner.

67 2781 138 2830 inter
152 2796 180 2828 se
194 2778 321 2829 differunt.
357 2781 396 2830 cf.
414 2781 538 2830 Goerenz.
556 2779 588 2830 ad
621 2782 674 2832 Ecl.
693 2782 744 2831 cic.
759 2800 784 2848 p.
800 2785 862 2839 226.
1051 2794 1054 2799 '

70 2847 130 2896 uin.
146 2847 166 2895 Ι.
183 2849 232 2907 15,
250 2854 291 2905 50.
309 2865 335 2914 p.
352 2852 409 2909 69„
555 2894 564 2913 Ι,
672 2849 731 2899 Ceu.
749 2850 841 2898 XXX.
860 2854 901 2906 72.
918 2851 965 2898 Ita
985 2849 1055 2899 enim
1076 2864 1140 2899 cert-

120 2931 170 2963 nec
182 2916 331 2985 patronum)
349 2916 381 2965 V.
390 2915 422 2964 de
430 2918 503 2965 Orat.
516 2917 535 2964 1.
542 2916 586 2979 84,
621 2914 703 2981 sehat)
722 2920 813 2966 Omnes
831 2932 895 2983 quae
913 2915 956 2966 hic
976 2917 1140 2982 proferuntur

66 2986 131 3042 231.
149 2990 175 3031 et
188 2999 253 3049 quae
272 2981 345 3035 affert
360 2983 475 3034 Davisius
490 2982 524 3032 ad
532 2976 586 3032 h.'l.
621 2984 731 3034 Socratis
747 2984 890 3035 sententiae
913 2983 1019 3034 haustae
1036 2994 1139 3034 suntet

120 3067 169 3100 nec
183 3050 294 3119 supplex
302 3047 377 3117 fuit,
403 3049 588 3119 adhibuitque)
621 3068 751 3118 expressae
760 3068 792 3101 ex
800 3050 913 3102 Platonis
921 3051 1058 3102 Phaedone
1067 3051 1138 3102 aliis-

67 3120 101 3168 H.
118 3135 142 3167 e.
165 3133 217 3167 non
238 3117 315 3168 modo
342 3135 394 3168 non
407 3136 453 3184 sup
471 3119 513 3168 lex
529 3118 586 3180 fuit,
620 3137 670 3186 que
699 3119 810 3169 eiusdem
850 3118 998 3187 philosophi
1028 3119 1136 3186 scriptIs.

66 3185 113 3235 sed
127 3185 242 3235 adhibuit
256 3185 340 3235 etiam.
374 3186 407 3236 V.
423 3136 553 3237 Adnotatu
559 3186 586 3235 in
620 3189 772 3254 Comparatu
780 3186 925 3252 dignissima
933 3196 992 3236 sunt
1000 3186 1137 3254 quaeidem

66 3272 89 3304 c.
106 3254 139 3314 4,
158 3257 182 3310 7·
541 3272 545 3280 ’
620 3254 708 3305 Cicero
730 3255 758 3304 in
781 3253 887 3303 eandem
909 3271 963 3302 rem
986 3254 1012 3303 in
1033 3253 1137 3303 Somnio

117 3319 230 3371 liberam
256 3320 457 3385 contumaciam)
488 3320 583 3370 Nobis:
617 3321 741 3389 ScipIonis
749 3320 894 3388 disputavit,
911 3321 994 3370 utsuh
1011 3319 1054 3368 fin.
1069 3321 1101 3386 (o.
1109 3322 1134 3376 9.

66 3388 139 3438 edler
155 3388 252 3449 Trete,
269 3388 347 3438 StoIz.
618 3388 650 3438 de
663 3390 727 3456 Itep.
740 3391 785 3451 VI,
802 3389 853 3454 26.)
877 3387 961 3449 „Nam
974 3403 1061 3436 eorum
1078 3385 1135 3436 ani-

118 3455 270 3519 ascendere)
322 3454 430 3505 Orellius
472 3453 585 3520 reposuit
617 3457 661 3516 mi,
678 3457 721 3522 qui
737 3473 763 3506 se
781 3453 895 3522 corporis
903 3453 1078 3521 voluptatibus
1087 3453 1135 3503 de-

65 3520 226 3574 escendere:
244 3523 312 3590 quod
322 3523 349 3573 in
364 3521 526 3573 hunclocum
532 3538 585 3571 non
619 3523 753 3588 diderunt‚
779 3538 914 3589 earumque
929 3538 957 3571 se
971 3520 1043 3587 qnasi
1057 3520 1138 3591 mini-¹

63 3591 129 3641 satis
144 3590 267 3659 quadrare
283 3591 393 3641 videtur.
427 3588 585 3651 Essendere,
619 3600 685 3641 stros
705 3591 884 3659 praebuerunt,
899 3588 1058 3667 impulsuque
1073 3587 1134 3639 libi-

63 3668 91 3708 et
107 3659 213 3727 propria
237 3667 264 3709 et
281 3660 379 3727 tropica
392 3657 584 3725 significatione,
619 3658 705 3708 dinnrn
742 3657 913 3725 voluptatibus
951 3655 1132 3718 obedentiam,
1178 3665 1181 3672 ’

63 3736 104 3776 est
119 3737 234 3777 nostrum
254 3729 401 3806 ersteigen,
420 3724 585 3792 quodlocum
619 3723 1132 3784 deorumethominumiuraviolaverunt,

63 3794 151 3860 hahet,
168 3794 291 3874 quamde
306 3794 442 3846 altitudine
458 3792 585 3843 etvirium
620 3792 766 3860 corporibus
797 3792 877 3861 elapsi
904 3791 997 3843 mum
1039 3801 1134 3841 terram

63 3871 231 3913 contentione
253 3879 335 3913 sermo
358 3871 412 3921 est3
438 3861 584 3912 ascendere
616 3861 697 3928 ipsam
720 3861 879 3923 volutantur,
902 3876 951 3910 nec
966 3859 994 3910 in
1005 3859 1074 3910 hunc
1089 3859 1133 3909 lo»

62 3929 147 3981 bestei
167 3948 208 3981 en.
248 3932 281 3982 V.
306 3929 397 3980 Bremi.
423 3929 456 3980 ad
480 3929 581 3984 Cornel.
617 3946 686 3988 cum,
702 3928 751 3979 nisi
767 3929 853 3980 multis
870 3927 994 3994 exagitati
1010 3924 1131 3986 saeculis,

62 3999 130 4066 Nep.
198 3998 272 4048 mist.
292 3999 364 4061 VIII,
381 4002 406 4055 6.
422 4015 449 4065 p.
466 4001 508 4057 53.
541 3996 583 4047 Sic
616 4001 801 4051 revertuntur.“

61 4065 96 4115 de
103 4064 184 4116 Amic.
195 4066 294 4127 XXIII,
311 4068 355 4123 88.
373 4065 399 4114 si
413 4064 468 4132 quis
482 4065 509 4113 in
522 4078 583 4114 cae
667 4061 791 4115 humanis
800 4065 886 4131 uitiis)
910 4064 985 4114 Pluto
1000 4059 1130 4112 Phaedon.

61 4134 115 4183 lum
132 4132 294 4184 ascendisset.
333 4132 424 4183 Parad.
442 4134 461 4182 1.
487 4137 520 4196 2,
542 4136 582 4190 11.
615 4151 642 4200 p.
658 4134 700 4191 84.
716 4135 744 4182 Β.
769 4129 962 4198 ἀνθρωπίνοις
976 4131 1088 4194 κακοῖς,
1102 4127 1129 4177 h.
