2640 4626
198 210 239 277 52
445 214 725 268 ruscmmmun
741 213 1023 265 normanorum

196 336 261 411 mis
279 334 344 408 illis
360 333 494 433 quidem
509 333 608 420 viris,
633 330 778 405 sednon
796 330 875 404 satis
891 328 1038 403 eruditis.
1073 327 1146 402 fieri
1162 344 1272 403 autem

198 453 324 538 potest,
350 452 386 507 ut
408 451 495 508 reete
521 435 596 534 quis
620 433 757 521 sentiat,
783 449 814 505 et
834 432 888 520 id,
914 432 1006 531 quod
1023 431 1143 520 sentit,
1168 429 1272 530 polite

192 539 309 638 'eloqui
325 566 394 610 non
414 536 538 638 possit:
565 536 625 608 sed
646 536 803 608 mandare
823 537 1023 634 quemquam
1043 532 1161 606 litteris
1179 532 1273 632 eogi-

175 681 177 687 ·
198 642 339 714 tationes
356 644 455 727 suas,
477 639 534 738 qui
553 666 607 711 eas
625 667 686 710 nee
705 637 901 736 disponere,
925 665 987 710 nee
1008 634 1171 723 illustrare
1192 663 1272 736 pos

198 745 260 832 sit,
286 771 346 815 nee
363 741 578 815 delectatione
593 738 704 839 aliqua
717 738 848 837 allicere
861 737 1033 827 lectorem,
1058 737 1208 811 hominis
1225 753 1271 811 est

198 844 455 944 intemperanter
482 841 646 915 abutentis
675 858 706 914 et
731 841 799 914 otio
827 858 859 914 et
882 839 1008 915 litteris.
1052 840 1164 939 itaque
1191 867 1271 915 suos

199 946 304 1021 libros
321 946 385 1045 ipsi
402 945 515 1043 legunt
530 972 604 1017 cum
620 943 702 1032 suis,
725 971 787 1038 nee
803 940 981 1042 quisquam
996 941 1127 1040 attingit
1141 958 1272 1042 praeter

199 1077 276 1137 eos,
302 1048 359 1147 qui
378 1047 516 1120 eandem
533 1045 699 1120 licentiam
714 1044 883 1120 scribendi
901 1045 967 1119 sibi
984 1040 1130 1143 permitti
1149 1043 1271 1121 volunt.

128 1214 131 1219 .
199 1151 313 1247 Quare
331 1149 361 1222 si
380 1148 506 1248 aliquid
523 1148 686 1221 oratoriae
703 1146 793 1219 laudi
811 1157 827 1196 ¹
855 1163 969 1219 nostra
987 1145 1155 1219 attulimus
1172 1145 1271 1218 indu·
1301 1160 1306 1180 ⁸

198 1254 296 1340 stria,
333 1251 435 1324 multo
469 1250 651 1323 studiosius
710 1248 918 1349 hilosophiae
943 1248 1046 1321 fontis
1073 1247 1270 1348 aperiemus,

201 1384 218 1428 e
244 1354 365 1455 quibus
391 1354 489 1427 etiam
515 1352 571 1425 illa
596 1277 783 1427 niaddlaant.

299 1457 354 1529 Ν.
381 1465 412 1536 7.
439 1454 518 1544 Sed,
543 1470 580 1527 ut
593 1451 800 1542 Aristoteles,
824 1451 876 1525 vir
891 1479 1021 1526 summo
1038 1450 1185 1550 ingenio,
1206 1452 1270 1525 sci-

219 1726 229 1777 l
267 1656 561 1777 1scicdssdenpp.levete
579 1655 692 1709 Edd-
725 1656 785 1709 Em.
804 1654 912 1718 laudis,
938 1671 987 1707 nee
1004 1653 1079 1707 aliter
1094 1655 1159 1724 Reg.
1177 1654 1269 1724 aliique

200 1743 287 1796 pures
326 1743 341 1776 o
379 1761 386 1775 .
431 1741 480 1775 ae.

201 1863 292 1920 11,22.
309 1856 646 1922 Democritum-magnum
655 1857 716 1927 qui-
749 1857 808 1908 illos
823 1874 856 1907 ne
867 1855 932 1908 haee
947 1857 1048 1925 quidem
1061 1856 1089 1907 iu
1103 1856 1209 1908 civitate
1223 1874 1268 1924 ge-

193 1927 260 1976 ·dem
281 1926 356 1975 illum
377 1924 473 1986 virum,
496 1924 549 1974 sed.
565 1927 608 1974 111.
625 1932 656 1986 5,
675 1929 717 1982 11.
751 1942 812 1976 nera
826 1925 938 1975 oratoria
958 1925 1033 1975 laude
1049 1934 1195 1975 caruerunt.
1229 1924 1269 1976 Sic

108 1995 111 2006 ’
201 1993 293 2045 Graeci
311 1993 401 2043 volunt
417 1991 461 2042 illi
477 1993 590 2060 quidem,
608 1992 654 2042 sed
667 2009 717 2060 pa·
750 1992 870 2043 Academ.
879 1994 911 2041 ΙΙ.
921 1996 945 2053 1,
960 1998 988 2051 2.
1006 1993 1066 2043 laus
1085 1994 1122 2042 im
1140 1994 1268 2044 eratoria.

200 2078 256 2111 rum
270 2059 453 2110 valentverbo.
472 2061 567 2123 111.16,
583 2063 626 2117 35.
643 2059 718 2112 tarda
750 2062 790 2111 De
812 2078 840 2112 re
864 2059 918 2126 ipsa
944 2076 968 2109 ν.
993 2077 1039 2110 nos
1067 2059 1095 2108 in
1125 2061 1180 2110 'bro
1200 2060 1268 2111 dicto

199 2127 246 2177 illa
271 2127 372 2194 quidem
395 2126 532 2189 medicina,
565 2126 610 2176 sed
633 2136 718 2177 tumen
750 2145 776 2195 p.
784 2131 826 2186 82.
843 2125 1204 2194 Deindedeplureliprouom.
1221 2127 1269 2179 illa

200 2194 509 2259 magnu.lV.28,60.illa
534 2195 717 2263 uidem-oe-
750 2213 775 2245 v.
788 2194 918 2245 Adnotatu
931 2193 958 2242 iu
973 2212 995 2244 c.
1009 2199 1034 2256 6,
1053 2199 1093 2252 12.
1302 2231 1304 2238 .

200 2273 355 2312 ranetamen.
377 2261 409 2310 de
424 2261 480 2310 Fin.
497 2212 572 2323 115,
590 2266 630 2319 12.
647 2263 717 2312 euius
803 2263 862 2311 Cen.
878 2262 921 2311 Ν.
936 2265 960 2319 7.
995 2262 1268 2312 Aristoteles-Iso-

203 2328 369 2395 (Nicomachi)
385 2338 502 2390 accurate
515 2329 602 2396 scripti
614 2329 646 2378 de
659 2346 718 2379 mo·
752 2330 837 2379 eratis
851 2328 967 2378 rhetoris
976 2330 1067 2398 gloria
1075 2329 1134 2395 eto.)
1150 2328 1184 2378 de
1198 2333 1268 2380 Orat.

200 2396 269 2447 ribus
281 2395 347 2459 libri,
363 2395 531 2446 dicuuturilli
545 2397 650 2464 quidem
664 2413 718 2447 esse
750 2399 795 2446 111.
812 2402 854 2458 35,
872 2398 930 2454 141.
965 2399 1022 2464 lpse
1031 2396 1184 2447 Aristoteles
1193 2413 1269 2463 quum

200 2463 357 2522 Aristotelie3
375 2464 488 2513 sednon
503 2460 587 2526 video,
607 2482 652 2513 cur
666 2480 719 2513 non
751 2464 842 2514 llorere
856 2465 991 2513 Isocratem
1006 2463 1141 2514 nobilitate
1153 2463 1268 2531 discipu-

200 2531 313 2598 potuerit
329 2531 396 2598 patri
413 2530 499 2580 similis
517 2546 570 2580 esse
587 2531 660 2581 silius.
684 2530 716 2580 V.
750 2531 832 2580 lorum
845 2530 1098 2580 rideret-mutarit
1108 2540 1219 2599 repente
1225 2541 1268 2582 to-

200 2597 350 2650 Rumshorn.
365 2598 434 2647 ·Lat.
455 2598 541 2647 Gram.
572 2600 594 2666 1.
615 2602 673 2656 158.
697 2596 716 2645 f.
750 2599 922 2648 tamsormam
934 2615 1015 2665 prope
1027 2597 1178 2665 disciplinae
1201 2615 1267 2661 suae,

200 2669 295 2732 p.336.
309 2681 347 2730 sq.
365 2673 392 2712 ct
408 2663 554 2730 quimultus
570 2665 641 2713 estin
656 2663 717 2713 illu-
750 2681 897 2731 versumque
925 2665 1050 2732 quendum
1073 2664 1105 2714 de
1124 2664 1269 2716 Philoctete

192 2730 362 2781 .etrandohoc
370 2746 417 2779 usu
431 2730 585 2796 pronominis
600 2731 648 2780 ille
659 2740 718 2781 ente
750 2731 836 2798 paullo
849 2750 921 2782 secus
935 2732 1008 2782 dixit.
1042 2732 1088 2783 Ille
1107 2731 1175 2782 enim
1194 2745 1270 2802 turpe

201 2796 718 2915 ltaliaa.⁰t¹.l⁰ltttttt⁶tttt.·
750 2798 1268 2919 til-”l.⁶tf..t‘.⁰‘'‘at.““t.l“'a‘5.

200 2930 250 2982 Oli.
274 2933 295 2981 l.
308 2903 370 2994 '17‚
396 2936 438 2990 60.
464 2948 490 2999 p.
515 2933 574 2990 140.
599 2936 647 2993 27,
674 2900 716 2990 951
747 2900 997 3051 patireturdicerei
1011 2885 1268 2986 5115011100-

146 3026 148 3030 ⁴
200 2998 716 3065 p.213.11.6‚21.p.44.111.9‚39.
761 3019 788 3052 er
804 3019 830 3069 p·
847 3002 906 3060 514·
924 3018 961 3069 ⁸⁴1·
997 3002 1037 3052 Cf·
1056 3001 1265 3065 Qstlflffl·1fl⁸fit·

191 3067 296 3132 11247.
314 3065 373 3114 Pari
389 3065 466 3116 modo
480 3081 618 3132 pronomen
631 3068 657 3117 ia
674 3066 717 3116 di·
749 3071 794 3119 111.
814 3073 838 3129 1,
857 3069 898 3127 14.

201 3130 275 3183 citur.
309 3132 379 3184 lul'ra
395 3133 438 3184 Ν.
455 3136 488 3194 3,
506 3139 530 3190 5.
549 3137 599 3196 28,
616 3138 659 3192 60.
678 3143 717 3183 est
750 3143 766 3179 “.
800 3138 842 3185 nir
863 3151 961 3186 summo
985 3136 1015 3187 in
1035 3135 1111 3199 onio,
1140 3137 1267 3199 scientia,

90 3242 94 3247 .
201 3216 234 3250 ea
249 3199 352 3267 quidem
366 3199 461 3262 utilior,
478 3200 593 3252 sedruro
607 3200 717 3269 proficit.
748 3203 837 3271 copia)
862 3202 903 3254 Sic
925 3213 995 3253 recte
1047 3203 1120 3254 ollius
1141 3213 1170 3254 et
1189 3205 1268 3262 Orelli

249 3267 379 3319 mndata
393 3270 556 3336 quemquam)
573 3269 717 3318 Pronomeu
748 3286 806 3320 oum
818 3270 942 3320 Lumbino
956 3280 982 3320 et
994 3270 1267 3333 adnumerandum,

218 3333 312 3384 nodam
332 3334 409 3384 modo
425 3334 538 3385 abundat
561 3335 717 3402 obsequens
748 3354 795 3404 pro
814 3337 917 3403 vulgato
933 3339 1063 3388 scientiae
1081 3340 1178 3402 coia,
1198 3339 1266 3409 quod

201 3350 324 3452 dominia.
374 3401 444 3453 Alias
476 3401 561 3453 omitti
582 3402 656 3452 solet.
684 3402 716 3452 de
748 3414 776 3454 et
789 3404 869 3454 codd.
888 3405 1001 3473 plerique
1014 3415 1041 3455 et
1056 3357 1130 3457 Eddi
1138 3416 1208 3460 vett.
1224 3425 1266 3458 re·

198 3468 274 3526 Offic.
296 3472 317 3519 1.
338 3473 387 3531 28,
410 3472 450 3528 99.
485 3471 552 3521 Nam
578 3466 715 3535 negligere,
747 3481 911 3539 praesentant
951 3473 1100 3541 Ernestique
1144 3474 1265 3526 retinuit:

199 3536 261 3602 quid
274 3536 306 3587 de
322 3536 468 3604 aequisque
483 3537 585 3598 sentiat,
603 3555 655 3587 nou
669 3553 715 3587 so·
748 3548 839 3590 contro
859 3557 933 3606 quam
953 3539 1089 3590 lectionem
1104 3541 1186 3592 Orelli
1201 3542 1264 3593 haec

199 3601 251 3655 lum
264 3602 405 3669 arrogantis
420 3615 466 3669 est,
483 3604 529 3656 sed
544 3605 646 3656 omuino
660 3604 715 3654 dis-
747 3616 848 3657 monet:
866 3606 916 3656 Sed
931 3607 1089 3658 trinomnino
1103 3618 1173 3672 eunt,
1191 3609 1266 3676 inge-

199 3669 287 3722 soluti.
748 3674 818 3724 nium
845 3692 860 3723 a
891 3683 981 3727 natura
1011 3675 1143 3725 Aristoteli
1168 3676 1265 3738 dutum,

250 3752 307 3787 eum
329 3738 399 3804 auis)
423 3739 457 3788 Η.
480 3756 502 3790 e.
520 3739 559 3790 sui
582 3739 713 3805 similibus,
748 3740 855 3795 scientia
873 3740 904 3790 ab
925 3741 981 3808 ipso
1003 3752 1165 3810 comparata,
1191 3745 1266 3811 copie

200 3803 283 3860 veliis
297 3804 714 3871 quieandemlicentiamecriben-
747 3808 800 3858 sive
821 3807 861 3858 elo
880 3809 982 3870 uentiu,
999 3820 1028 3859 ut
1049 3813 1076 3859 iu
1100 3813 1171 3861 Oret.
1200 3815 1264 3881 15.

191 3870 226 3919 ’ἀί
241 3870 289 3920 sihi
299 3872 412 3939 permitti
426 3872 522 3923 volunt.
747 3875 823 3925 Arist.
850 3892 865 3924 a
909 3875 993 3926 irabili
1022 3876 1132 3944 quadam
1155 3878 1264 3930 scientia

249 3940 382 3991 oratoriae
400 3939 485 4007 lauda)
502 3941 535 3989 H.
550 3959 572 3990 e.
590 3942 639 3991 arti
653 3959 713 3992 ora·
747 3953 774 3993 et
795 3942 877 4008 eopia.
913 3943 951 3992 cf.
973 3942 1004 3992 de
1022 3944 1126 3994 vocibus
1147 3947 1266 4011 scieptia

198 4005 281 4066 toriae
294 4006 369 4057 laudo
385 4007 484 4072 dignae.
502 4007 534 4057 de
549 4012 619 4058 Orat.
634 4012 653 4058 1.
670 4015 712 4072 28,
747 4021 773 4060 et
797 4011 875 4079 copia
896 4009 970 4059 Beier
991 4010 1024 4061 ud
1047 4011 1121 4061 Offic.
1143 4014 1178 4062 11.
1197 4021 1222 4074 5.
1235 4033 1264 4085 p.

199 4077 256 4131 130.
275 4083 303 4123 ut
323 4074 355 4124 ud
375 4074 440 4125 hauc
460 4074 647 4125 similitudinem
662 4075 712 4126 hu·
742 4079 787 4135 81.
805 4107 838 4116 -
856 4077 971 4126 Ceterum
988 4088 1014 4127 et
1023 4078 1182 4130 adementia
1196 4092 1223 4131 et
1232 4081 1264 4132 ad

197 4140 236 4191 ius
249 4139 378 4191 histrionis
394 4144 538 4192 oratoriam
554 4144 659 4193 laudem
669 4143 711 4193 di·
744 4145 821 4214 eopia
840 4143 1007 4210 supplendum
1025 4156 1064 4196 est
1083 4164 1204 4209 summa,
1227 4149 1264 4199 uti

197 4209 314 4276 rigamus.
347 4212 417 4260 Brut.
435 4228 456 4260 c.
471 4213 515 4268 30.
533 4211 650 4278 quoniam
664 4229 711 4280 per
743 4212 770 4263 iu
785 4214 889 4266 Verrem
902 4212 946 4265 IV.
967 4229 989 4262 o.
1007 4217 1050 4273 58.
1084 4213 1262 4269 Archimedem
