2640 4626
540 187 668 237 LIBER
688 187 719 239 V.
734 191 777 246 36.
1131 180 1195 249 363

121 301 183 374 Est
201 300 289 374 enim
315 329 427 375 earum
449 303 597 376 omnium
619 309 761 377 rerum⁴
779 304 813 379 in
839 322 954 378 nostra
973 305 1086 379 urbe.⁶
1104 334 1195 379 sum-

120 403 229 476 maiu
243 403 379 505 publico
398 407 503 505 copia.
537 435 620 507 quae
639 408 696 505 qui
715 408 864 508 privati⁶
882 409 1028 495 habent,¹
1049 426 1196 483 nectam
1243 480 1246 485 ,

122 506 245 595 multa,
272 522 304 580 et
319 505 396 579 raro
415 509 541 595 vident,
567 538 666 609 quum
683 511 718 581 in
736 538 796 582 suu
815 539 892 583 rura
910 528 1085 585 venerunt:
1112 541 1195 612 quos

124 627 237 682 tamen
258 610 384 710 pungit·
400 610 541 710 aliquid,
568 640 686 711 quum,
712 612 767 684 illa
789 613 878 686 unde
902 614 1060 702 habeant,
1086 642 1197 688 recor-

126 713 255 783 dantur.
305 714 387 785 Dies
423 713 601 801 deficiat,
641 715 670 786 si
695 715 792 788 velim
812 713 1024 816 'paupertatis
1045 745 1197 791 caussam

123 814 309 887 defendere.
343 833 454 914 aperta
476 817 563 889 enim
575 845 628 889 res
644 833 708 906 est,
735 835 766 890 et
780 819 928 916 quotidie
952 847 1013 890 nos
1035 819 1109 918 ipsa
1135 849 1196 893 na·

122 934 197 990 tura
218 917 394 1006 admonet,
426 947 525 1019 quam
548 919 680 1019 paucis,
717 948 816 1021 quam
838 922 949 1021 parvis
970 921 1070 994 rebus
1090 939 1194 1021 egeat,

121 1047 221 1119 quam
239 1019 368 1093 vilibus.
1291 1022 1297 1033 ⁸

223 1124 382 1195 XXXVI.
434 1129 516 1202 103.
565 1120 652 1221 Num
669 1124 770 1222 igitur
787 1124 988 1222 ignobilitas,
1016 1141 1070 1197 aut
1086 1126 1195 1200 bumi-

122 1223 207 1311 litas,
226 1225 396 1298 autetiam
414 1225 586 1324 popularis
604 1227 755 1315 ollensio,
773 1228 953 1326 sapientem
971 1228 1104 1300 beatum
1122 1257 1194 1302 esse

121 1327 339 1427 prohibebit?
364 1327 449 1414 vide,
462 1355 504 1399 ne
519 1327 594 1428 plus
607 1330 849 1402 coniniendatio
866 1331 900 1401 in
916 1328 1042 1426 volgus
1063 1348 1094 1403 et
1113 1332 1194 1405 baec

121 1458 206 1528 qnae
221 1430 384 1530 expetitur
400 1429 524 1527 gloria,
549 1430 718 1511 molestiae
736 1430 864 1519 habeat,
890 1460 988 1530 quam
1006 1432 1207 1533 uoluptatis.¹

119 1533 295 1605 Levieulus
319 1561 398 1604 sane
411 1549 525 1605 noster
536 1527 797 1623 Demosthenes,
823 1533 880 1633 qui
902 1533 959 1606 illo
978 1563 1112 1607 susurro
1138 1537 1194 1609 de-

121 1634 234 1709 lectari
252 1664 286 1708 se
309 1635 441 1708 dicebat
464 1663 583 1733 aquam
605 1635 739 1709 ferentis
756 1635 983 1724 mulierculae,
1008 1653 1044 1707 ut
1059 1666 1132 1710 mos
1157 1639 1193 1710 in

121 1737 262 1810 Graecia
270 1755 327 1825 est,
346 1737 648 1837 insusurrantisque
659 1737 761 1827 alteri,
777 1739 1194 1812 Ht'cestilleDemostbe-

121 1868 192 1911 nes.
225 1840 317 1936 Quid
334 1840 398 1913 boe
414 1839 541 1912 levius?
562 1857 594 1913 at
614 1859 755 1947 quantus
775 1843 907 1914 orator?
924 1842 984 1914 sed
1002 1844 1092 1942 apud
1111 1842 1193 1916 alios

123 1940 217 2040 loqui
229 1942 381 2041 videlicet
394 1943 565 2032 didicerat,
578 1973 647 2038 non
657 1945 802 2017 multum
810 1944 883 2043 ipse
894 1967 1014 2018 secum.
1041 1951 1122 2024 104.
1140 1947 1194 2017 ln-

158 2129 177 2186 4
193 2131 235 2179 Or.
244 2147 266 2181 o.
275 2131 345 2180 ΒΛ).
355 2148 443 2181 rerum
457 2130 577 2180 omnium.
610 2135 627 2188 5
644 2130 686 2182 stc
695 2131 740 2181 W.
749 2147 763 2180 e
772 2129 838 2182 coni.
847 2131 945 2181 —Erm
955 2147 978 2180 c.
987 2129 1194 2196 vulg.'nostrotn

121 2197 193 2246 urbe.
228 2197 311 2256 Male;
329 2216 388 2255 nam
403 2198 429 2247 in
440 2211 532 2248 nostru
541 2197 610 2249 nulla
624 2199 661 2248 vis
675 2199 759 2264 posita
774 2207 820 2249 est.
829 2227 862 2239 -
873 2202 913 2248 Or.
925 2210 980 2248 oum
988 2199 1018 2247 R.
1038 2198 1100 2247 Cod.
1117 2201 1191 2249 Bern.

122 2264 245 2331 aliisque,
263 2266 291 2314 P.
310 2274 336 2315 et
350 2266 397 2316 Ed.
411 2276 464 2317 vet.
479 2267 559 2315 Bouh.
576 2265 648 2316 omis.
671 2268 718 2326 in,
742 2275 773 2316 nt
793 2266 830 2316 dr.
853 2266 1038 2336 Keirtltagine‚
1056 2265 1191 2328 Narbone,

120 2333 244 2382 ‚iubenis
287 2334 375 2382 Recte.
410 2333 495 2383 Etiam
509 2342 613 2400 propter
628 2351 681 2401 seq.
697 2335 728 2384 in
750 2333 854 2402 publico
876 2333 948 2402 prius
972 2335 1002 2383 in
1024 2332 1190 2384 reiioiendum

122 2416 193 2462 esse,
210 2399 278 2451 idem
291 2402 371 2466 probe
386 2410 482 2451 mouet.
533 2405 550 2458 6
567 2402 598 2453 V.
615 2399 681 2452 adn.
731 2408 748 2459 7
765 2398 795 2453 V.
812 2400 878 2452 aun.

120 2517 244 2583 spicatur:
267 2517 356 2584 signis
364 2488 482 2580 ,⁸6redo,
500 2528 526 2567 et
543 2516 641 2567 tabulis
720 2518 819 2587 pungit
835 2516 948 2588 aliquid)
965 2519 1037 2568 Haec
1052 2518 1130 2569 verba
1145 2535 1190 2569 re-

116 2585 210 2653 pis-cis,
229 2584 328 2634 collatis
345 2603 401 2634 eum
420 2585 476 2634 aliis
491 2576 569 2646 locis‘,
586 2595 640 2634 tum
674 2595 715 2636 cte
731 2585 857 2636 Bentleius
875 2584 969 2653 accipit
984 2585 1016 2637 de
1030 2586 1150 2655 peculatu
1165 2596 1193 2639 et

120 2651 175 2699 bis:
200 2652 233 2717 N.
248 2653 280 2700 D.
296 2654 328 2701 ΙΙ.
347 2655 388 2710 34.
416 2655 466 2713 Qui
481 2652 559 2718 igitur
576 2670 640 2702 con·
672 2653 805 2720 sacrilegio
822 2671 837 2702 a
851 2652 931 2703 beatis
945 2653 995 2703 illis
1005 2654 1128 2705 Romanis
1142 2653 1191 2706 ad-

122 2717 207 2779 uenit,
225 2720 331 2787 signum
348 2730 392 2768 aut
409 2719 525 2769 tabulam
540 2721 641 2788 pictam
672 2721 765 2779 misso3
783 2720 929 2788 plerumque
944 2721 1011 2770 enim
1026 2720 1098 2787 signa
1110 2720 1194 2787 illast

121 2803 179 2835 cum
192 2785 344 2853 adspexeris,
358 2788 421 2836 scire
438 2786 577 2836 adhibitam
586 2804 640 2836 esse
672 2789 775 2838 tabulae
799 2787 932 2837 eGraeeis
948 2787 1050 2838 urbibus
1073 2789 1192 2857 templis-

120 2864 216 2902 artem:
234 2871 279 2920 pro
292 2854 367 2904 Rosc.
382 2858 465 2904 Amet.
484 2873 505 2904 c.
519 2855 640 2921 4ti1quid
673 2873 722 2924 que
736 2855 826 2923 rapina
841 2865 885 2904 aut
904 2855 972 2904 furto
989 2855 1088 2905 ablatae
1110 2865 1191 2906 erant.

119 2922 245 2988 pictarum
269 2921 431 2971 tabularum?
467 2921 527 2990 quid
550 2923 640 2988 signo-
672 2925 763 2990 Neque
774 2923 838 2972 haec
846 2922 922 2972 rerba
933 2922 1023 2973 referri
1037 2933 1145 2989 possunt
1158 2922 1192 2973 ad

119 2987 198 3037 rum?
230 2988 290 3056 quid
312 2989 443 3040 marmoris
477 2989 545 3056 apud
568 2989 640 3039 illum
672 2991 758 3041 ludos.

120 3055 218 3123 putatis
233 3056 347 3106 esse?···
364 3056 479 3106 Davisius
494 3057 640 3107 Ciceronem
723 3059 790 3108 Dies
807 3056 928 3124 deficiat)
947 3056 1125 3108 SicErnestius
1136 3073 1193 3107 cum

120 3123 222 3172 dedisse
236 3133 324 3190 putat:
343 3125 440 3193 signis,
458 3124 544 3184 eredo,
561 3123 640 3173 tabu·
671 3125 756 3175 Vatic.
767 3128 830 3182 0111.
847 3127 878 3175 D.
893 3125 1001 3176 ePalat.
1018 3135 1077 3174 tert.
1103 3125 1144 3175 sto
1157 3125 1192 3175 N.

121 3192 167 3252 Iis,
177 3191 324 3242 columnis?
337 3193 436 3241 ³Fateor
445 3192 567 3258 equidem,
578 3191 639 3241 mihi
672 3193 708 3243 De
722 3195 774 3254 ΙΙΙ,
798 3198 840 3250 32.
858 3203 922 3242 extr.
942 3192 985 3243 ubi
1007 3193 1040 3243 cst
1057 3193 1143 3242 Davis.
1165 3200 1194 3241 et

121 3274 223 3326 quoque
237 3258 397 3320 vehementer
410 3259 543 3327 displicere
551 3275 639 3309 rocem
672 3259 806 3313 Heindorf.
822 3279 849 3333 p.
865 3265 924 3318 365.
936 3286 970 3299 -·
994 3259 1045 3309 Alii
1062 3278 1102 3311 me
1120 3259 1191 3325 defi-

121 3326 203 3387 ludis,
223 3343 271 3376 neo
288 3336 373 3376 tamen
390 3327 641 3405 qmcqusm'mutana
673 3328 732 3376 ciet.
752 3327 859 3376 Orethus
873 3343 929 3376 eum
936 3326 1063 3395 plerisque
1077 3325 1191 3378 etCodd.

119 3395 181 3443 dum
197 3394 343 3456 censuerim,
363 3394 502 3462 vitiumque
519 3392 640 3443 orationis
674 3405 700 3444 et
713 3393 776 3443 Edd.
792 3403 855 3443 vett.
873 3395 940 3445 Dies
947 3395 1071 3459 Deficiet.
1089 3394 1134 3444 cfr.
1149 3394 1192 3443 iu-
1217 3446 1220 3451 ,

120 3479 174 3511 nou
190 3460 298 3510 librariis
314 3461 475 3511 tribuendum
499 3478 568 3521 esse,
594 3460 640 3511 sed
674 3462 736 3511 bens
760 3463 847 3511 Garat.
872 3460 905 3510 ud
924 3461 1068 3511 Coelianam
1092 3481 1117 3529 p.
1131 3463 1191 3519 433.

119 3528 169 3596 ipsi
187 3529 310 3592 Ciceroni,
328 3529 409 3597 quiin
425 3529 463 3579 his
478 3528 549 3579 libris
564 3545 640 3596 saepe
674 3539 701 3578 et
721 3528 845 3579 Addenda
867 3545 911 3578 sua
933 3529 966 3579 sd
985 3529 1045 3580 Vol.
1067 3532 1099 3579 11.
1119 3531 1146 3579 Ρ.
1163 3535 1189 3586 2.

120 3596 281 3646 festinantius
297 3608 411 3648 versatus
424 3607 470 3646 est.
671 3614 700 3665 p.
718 3599 777 3654 639.

168 3665 283 3733 privati)
301 3667 333 3714 Η.
347 3683 368 3714 e.
386 3664 486 3726 „nullos
503 3663 640 3729 magistra-
678 3682 682 3697 ¹
725 3664 784 3712 Car.
800 3664 926 3714 XXXVI.
944 3668 1001 3722 103.
1024 3663 1191 3714 commenda-

119 3744 162 3782 tus
183 3749 259 3799 quum
280 3731 386 3781 maxime
411 3741 536 3797 gerentes.
544 3735 561 3760 “
604 3735 640 3781 At
673 3732 711 3781 tio
731 3731 761 3780 in
781 3731 896 3800 volgus)
921 3731 1073 3801 Exquisitius
1096 3732 1191 3781 dietum

118 3816 196 3866 quum
209 3797 235 3848 h.
253 3799 270 3848 l.
287 3799 406 3849 derebus
424 3799 570 3867 privatim,
587 3813 640 3849 non
672 3816 734 3867 pro:
753 3798 938 3850 commendatio
957 3799 1024 3865 apud
1041 3800 1139 3865 volgus.

118 3865 220 3934 publice
247 3866 368 3934 possessis
390 3865 526 3916 manifesto
556 3883 639 3916 sermo
724 3867 935 3931 Demosthenes)
959 3865 1025 3916 Plin.
1038 3868 1091 3916 lX.
1118 3866 1192 3982 epist.

118 3933 169 3993 sit,
195 3942 265 3982 recte
291 3933 398 3983 Orellius
424 3951 480 3982 curn
499 3949 549 3982 uno
575 3933 638 3984 Cod.
672 3937 715 3991 23.
746 3934 947 3985 Denwstlceneni
970 3933 1034 3984 dicit
1049 3935 1108 3984 iure
1143 3952 1192 3982 ae-

118 4005 202 4050 Oxon.
221 4009 247 4050 et
261 4000 384 4050 Lambino
401 4000 481 4059 edidit
499 4001 638 4069 privatim,
672 4014 764 4063 tatum,
782 4003 851 4071 quod
867 4004 943 4053 illum
959 4019 1027 4051 anus
1043 4003 1134 4053 Attica
1151 4002 1192 4050 icc

117 4067 639 4148 mouenslitterammfinalem'saepesup-
673 4069 879 4133 demonstravit:
911 4064 1002 4128 Οὗτός
1023 4067 1079 4122 ἐστι
1102 4073 1192 4134 Δημο-

117 4151 229 4204 pressam
246 4152 299 4185 esse
317 4153 333 4186 a
350 4135 438 4201 scribis
454 4136 577 4186 librariis:
672 4137 781 4202 σθένης.
817 4138 856 4187 Cf.
873 4138 972 4188 Aelian.
989 4139 1020 4188 V.
1035 4139 1068 4186 H.
1084 4136 1132 4194 IX,
1149 4139 1190 4192 17.

169 4203 300 4270 nee-et)
315 4204 521 4257 V.Adnotatain
536 4207 556 4253 1.
573 4205 597 4267 4,
612 4210 637 4262 7.
657 4196 663 4207 ⁴
722 4205 861 4272 videlicet)
887 4223 946 4256 cum
958 4218 1050 4271 magno
1062 4201 1191 4254 irrisione!
