2640 4626
199 240 263 310 tta
447 246 1028 299 ruacuuamuonnurnrarrorsou

200 371 255 443 tia.
280 394 358 440 nam
377 364 607 463 Peripatetici,
631 363 811 438 familiares
831 364 955 453 nostri,
980 364 1104 464 quibus
1130 362 1218 436 nibil
1229 380 1272 437 est

201 470 357 556 uberius,
383 466 467 539 nihil
485 467 664 554 eruditius,
689 467 774 540 nibil
789 467 939 565 gravius,
965 466 1216 541 mediocritates
1228 466 1272 539 vd

202 571 490 676 perturbationum
513 569 563 642 vel
585 569 780 642 morborum
797 570 899 643 animi
916 569 1000 642 mibi
1015 597 1086 647 non
1104 596 1190 642 sanc
1202 595 1273 669 pro-

203 677 293 749 bant.
313 699 418 746 omne
432 672 522 745 enim
539 671 680 760 malum,
707 673 805 746 etiam
818 672 1007 758 mediocre,
1032 671 1161 744 malum
1180 676 1273 745 est⁶:

204 806 266 852 nos
288 776 452 850 autemid
472 775 618 873 agimus,
642 791 681 846 ut
692 775 733 847 -id
751 775 787 846 in
797 775 950 874 sapiente
965 773 1093 848 nullum
1109 773 1157 846 sit
1173 773 1273 846 omui-

204 909 258 953 no.
284 907 361 952 nam
383 894 421 949 ut
444 902 584 977 corpus,
610 877 738 949 etiamsi
752 877 966 950 mediocriter
980 904 1115 974 aegrum
1135 892 1205 964 est,
1229 903 1274 948 sa-

204 1011 285 1056 num
298 1009 366 1054 non
382 996 448 1054 est:
475 981 524 1052 sic
542 980 577 1051 in
593 980 704 1052 animo
719 979 783 1051 ista
799 979 1012 1052 mediocritas
1027 995 1118 1051 caret
1132 979 1273 1052 sanitate.

307 1084 421 1182 ltaque
443 1082 612 1183 praeclare
633 1082 758 1169 nostri,
784 1080 905 1155 utalia
926 1081 1050 1167 multa,
1082 1080 1273 1165 molestiam,
1314 1080 1316 1125 ²

206 1185 479 1272 sollicitudinem,
506 1212 680 1282 angorem,
706 1200 844 1284 propter
879 1183 1132 1256 similitudinem
1160 1210 1273 1284 corpo-

205 1317 280 1360 rum
320 1315 512 1385 aegrorum,
546 1287 785 1384 aegritudinem
819 1287 1080 1369 nominaverunt,
1132 1296 1191 1365 23.
1219 1286 1274 1358 boc

205 1391 451 1491 propemodum
475 1390 577 1463 verbo
593 1389 713 1461 Graeci
730 1416 860 1461 omnem
873 1389 980 1461 >animi
995 1388 1275 1487 perturbationem
1314 1400 1316 1413 '

203 1491 389 1594 appellant:
414 1508 534 1564 vocant
555 1491 641 1563 euim
660 1492 779 1581 πάθος,
807 1490 843 1562 id
863 1506 912 1562 est
929 1491 1101 1577 morbum,
1130 1491 1274 1590 quicum·

206 1624 270 1695 que
281 1612 330 1668 est
339 1609 448 1667 motus
464 1593 625 1665 inanimo
640 1593 812 1666 turbidus:
838 1621 901 1665 uos
916 1593 1043 1666 melius.
1070 1595 1181 1690 aegris
1195 1593 1274 1666 enim

173 1734 178 1741 ·
208 1696 406 1796 corporibus
428 1695 594 1768 'simillima
612 1712 661 1768 est
688 1695 818 1767 animi⁷
838 1694 1027 1793 aegritudo:
1054 1712 1088 1767 at
1101 1723 1173 1768 non
1191 1694 1275 1770 simi-

206 1799 247 1871 tis
262 1798 497 1895 aegrotationis
515 1814 563 1870 est
580 1797 696 1884 libido,
721 1825 791 1870 non
804 1796 1022 1871 immoderata
1036 1796 1172 1886 laetitia,
1199 1824 1275 1898 quac

197 1917 256 1978 ‚cst
269 1900 420 1999 voluptas
437 1900 539 1972 animi
558 1900 640 1972 elata
656 1915 686 1971 et
702 1900 853 1996 gestiens.
880 1900 953 1999 ipse
964 1901 1067 1973 ‘ctiam
1085 1917 1198 1973 metus
1215 1928 1275 1972 noo

206 2019 256 2076 cst
281 2003 390 2074 morbi
415 2003 595 2075 admodum
616 2001 761 2089 similis,
786 2030 987 2101 quamquam
1014 2002 1219 2100 aegritudini
1235 2018 1276 2075 est
1314 2084 1316 2089 ,

205 2105 380 2177 finitimus:
408 2106 467 2178 sed
508 2104 661 2204 proprie,
687 2121 724 2175 ut
759 2105 940 2202 aegrotatio
973 2105 1010 2176 in
1043 2132 1210 2205 corpore,
1236 2105 1275 2178 sic

207 2207 378 2304 aegritudo
401 2207 580 2292 inanimo,
606 2234 727 2278 nomen
742 2205 843 2279 babet
857 2235 927 2278 non
942 2207 1129 2280 seiunctum
1151 2237 1171 2280 a
1189 2207 1274 2281 dolo
1314 2270 1316 2301 ;

206 2337 250 2382 re.
275 2307 404 2381 doloris
427 2310 533 2408 igitur
556 2309 684 2380 buius8
706 2309 801 2405 origo
819 2309 918 2380 nobis
936 2310 1131 2409 explicanda
1151 2328 1222 2397 est,
1245 2309 1275 2379 id

206 2428 273 2499 est,
290 2439 415 2500 caussa
451 2411 597 2484 efficiens
631 2410 870 2507 aegritudinem
896 2411 1087 2498 inanimo,
1112 2429 1274 2512 tamquam

206 2514 463 2612 aegrotationem
490 2513 691 2611 incorpore.
718 2541 813 2600 nam,
838 2529 875 2584 ut
891 2514 1033 2601 medici,
1059 2542 1180 2587 caussa
1195 2542 1275 2613 mor·¹

206 2616 241 2687 bi
274 2616 423 2702 inventa,
450 2615 652 2688 curationem
679 2642 749 2687 esse
775 2616 939 2687 inventam
967 2628 1105 2715 putant:
1133 2618 1185 2690 sic
1209 2643 1274 2699 nos,

208 2744 324 2790 caussa
357 2717 574 2814 aegritudinis
607 2733 754 2816 reperta,
779 2717 934 2790 aredendi
969 2717 1160 2791 facultatem
1186 2747 1274 2819 repc-

207 2845 339 2893 nemus.

307 2921 365 2991 XI.
417 2925 474 2997 24,
500 2919 559 2990 Est
585 2919 687 3016 igitur
705 2946 821 2993 caussa
839 2921 946 2992 omnis
965 2921 998 2993 in
1015 2921 1197 3020 opinione,
1222 2951 1276 2995 nec

206 3048 284 3094 vero
310 3021 526 3118 aegritudinis
552 3021 675 3108 solum,
700 3022 880 3094 sedetiam
902 3023 1104 3123 reliquarum
1130 3025 1275 3099 omnium

206 3123 510 3223 perturbationum:
547 3151 630 3222 quac
662 3140 739 3196 sunt
773 3132 892 3221 genere
925 3142 1101 3224 quattuor,
1127 3128 1278 3225 partibus

205 3225 326 3326 plures,
351 3253 429 3298 nam
462 3254 562 3325 quum
599 3226 707 3298 omnis
741 3227 946 3324 perturbatio
976 3228 1019 3298 sit
1043 3229 1147 3300 animi
1174 3248 1278 3303 motus

207 3326 327 3430 [vel]'⁹
366 3326 506 3401 rationis
542 3354 679 3427 expers,
704 3327 754 3400 vel
789 3329 952 3402 rationem
981 3330 1210 3430 adspernans,
1234 3331 1280 3406 vei

205 3431 326 3503 rationi
344 3457 414 3504 non
431 3429 608 3516 obediens,
635 3430 729 3529 isque
746 3447 856 3502 motus
871 3448 927 3502 aut
940 3432 1023 3504 boni
1039 3449 1096 3505 aut
1112 3434 1195 3507 mali
1210 3435 1279 3535 opi-

206 3533 306 3606 nione
335 3533 469 3605 citetur:
495 3530 647 3604 bifariam
678 3548 833 3630 quattuor
850 3534 1117 3632 perturbationes
1137 3537 1280 3636 aequali-

209 3649 260 3707 ter
281 3634 478 3707 distributae
502 3651 586 3706 sunt.
621 3661 697 3706 nam
724 3634 808 3707 duae
834 3652 911 3706 sunt
936 3664 975 3708 ex
998 3637 1161 3737 opinione
1183 3640 1278 3712 boni:

207 3763 345 3834 quarum
362 3735 472 3822 altera,
498 3734 649 3836 voluptas
663 3736 825 3833 gestiens,
852 3738 887 3811 id
904 3754 971 3826 est,
996 3742 1278 3838 praetermodum

272 3924 289 3977 6
305 3919 626 3973 SiocorrexitBouherius.
644 3922 721 3987 Vulg.
739 3939 864 3991 magnum
879 3935 919 3972 est
935 3924 1011 3975 retin.
1027 3927 1087 3975 Em.
1116 3890 1143 3984 '7
1157 3932 1202 3978 Or.
1218 3929 1276 3978 att.

205 3989 236 4038 D.
254 3988 339 4037 animi
352 3998 401 4036 eat.
435 3988 515 4044 8W.
540 4006 562 4037 c.
579 3990 608 4037 tt.
627 3989 706 4039 huius
719 3990 812 4058 igitur.
862 3991 939 4047 9vel
956 4002 1062 4043 auctore
1077 3993 1161 4045 Βοιὼ.
1178 3996 1224 4046 W.
1238 4011 1278 4045 re·

206 4055 298 4119 clusit,
316 4059 358 4104 Or.
380 4063 464 4103 antem
481 4054 551 4105 uncis
565 4055 693 4106 liberavit.

239 4170 406 4242 familiares
429 4173 534 4237 nostri)
562 4174 595 4223 V.
623 4188 670 4222 nos
695 4173 722 4222 in
806 4173 865 4223 Ctr.
875 4173 922 4224 XI.
930 4175 973 4232 24.
983 4176 1094 4242 citetur)
1102 4178 1135 4228 H.
1146 4156 1277 4230 merciu-

186 4240 257 4294 libro
274 4241 299 4293 d.
317 4241 353 4294 de
361 4240 480 4296 Giceron.
496 4240 561 4314 phil.
577 4245 654 4309 p.77.
668 4257 706 4308 sq.
757 4251 815 4290 tor:
831 4241 1132 4309 quodttarir'rusinltdit.
1145 4248 1181 4298 tt
1198 4246 1274 4297 dedit.
