2640 4626
121 204 184 272 368
368 209 649 264 TUSCULANARUM
664 209 944 264 ntorunamottuiu

120 330 275 407 Aufidius
292 329 478 430 praetorius
503 346 533 404 et
551 329 586 402 in
600 328 725 405 Senatu
744 328 940 402 sententiam
957 326 1108 419 dicebar,
1131 357 1195 404 nec

121 435 237 509 amicis
263 432 523 505 deliberantibus
552 432 681 521 deerat,
706 449 739 507 et
760 431 922 505 Graecam
946 430 1117 507 scribebat
1143 431 1196 506 bi-

121 537 269 623 storiam,
295 551 327 608 et
345 534 479 608 videbat
502 536 538 608 in
561 533 686 608 litteris.
735 535 897 608 XXXIX.
949 542 1031 615 113.
1063 532 1196 609 Diodo-

120 656 174 715 tns
196 639 328 712 Stoicus
354 665 469 711 caecus
498 636 620 711 multos
645 665 750 710 annos
774 635 867 710 domi
888 653 1021 711 nostrae
1049 645 1068 691 ⁷
1106 636 1197 711 vixit

119 742 150 817 is
174 769 272 829 vero,
298 741 390 839 quod
411 737 569 814 credibile
589 740 643 813 vix
671 755 774 828 esset,
800 767 901 839 quum
928 738 963 811 in
977 738 1196 841 philosophia

120 843 224 920 multo
249 843 348 918 etiam
371 841 477 940 magis
507 843 658 931 assidue,
684 870 783 942 qnam
803 859 916 931 antea,
939 859 1138 931 versarctur,
1165 860 1196 917 et

120 975 225 1067 apuam
240 944 365 1020 fidibus
378 946 663 1048 Pythagoreorum
682 972 773 1018 more
795 960 951 1029 uteretur,
976 972 1147 1044 quumque
1166 946 1194 1018 ei

120 1049 199 1123 libri
215 1049 323 1122 noctis
341 1064 372 1122 et
387 1048 458 1121 dies
467 1047 665 1145 legerentur:
684 1047 806 1146 quibus
819 1048 854 1119 in
870 1047 989 1120 studiis
1005 1046 1112 1120 oculis
1126 1076 1195 1121 non

120 1151 257 1250 egebat:
282 1167 353 1223 tum
369 1150 460 1250 quod
477 1151 548 1224 sine
564 1149 669 1224 oculis
684 1147 756 1223 {ieri
770 1176 869 1250 posse
885 1149 938 1222 vix
952 1149 1092 1238 videtur,
1117 1179 1194 1248 geo-

120 1253 256 1329 metriae
280 1281 401 1326 munns
421 1252 585 1354 tuebatur,
609 1252 719 1326 verbis
741 1250 950 1353 praecipiens
976 1252 1193 1342 discentibus,

120 1356 220 1445 unde,
247 1384 324 1455 quo,
350 1382 513 1455 quamque
530 1355 650 1429 lineam
668 1354 858 1428 scriberent.
895 1354 1134 1455 Asclepiadem
1148 1355 1208 1465 ln!

120 1475 208 1548 runt,
232 1486 309 1532 non.
324 1457 506 1556 ignobilem
519 1457 703 1530 Eretricum
718 1455 977 1558 philosophum,
1003 1485 1108 1557 quum
1124 1457 1211 1558 qui·'

170 1644 172 1649 ’
188 1635 206 1688 7
224 1631 265 1680 Or.
282 1646 304 1679 c.
320 1628 448 1697 plerisque
463 1638 489 1679 et
503 1626 582 1678 codd.
598 1637 626 1678 et
636 1627 701 1715 Edd.
717 1634 778 1678 vett.
797 1639 906 1678 nostroe
923 1622 1002 1679 domi.
1019 1627 1111 1680 Recte.

175 1728 321 1793 radicabat,
337 1728 492 1846 necdeeropp
507 1729 540 1778 H.
551 1745 573 1780 e.
584 1745 639 1779 non
672 1746 788 1798 qnam-
797 1728 968 1785 contaminare
977 1738 1191 1780 extremnmtem-

121 1796 203 1849 solnm
226 1796 341 1858 dicebat,
366 1796 410 1846 sed
426 1813 458 1846 ne
493 1805 564 1847 eerut
580 1796 639 1862 qui-
671 1815 718 1865 pua
734 1794 834 1847 aetatis.
849 1824 881 1835 -
896 1796 1012 1852 ¹Contra:
1036 1798 1069 1846 N.
1088 1798 1120 1847 D.
1136 1800 1187 1856 1.1.

120 1864 186 1917 dem.
221 1865 252 1917 V.
276 1863 418 1914 Ramshorn
439 1867 501 1914 Lar.
522 1865 638 1916 Gratum.
671 1864 753 1932 princ.
772 1867 854 1926 Quum
870 1862 1016 1914 multneres
1031 1862 1059 1913 in
1073 1863 1189 1932 philoso-

86 1954 89 1961 '
121 1934 144 2002 §·
163 1935 220 1991 179·
236 1949 261 1999 P·
279 1936 337 1990 527.
355 1933 418 1982 Not.
438 1935 461 1989 1.
671 1930 732 1998 phio
747 1948 904 2010 nequaquam
927 1929 987 1981 eatis
1009 1930 1094 1982 adhuc
1111 1931 1189 2000 expli-

174 2033 235 2083 Gar.
252 2032 383 2083 XXXIX.
420 2036 475 2090 113.
509 2031 640 2083 Diodotus
673 2008 838 2117 Ἥβη
862 2008 916 2048 tum
936 1996 1099 2115 Perd¹ffiffh⁸
1118 2027 1151 2039 ““
1167 2006 1189 2048 ⁶¹

121 2100 233 2166 &emt
251 2099 300 2179 aa
316 2117 362 2150 ¹¹⁰³
377 2098 404 2150 ⁵¹¹
418 2099 484 2150 a..
502 2097 527 2150 a.
548 2099 580 2149 ‘¹⁶
594 2099 640 2150 ⁶¹·
671 2074 1188 2200 itit-..ttttitttttmtatati?

121 2184 207 2249 “3⁰⁰¹
220 2166 320 2260 Phss⁰⁸fl
335 2171 417 2261 1³33·
551 2249 557 2263 ‚
573 2250 594 2263 ,,
673 2191 752 2264 rint,
768 2172 873 2252 acmen:
898 2216 1048 2267 quamquam
1063 2200 1136 2252 inter
1149 2213 1189 2251 tc-

171 2251 239 2320 quod
245 2249 372 2302 credibile
379 2269 426 2302 vix
434 2251 515 2324 esser)
531 2268 641 2320 nnrrpse
672 2286 732 2320 me„
745 2278 772 2320 0,
787 2281 841 2318 „m
853 2266 969 2318 nonnihil
983 2267 1137 2319 (rimamini,
1152 2270 1188 2318 in.

121 2317 247 2370 *idifflffi
672 2347 764 2395 terest3
781 2348 869 2386 tomen
884 2334 953 2393 enim,
964 2333 1074 2450 ,prioris
1088 2346 1189 2386 senten-

169 2420 247 2472 qnum
270 2403 300 2451 in
319 2401 389 2472 phil.
411 2414 580 2463 versaretur,
606 2428 640 2441 -
671 2405 724 2454 tiae
747 2403 799 2455 vlm
823 2401 973 2470 quodammo
993 2411 1077 2452 orem
1098 2413 1154 2453 erat
1167 2412 1189 2452 et

118 2469 332 2536 cominabatur)
366 2471 396 2520 In
420 2470 470 2520 hoc
495 2468 640 2538 partitionis
672 2470 777 2534 minuit,
802 2469 920 2538 opposito
937 2485 984 2530 eo,
1011 2487 1061 2537 quo
1106 2455 1209 2520 sitilli⁸

119 2555 228 2606 genere,
254 2554 303 2605 quo
322 2536 349 2586 in
365 2536 443 2604 priori
461 2537 573 2587 membro
588 2537 641 2586 ali·
673 2549 741 2590 certe
758 2556 789 2588 ex
802 2547 874 2606 parte
884 2534 1052 2594 contrarium
1068 2550 1189 2587 rumvero

119 2605 181 2675 quid
197 2604 335 2671 generatim
357 2604 474 2672 ponitur,
501 2604 528 2653 in
548 2615 639 2672 poste·
672 2606 778 2657 alteram
796 2603 946 2655 sententiam
971 2613 1047 2669 auget
1073 2604 1189 2655 addendo

119 2672 182 2724 riori
206 2671 302 2740 aliquid
324 2672 453 2738 speciatim
472 2689 528 2722 eum
549 2669 640 2721 maiori
672 2690 720 2735 eo,
747 2673 815 2740 quod
834 2688 895 2739 prae
918 2671 999 2721 altero
1023 2673 1190 2738 spectandum

119 2739 146 2790 vi
163 2739 279 2801 eflertur,
304 2738 399 2806 duplici
415 2749 511 2788 veteres
527 2738 564 2788 usi
581 2747 639 2789 suut
671 2740 738 2803 rit,“
756 2740 793 2789 uti
807 2748 879 2789 acute
896 2747 983 2788 monet
997 2738 1143 2791 Geruhard.
1161 2737 1191 2790 ad

119 2816 256 2857 structura.
298 2806 450 2858 Particulam
475 2806 541 2856 enim
562 2823 639 2875 quum
672 2808 752 2858 Cicer.
774 2807 806 2856 de
821 2806 893 2857 Ollic.
908 2808 952 2855 111.
976 2811 1009 2866 2,
1031 2813 1058 2863 5.
1085 2825 1113 2875 p.
1131 2811 1191 2866 280.

118 2873 146 2925 iu
163 2873 242 2942 priori
256 2875 367 2924 membro
381 2884 488 2924 autenm
500 2872 638 2924 indicativo
672 2891 784 2943 cumquo
801 2874 835 2924 ef.
842 2874 922 2924 Beier.
933 2871 965 2922 ad
980 2873 1091 2925 eundem
1101 2876 1191 2936 locum,

119 2951 165 2993 aut
191 2958 246 2992 cum
270 2940 428 2991 subiunctivo
455 2941 576 3007 iungunt,
607 2957 637 2989 eo
672 2942 725 2992 Sed
747 2960 805 2991 cmn
819 2954 875 2992 cora
885 2940 1059 3010 philosophia
1075 2970 1111 2982 -
1124 2939 1192 3011 fra·

94 3024 96 3029 ’
118 3008 219 3078 quidem
227 3007 378 3068 discrimine,
392 3018 421 3058 ut
429 3008 580 3058 indicativus
589 3024 640 3074 po-
671 3008 811 3087 gifera-
825 3008 875 3058 sit:
899 3020 954 3057 rum
970 3007 1192 3078 nullusserocior

117 3086 209 3139 natur,
234 3093 310 3143 quum
333 3075 464 3142 particulis
480 3088 639 3144 quum-cnm
671 3095 702 3128 en
726 3096 758 3127 ea
777 3077 849 3130 locus
872 3088 913 3126 ear
927 3103 960 3114 -
990 3093 1052 3125 uam
1077 3078 1111 3127 de
1126 3076 1191 3146 offi-

65 3144 67 3149 ’
117 3143 174 3193 sola
188 3142 293 3209 partitio
312 3142 445 3205 iudicatur,
467 3144 640 3195 subiunctivus
672 3146 737 3195 ciis:
753 3144 779 3193 h.
798 3161 820 3194 e.
838 3143 907 3194 Tota
941 3093 989 3192 hii
1003 3142 1128 3209 frugifera
1145 3155 1189 3205 ert,

119 3220 218 3272 antem,
246 3227 321 3277 quum
348 3221 448 3276 praeter
476 3211 639 3279 partitionem
671 3213 698 3262 in
720 3211 855 3279 primisque
879 3210 900 3260 is
922 3162 1010 3272 locus,
1036 3212 1088 3279 qui¹
1103 3222 1142 3263 est
1162 3210 1193 3260 de

118 3277 195 3330 etiam
218 3276 390 3344 significatur,
415 3278 484 3345 priua
502 3278 638 3327 membrum
672 3278 715 3330 off.
730 3307 763 3317 -
786 3278 885 3329 sivero
899 3294 1035 3345 ponamus:
1060 3279 1192 3330 licectoro

119 3344 266 3397 concessiva
299 3353 343 3394 aut
373 3345 507 3412 temporali
539 3345 639 3395 ratione
668 3347 715 3416 pb.
735 3344 880 3416 frngisera
903 3346 957 3395 ait:
990 3357 1081 3396 tamen
1103 3347 1191 3397 nullus

119 3430 177 3465 cnm
190 3412 271 3463 altero
287 3411 430 3462 cohaerere.
457 3417 510 3462 lam
525 3412 638 3462 nonnul·
664 3412 788 3483 ferocior
802 3415 832 3464 in
849 3432 881 3463 eo
898 3413 969 3463 locus
984 3425 1041 3477 ear,
1067 3432 1147 3483 quam
1161 3414 1193 3463 dc

116 3480 150 3532 lis
172 3480 293 3546 exemplis
310 3480 460 3530 senteutiam
481 3479 638 3548 propositam
671 3480 715 3548 off.
731 3481 795 3531 haec
810 3481 890 3532 exibit
902 3480 1043 3530 sententia:
1060 3492 1118 3532 tota
1135 3481 1192 3551 qni-

117 3547 280 3598 illustremus.
305 3549 386 3615 Supra
398 3548 442 3598 iv.
462 3553 485 3609 1,
506 3554 529 3605 1.
555 3550 638 3608 Quum
670 3551 728 3599 dem
744 3548 806 3616 phil.
821 3550 887 3627 frug.
907 3557 959 3610 est,
976 3565 1028 3598 non
1045 3565 1136 3600 omnes
1150 3559 1191 3599 ta-

118 3614 205 3665 multis
216 3614 280 3665 locis
294 3625 437 3666 nostrorum
454 3613 581 3665 hominnm
594 3615 637 3664 in·
670 3633 729 3667 men
747 3617 800 3666 eius
818 3617 870 3667 loci
887 3632 968 3682 aequo
982 3614 1101 3680 frugiferi
1125 3625 1190 3679 aunt,

119 3682 193 3749 genia
208 3682 363 3749 virtutesque
383 3681 453 3734 soleo
467 3683 567 3742 mirari3
583 3693 637 3732 tum
670 3683 716 3735 aed
728 3682 758 3746 ie,
775 3684 817 3751 qui
831 3693 870 3733 est
884 3682 978 3744 deofl,
994 3682 1105 3734 uberior.
1120 3683 1191 3734 Adde

117 3750 226 3800 maxime
233 3740 268 3798 in
283 3749 322 3798 his
338 3749 442 3800 studiis:
458 3749 482 3800 h.
493 3768 515 3801 e.
532 3759 559 3800 et
569 3751 638 3801 mul·
671 3753 796 3803 Goerenz.
809 3751 843 3800 ad
849 3752 929 3817 Legg.
942 3751 974 3801 lt.
985 3751 1025 3812 14,
1041 3755 1084 3809 36.
1099 3769 1127 3819 p.
1136 3755 1190 3810 157.

86 3858 88 3863 .
116 3817 151 3868 tia
167 3817 238 3878 locis,
255 3827 281 3866 et
298 3817 412 3867 maxime.
438 3818 502 3868 ibid.
535 3854 540 3867 .
594 3817 638 3867 id·
671 3819 773 3869 deFin.
791 3820 834 3868 Ill.
853 3822 900 3880 15,
923 3824 965 3876 50.
985 3821 1087 3885 p.376.
1106 3837 1145 3885 eq.
1166 3827 1191 3868 ct

117 3901 168 3953 que
186 3901 262 3952 quum
282 3884 509 3953 coniectura'prob
604 3895 637 3948 at,
668 3885 813 3939 Ramshorn
841 3888 902 3936 Lar.
933 3886 1051 3936 Gramm.
1086 3888 1190 3956 §.17ss

116 3963 170 4002 tum
186 3951 334 4018 quibusdam
348 3952 425 4001 etiam
439 3950 504 4001 vesti
540 3952 638 4002 arudi—
669 3970 696 4022 p.
715 3957 773 4011 515.

92 4030 199 4070 ·catur.
234 4020 265 4070 V.
283 4022 323 4080 19,
347 4023 389 4077 56.
423 4036 480 4068 nam
501 4038 576 4086 quum
591 4038 638 4070 ac·
720 4020 886 4090 legerentur)
911 4018 1089 4079 recitarentur.
1123 4021 1190 4071 Nnc·

118 4087 202 4153 cipere
226 4103 300 4154 quam
326 4086 409 4136 facere
432 4096 545 4152 praestat
567 4088 637 4138 inin·
670 4105 745 4157 quam
760 4104 821 4138 vero
837 4087 911 4156 probi
924 4087 1063 4156 scriptores
1074 4087 1190 4140 dixeram

118 4153 197 4217 mam,
228 4163 283 4203 tum
304 4153 380 4203 morti
395 4152 444 4203 iam
467 4154 516 4222 ipsi
538 4155 637 4207 advan—
666 4156 839 4235 praelegere:
880 4153 931 4206 uod
949 4153 1021 4208 haud
1043 4173 1102 4209 raro
1118 4174 1134 4208 a
1148 4172 1188 4207 re·

118 4221 185 4272 tanti
199 4219 311 4290 paullum
321 4220 459 4289 procedere
474 4222 583 4288 obviam,
603 4251 636 4265 -
670 4222 824 4276 certioribus
838 4241 852 4275 a
890 4222 980 4275 betur.
