2640 4626
10 36 81 93 ἱῐῑι

406 218 411 231 ·
467 208 722 273 utnanmsac
816 214 819 219 ’
1068 199 1133 271 au

55 328 276 431 aegitudini,
314 330 351 415 in
364 356 440 431 -qua
472 329 579 404 luctus
608 329 714 418 inest;
747 354 832 428 quae
862 329 1010 417 omnium
1031 332 1135 406 mani-

53 449 186 509 maest.

159 543 218 619 69.
232 535 365 634 itaque
405 532 622 621 Aristoteles,
654 549 780 607 veteres
819 532 1043 635 philosophos
1079 564 1134 610 ac-

56 666 199 726 cusatio,
224 637 283 737 qui
308 636 597 723 existimavissent,
623 635 874 736 philosophiam
897 637 968 711 suis
988 637 1133 737 ingeniis

55 768 141 817 esse
156 739 355 842 perfectam,
380 739 442 826 ait,
469 767 526 818 eos
550 754 607 812 aut
628 736 842 821 stultissimos
860 756 917 813 aut
931 738 1134 838 gloriosissi-

54 871 131 919 mos
162 841 287 930 fnissc3
322 842 383 916 scd
407 840 598 929 se'videre,
629 841 721 939 qnod
746 842 863 942 paucis
887 843 988 917 annis
1011 844 1134 943 magna
1192 884 1203 906 .

57 945 208 1021 accessio
228 944 316 1018 facta
342 961 444 1030 esset,
472 942 570 1016 'brevi
591 959 743 1044 tempore
763 943 1014 1045 philosophiam
1031 946 1133 1046 plane

56 1047 246 1123 absolutam
270 1045 350 1120 fore.
400 1045 652 1146 Theophrastus
675 1062 785 1121 autem
799 1049 946 1139 moriens
961 1059 1135 1127 accusasse

55 1168 211 1225 naturam
236 1148 375 1235 dicitur,
402 1148 494 1247 quod
509 1146 613 1221 cervis
629 1164 661 1221 et
680 1146 870 1223 cornicibus
887 1149 986 1224 vitam
1006 1144 1134 1224 diutur-

57 1274 157 1342 nam,
190 1280 332 1352 quorum
358 1251 394 1323 id
420 1250 505 1322 nihil
536 1249 727 1339 interesset3
753 1251 964 1340 homiuibus,
990 1282 1133 1353 quorum

56 1355 202 1430 maxime
223 1353 449 1441 interfuisset,
473 1369 541 1425 tam
564 1353 715 1450 exiguam
735 1353 835 1426 vitam
860 1354 1023 1429 dedisset:
1050 1385 1134 1456 quo-

57 1488 134 1532 rum
161 1456 190 1529 si
215 1473 303 1530 aetas
324 1455 488 1556 potuisset
508 1483 581 1549 esse
603 1454 1004 1555 longinquior,·futurum
1020 1457 1134 1547 luisse,

59 1579 113 1651 nt,
140 1559 296 1633 omuibus
323 1557 479 1658 perfectis
504 1557 648 1646 artibus,
674 1558 766 1630 omui
793 1558 945 1631 doctrina
960 1559 1134 1655 hominurn

59 1663 127 1736 vita
151 1661 347 1736 erudiretur.
372 1659 571 1760 querebatur
585 1658 702 1758 igitur,
728 1688 764 1734 se
779 1675 868 1750 tum,
894 1689 997 1762 quum
1013 1661 1069 1735 illa
1086 1663 1135 1736 vi-'

60 1765 140 1839 dere
166 1764 346 1863 coepisset,
373 1762 545 1860 exstingui.
596 1762 712 1858 Quid?
738 1792 778 1836 ex
790 1764 907 1839 ceteris
923 1763 1135 1866 philosophis

61 1894 173 1940 nonuc
202 1865 347 1967 optimus
373 1882 405 1938 et
426 1864 640 1963 gravissimus
659 1864 799 1965 quisque
816 1865 1008 1953 confitetur,
1032 1868 1135 1942 multa

61 1971 296 2068 seignurare,
323 1985 353 2041 et
369 1967 472 2040 multa
492 1966 558 2040 sihi
573 1967 671 2040 etiam
688 1983 785 2066 atque
802 1967 900 2040 etiam
917 1995 988 2041 esse
1005 1968 1136 2044 discen·

62 2073 127 2147 da?
181 2082 238 2152 70.
264 2099 370 2170 neque
388 2087 516 2157 tamen,
543 2097 643 2167 quum
662 2097 697 2141 se
715 2069 750 2140 in
763 2068 874 2142 media
890 2068 1044 2158 stultitia,
1070 2100 1135 2171 qua
1178 2121 1181 2126 -

61 2173 148 2248 nihil
172 2190 221 2247 est
239 2173 354 2274 peius,
380 2173 515 2246 haerere
532 2170 733 2269 intelligant,
759 2171 965 2268 aegritudine
978 2200 1136 2272 premun-

61 2294 125 2350 tur.
152 2275 241 2349 nulla
260 2275 348 2348 enim
367 2275 566 2347 admiscetur
582 2273 696 2372 opinio
716 2271 857 2346 officiosi
874 2273 1009 2348 doloris.

79 2456 83 2463 ,
166 2377 278 2474 Quid,
312 2378 370 2477 qui
400 2406 478 2449 non·
502 2380 647 2475 putant4
683 2374 863 2472 lugendum
896 2375 1003 2449 viris?
1028 2378 1136 2476 qualis

60 2480 127 2555 fuit
153 2479 195 2576 Q.
220 2478 408 2565 Maximus,
435 2477 576 2551 efferens
599 2476 703 2550 filium
730 2475 952 2550 consularem:
979 2479 1086 2579 qualis
1099 2482 1135 2553 L.

61 2582 217 2669 Paullus,
243 2581 375 2654 duobus
397 2579 514 2680 paucis
538 2578 656 2652 diebus
679 2579 817 2652 amissis
836 2578 932 2654 filiis:
959 2579 1065 2680 qualis
1089 2583 1136 2655 M.

63 2688 167 2773 Cato,
200 2701 352 2784 praetore
379 2682 572 2780 designato,
596 2697 728 2753 mortuo
754 2680 843 2773 lilio:
868 2680 981 2780 quales
1006 2678 1137 2783 reliqui,

10 2868 13 2875 ,
62 2815 151 2888 quos
183 2786 221 2858 in
257 2784 491 2859 Consolatione
519 2783 719 2881 collegimus.
769 2791 838 2865 71..
853 2785 936 2882 quid
959 2782 1022 2856 hos
1047 2784 1137 2860 alind

61 2888 229 2992 placarit,
253 2887 319 2961 nisi
345 2886 437 2987 quod
452 2886 575 2959 luctum
595 2903 627 2959 et
641 2906 825 2960 maerorem
840 2895 941 2960 esse⁵
959 2915 1027 2959 non
1042 2904 1138 2987 puta-

133 3058 153 3118 4
168 3059 229 3109 Em.
248 3055 345 3107 esoni.
361 3054 499 3126 putabant.
517 3057 614 3122 Inepte.
648 3061 664 3113 5
681 3055 740 3105 Era.
758 3070 780 3105 c.
797 3055 830 3108 V.
848 3063 875 3104 et
889 3055 971 3106 Gebh.
985 3055 1056 3107 omis.
1071 3074 1137 3110 esse.

135 3193 186 3226 uae
199 3175 312 3224 omnium
326 3172 442 3222 maximo
456 3170 504 3238 est)
517 3173 588 3221 Haec
620 3169 767 3238 Hieronym.
791 3170 827 3221 ad
846 3170 1019 3240 Nepotianum
1042 3191 1082 3290 ep.
1102 3176 1135 3225 ΙΙ.

63 3194 147 3296 veria
167 3242 303 3293 referenda
318 3251 379 3290 sunt
396 3257 448 3289 uon
468 3241 501 3290 ad
523 3255 588 3306 pro·
620 3255 646 3305 p.
668 3241 693 3295 9.
722 3238 762 3288 ed.
784 3238 883 3289 Victor.
907 3239 1012 3304 Sapiens
1034 3240 1079 3291 ile
1098 3240 1138 3292 vir

63 3313 137 3364 xime
150 3326 313 3379 praegressa,
337 3308 381 3357 sed
395 3307 429 3355 ad
444 3306 501 3356 illa:
537 3307 588 3356 uod
622 3305 743 3356 Graeciae
767 3305 969 3372 Theophrastus,
995 3324 1065 3370 cnm,
1089 3323 1138 3358 ex-

64 3380 179 3450 sopiens
213 3393 265 3426 non
299 3377 353 3426 sis:
394 3391 461 3441 quae
491 3325 590 3423 scilicet
621 3373 697 3439 pletis
715 3382 816 3423 centum
839 3382 867 3421 et
886 3382 984 3450 septem
1002 3375 1088 3438 annis,
1108 3392 1137 3425 se

65 3445 203 3514 aegritudo
219 3443 331 3494 omnium
346 3441 453 3492 maxima
468 3450 516 3490 est.
621 3439 687 3488 mori
713 3450 842 3501 cerneret,
873 3439 965 3493 dixisse
990 3439 1085 3502 fertur,
1110 3457 1137 3491 se

117 3517 161 3572 69.
188 3513 275 3562 cervis
297 3522 323 3561 et
342 3508 500 3574 cornicibus)
526 3507 589 3558 Ori-
622 3506 725 3567 dolere,
759 3506 828 3572 quod
858 3516 913 3556 tum
937 3506 1099 3571 egrederetur
1122 3524 1138 3559 ο

65 3581 125 3634 dius
141 3581 246 3629 Metam.
265 3581 327 3640 VII,
344 3581 403 3635 273.
606 3573 689 3633 -vita,
708 3573 809 3639 quando
826 3589 915 3640 sapere
930 3572 1064 3640 coepisset.

136 3645 373 3713 Vivacisqueiecur
388 3645 474 3705 cervi,
517 3642 589 3691 uibus
672 3644 716 3696 70.
741 3642 771 3690 in
792 3641 990 3704 Consolatione)
1022 3639 1139 3691 Davisius

339 3712 453 3779 ,iusuper
468 3710 500 3759 ad
521 3709 540 3759 ‘t
623 3706 656 3756 ad
670 3715 755 3774 partes
770 3712 845 3758 vocat
858 3696 963 3757 Hieron.
979 3707 1007 3757 in
1019 3707 1138 3775 Epitaph.

138 3785 190 3832 Ora
212 3788 339 3848 caputque
362 3796 453 3830 novem
476 3777 591 3828 cornicis
622 3774 762 3839 Nepotiani
778 3792 802 3840 p.
812 3778 856 3832 21.
881 3775 1059 3825 Praetermitto
1073 3777 1140 3826 Ma-

349 3846 450 3896 saesula
463 3845 538 3912 passi.
623 3843 722 3902 ximos,
746 3845 873 3904 Omanae,
899 3842 1003 3903 Gallos,
1025 3842 1139 3906 Pisones,

67 3918 110 3967 ef.
128 3915 249 3966 Ochsner.
266 3914 322 3964 Ecl.
340 3913 391 3970 Cic.
409 3931 436 3981 p.
452 3917 510 3970 323.
591 3970 594 3977 Ι
624 3911 730 3969 Brutos,
747 3909 896 3971 Scaevolae,
912 3909 1041 3972 Metellos,
1058 3913 1141 3961 Scau*

121 3981 287 4052 querebatur)
309 3978 407 4045 Ἡμεῖς
414 4016 422 4042 ,
443 3976 523 4033 ὁπότ’
543 3974 591 4045 eip-
624 3993 682 4036 ros,
709 3975 821 4039 Marios,
851 3977 968 4040 Crassos,
993 3978 1139 4039 Marcellos,

86 4050 183 4119 όμεθα
202 4051 267 4117 ζῆν,
291 4045 349 4100 τότ’
369 4044 591 4111 ἀποθνήσκομεν,
625 4052 700 4109 atque
716 4042 844 4106 Aufidios,
869 4061 976 4111 quorum
990 4063 1043 4096 uon
1057 4044 1141 4093 minor

67 4072 266 4186 Zl'heophrastus
281 4112 444 4165 moribundus
461 4112 592 4181 discipulis
624 4110 651 4159 in
672 4109 743 4160 luctu
763 4127 839 4177 quarn
857 4111 884 4161 iu
899 4112 973 4162 bellis
988 4113 1065 4162 virtus
1082 4111 1140 4172 fuit,

69 4187 123 4237 suis
156 4185 250 4235 dixisse
281 4180 399 4230 traditur.
449 4183 482 4233 V.
514 4180 591 4245 Diog.
626 4187 652 4226 et
685 4194 774 4228 uorum
792 4177 915 4228 orbitates
931 4179 959 4229 iu
976 4177 1141 4230 Consolatio-

71 4255 160 4306 Laera.
173 4254 205 4305 V.
222 4251 245 4319 §.
258 4248 301 4308 41.
330 4246 446 4300 Davisius
461 4255 599 4318 comparat·
625 4193 747 4296 nisqlibro
764 4245 868 4300 uulnus
883 4245 1030 4312 explicavit.

895 4319 935 4384 16
