2640 4626
470 192 732 277 raoarconrra
1095 213 1135 283 4ι

59 348 143 407 enim
160 348 290 407 virtutes
304 348 369 407 aine
389 347 476 406 beata
495 345 559 406 vita
577 344 738 407 cohaerere
750 356 898 426 possunt,
918 366 976 409 nec
998 348 1053 408 illa
1070 348 1136 409 siue

59 449 239 509 virtutibus.
281 448 318 507 ld
337 447 510 507 illustratur
534 446 736 525 imaginibus,
765 449 876 527 quibus
890 449 985 509 Stoici
1005 459 1136 510 utuntur

60 551 101 610 ad
123 551 274 610 virtutum
298 549 511 629 amplissimam
534 549 711 627 dignitatem
725 549 964 612 describendam
993 550 1043 632 (cf.
1061 574 1087 611 c.
1103 555 1133 620 5.
1167 602 1172 609 .

61 653 89 730 §.
114 649 177 734 13.)
184 696 194 729 ,
216 673 242 710 c.
259 654 310 721 28.
330 650 356 727 §.
374 654 425 718 80.
449 653 501 719 81.
523 651 780 729 confirmaturque
795 653 966 712 Stoicorum
980 653 1134 712 conclusi·

61 774 130 814 one.
152 753 179 830 §.
195 757 247 821 82.

145 855 200 914 ΙΙΙ.
223 855 406 928 Quaestione
418 853 574 934 proposita
590 854 759 915 aderitum
775 848 940 935 perducta,
964 856 1023 915 alia
1035 855 1133 915 subii-

61 958 144 1017 citur
159 955 334 1036 disputatio‚
357 975 427 1035 qua,
448 955 697 1016 Academicorum
711 956 851 1018 libertate
867 977 958 1037 usus,
980 979 1134 1038 quarem»-

61 1081 120 1139 que
139 1057 382 1117 dissentientium
393 1057 644 1138 philosophorum
659 1062 809 1118 amantia
831 1062 873 1117 sit
894 1059 931 1118 de
945 1079 1062 1140 summo
1079 1059 1133 1117 bo-

60 1183 101 1218 no
108 1201 121 1229 ,
143 1171 244 1218 tamese
260 1164 404 1218 virtutem
424 1163 505 1218 satie
529 1158 638 1218 habere
659 1159 705 1218 ad
719 1161 819 1219 vitam
835 1159 957 1218 beatam
968 1160 1133 1238 praesidii,

61 1260 268 1320 demonstrare
289 1269 415 1320 conatus
431 1269 485 1319 est.
507 1279 533 1319 c.
555 1263 606 1329 29.
648 1259 755 1337 ltaque
770 1260 903 1319 breviter
920 1269 1135 1318 enumerantur

60 1360 315 1441 philosophorum
328 1360 491 1422 sententiae
508 1359 547 1420 ds
561 1361 794 1421 summobono:
817 1380 894 1439 quae
910 1370 964 1420 aut
983 1360 1134 1441 simplices

61 1472 138 1523 sunt
156 1471 209 1523 aut
225 1464 355 1524 mixtae:
378 1472 407 1522 et
422 1461 544 1541 quidem

240 1652 399 1709 Summers
788 1644 940 1708 'Mursa

128 1775 154 1811 a.
180 1750 273 1812 Nihil
287 1752 418 1820 bonum,
439 1754 504 1810 nisi
523 1750 580 1809 Ιιο-
684 1772 710 1809 a.
741 1753 815 1808 Tria
842 1772 956 1831 genera
979 1750 1134 1819 botrorum,

60 1867 183 1913 nestum
204 1849 333 1935 (Stoici).
620 1855 732 1920 animi,
748 1855 894 1929 corporis,
909 1850 1055 1926 fortassee
1066 1847 1134 1929 (Pe-

33 1942 49 1978 ’·
125 1954 156 2013 b.
181 1955 274 2014 Nihil
289 1954 416 2022 bonam,
439 1957 502 2012 nisi
521 1975 576 2010 vo·
618 1952 676 2035 rip.
692 1961 721 2011 et
736 1948 852 2031 dead).

61 2059 169 2136 luptas
191 2052 378 2136 (Epicurus).
682 2053 712 2112 b.
740 2054 893 2132 Voluptas
904 2074 973 2111 cum
982 2051 1136 2110 honestate

128 2177 154 2215 c.
180 2157 273 2216 mail
290 2157 419 2225 bonam,
440 2159 582 2225 misina·
620 2151 835 2234 (Dinomachus
852 2163 882 2212 et
899 2148 1085 2232 Calliphon).

62 2261 168 2318 cuites
184 2257 300 2317 doloris
317 2251 554 2337 (Hieronymus).
630 2313 633 2332 ,
683 2276 709 2314 c.
733 2254 908 2313 Indolentia
942 2264 1011 2314 cnm
1043 2254 1135 2313 laone-

127 2357 158 2417 d.
182 2359 276 2418 Nihil
288 2359 418 2428 bomne,
439 2361 503 2416 taisi
520 2378 580 2414 na·
621 2367 699 2416 atate
721 2351 904 2434 (Diodorus).

61 2475 152 2522 turae
161 2462 275 2539 primia
289 2459 388 2527 bonis,
410 2470 466 2517 aut
479 2461 578 2517 omni-

61 2565 121 2621 bus
137 2573 192 2621 aut
209 2563 356 2620 mximas
364 2562 440 2637 fani
457 2556 583 2640 (Carne-

61 2659 156 2744 ades).

147 2780 204 2840 llis
221 2780 315 2859 igitur
330 2781 469 2845 omnibus
479 2776 661 2858 aprincipiis
676 2777 739 2851 suis
754 2777 853 2837 dicere
869 2774 951 2851 licet,
972 2774 1066 2846 vitam
1080 2773 1135 2833 be-

61 2893 144 2943 atam
161 2882 276 2942 virtute
294 2881 380 2941 effici.
425 2879 548 2941 Omissis
562 2880 688 2953 Stoicis,
710 2898 840 2956 quornm
856 2877 1012 2956 superiore
1026 2875 1135 2953 dispu-

61 2986 179 3044 tatione
203 2983 323 3043 desensa
346 2992 390 3042 est
409 2982 571 3057 sententia,
593 2981 725 3061 primum
745 2977 1135 3057 attingiturPeripatetico-

61 3107 135 3146 rum
145 3085 235 3145 ratio.
276 3085 304 3144 Ii
320 3084 437 3171 dicunt,
456 3083 578 3142 laudem
587 3083 675 3142 etiam
686 3101 755 3139 cum
766 3081 872 3140 dolore
887 3079 1046 3159 petendam
1056 3098 1135 3136 esse:

64 3189 120 3266 qui
137 3197 237 3246 autem
253 3187 380 3264 gloriam
396 3185 497 3265 adepti
511 3185 581 3260 sint,
602 3184 706 3243 beatos
721 3203 798 3242 esse:
820 3181 947 3260 gloriam
962 3190 1060 3238 autem
1075 3200 1137 3237 nna

62 3290 180 3349 virtute
202 3287 318 3366 acquiri
338 3308 434 3366 posse.
477 3289 556 3364 Ergo
573 3306 611 3345 ex
625 3285 750 3343 illorum
764 3285 881 3342 ratione
896 3284 1045 3359 sequitur,
1068 3281 1136 3338 vir-

63 3399 131 3450 tute
149 3390 242 3466 effici,
271 3389 297 3448 si
312 3410 374 3448 non
389 3388 607 3462 beatissimam,
638 3395 718 3445 certe
743 3386 859 3447 beatam
882 3384 985 3441 vitam.
1011 3414 1054 3427 —
1074 3382 1135 3439 Ea-

66 3491 138 3552 dem
155 3489 358 3571 Calliphontis
378 3490 436 3550 erit
453 3489 636 3566 Diodorique
659 3487 814 3546 sententia.
837 3508 863 3544 c.
887 3487 938 3551 30.
962 3486 1013 3553 31.
1036 3484 1063 3559 §.
1082 3483 1133 3550 86.

61 3596 117 3662 87.
161 3592 225 3653 Iam
252 3593 355 3651 Cicero
379 3591 527 3668 reliquam
551 3589 785 3668 disputationem
801 3588 842 3646 ita
862 3584 1068 3666 persequitur,
1089 3592 1135 3658 ut,

66 3695 186 3756 omissis
211 3694 335 3770 reliquis
355 3691 562 3772 philosophis,
582 3692 682 3769 ipsum
700 3689 884 3768 Epicurum,
907 3707 995 3764 quem
1014 3685 1135 3744 mollem

63 3808 95 3856 et
117 3796 324 3874 voluptarium
346 3792 563 3873 philosophum
576 3792 694 3866 dicant,
717 3791 787 3849 satis
812 3791 845 3848 in
863 3789 977 3849 virtuto
992 3787 1134 3866 praesidii

64 3919 128 3957 esse
144 3879 183 3956 ad
195 3898 313 3956 beatam
331 3896 427 3956 vitam
446 3915 566 3954 censere
582 3893 728 3952 ostendat.
761 3891 902 3971 Epicurei
928 3890 1008 3948 enim
1030 3897 1136 3947 conte-

64 4009 178 4060 mnunt
186 4007 314 4058 mortem
325 4008 355 4057 et
363 3998 498 4057 dolores:
520 3998 546 4075 §.
557 3999 608 4062 88.
620 3997 670 4062 89.
692 4015 788 4074 parvo
806 3986 939 4053 contenti
954 3999 1033 4050 sunt.
1067 3989 1136 4067 Ipsa

64 4111 177 4161 natura
193 4120 290 4180 pauca
313 4099 471 4159 desiderat.
514 4097 595 4159 Haec
619 4098 766 4156 sententia
783 4094 927 4173 exemplis
947 4090 1136 4162 Anacharsis,

64 4201 193 4278 Socrati,
215 4201 389 4277 Xenocrati,
414 4200 552 4278 Diogenis
566 4199 747 4258 illustratur.
771 4219 795 4255 c.
811 4199 863 4264 32.
875 4226 917 4241 -
929 4195 1056 4267 Dicunt,
1079 4211 1135 4248 cu-
