2640 4626
158 175 161 191 ¹
199 219 261 291 148
444 219 724 278 ruscmausnnu
740 219 1024 271 nrsrurarrounu

198 349 359 425 Graeciae
377 345 537 445 eripiant,
563 353 595 411 et
611 335 780 436 pefferant
796 337 833 409 in
850 337 936 410 hanc
954 335 1090 424 urbem3
1116 337 1210 410 sicut
1227 364 1273 410 rc-

198 453 306 553 liqnas
335 448 462 531 omnis,
489 467 573 538 quae
589 438 725 538 quidem
741 456 834 512 erant
850 439 1073 539 expetendae,
1098 439 1217 511 studio
1231 456 1272 511 at-

200 583 264 656 que
286 545 448 624 industria
474 570 534 614 sua
559 541 702 614 maiores
729 542 836 614 nostri
866 540 1111 615 transtulerunt.
1144 541 1272 641 aitque

189 672 367 731 ‘oratorum
396 644 532 745 quidem
557 642 630 716 laus
657 643 721 731 ita,
748 643 846 717 dareta
876 644 919 717 ab
950 642 1088 731 humili,
1114 643 1209 717 venit
1235 643 1273 717 ad

198 776 383 836 summum,
407 763 444 821 ut
466 746 551 833 iam,
577 745 669 845 quod
694 761 811 818 natura
833 745 897 820 fert
911 746 947 817 in
963 745 1119 819 omnibus
1138 745 1212 820 fere
1226 774 1272 819 re-

197 857 281 941 bus,
306 865 472 937 senescat,
497 848 656 948 brevique
679 865 828 948 tempore
852 847 896 921 ad
918 846 1059 921 nihilum
1074 863 1217 921 ventura
1231 849 1273 921 ri·

190 956 332 1030 deatur:
360 950 575 1052 philosophia
600 967 756 1024 nascatur
781 951 910 1023 Latinis
937 949 1072 1050 quidem
1097 948 1222 1024 litteris
1239 978 1272 1024 er

198 1058 253 1130 his
277 1052 504 1157 temporibus,
530 1080 667 1152 eamque
693 1080 756 1125 nos
784 1052 1007 1140 adiuvemus}
1021 1079 1154 1151 nosque
1185 1052 1272 1154 ipsos

198 1158 353 1255 redargui
368 1154 537 1255 refellique
550 1155 723 1255 patiamur.
741 1154 840 1254 qnod
854 1155 879 1226 ii
892 1154 1003 1227 ferunt
1017 1153 1133 1227 animo'
1149 1154 1273 1255 iniquo,

247 1260 259 1331 i
287 1260 384 1333 certis
408 1258 606 1358 quibusdam
632 1256 870 1356 destinatisque
897 1255 1068 1330 sententiis
1092 1256 1194 1355 quasi
1219 1256 1273 1330 od-

200 1289 281 1436 dicti
304 1378 335 1435 et
356 1361 539 1435 consecrati
555 1376 650 1447 sunt,
676 1388 779 1459 eaque
801 1359 997 1433 necessitate
1021 1358 1217 1447 constricti,
1239 1374 1271 1430 ut

200 1465 317 1552 etiam,
343 1491 434 1563 quae.
452 1490 522 1536 non
545 1463 687 1562 probare
712 1461 857 1547 soleant,
883 1489 921 1555 ea
943 1476 1103 1558 cogantur
1119 1477 1272 1535 constan-

200 1566 265 1640 tiae
281 1593 397 1639 caussa
412 1563 606 1637 defendere:
632 1591 706 1650 nos,
732 1563 790 1662 qui
806 1564 975 1663 sequimur
987 1561 1192 1663 probabilia,
1217 1591 1271 1637 nec

200 1668 287 1741 ultra
312 1676 440 1767 qnam⁷
468 1664 523 1752 id,
595 1665 640 1738 od
664 1664 734 1739 veri
756 1664 864 1738 simile
893 1665 1089 1753 occurrerit,
1113 1664 1272 1765 progredi

200 1771 397 1871 possumus,
422 1784 454 1840 et
473 1692 624 1841 refelldre
641 1767 712 1841 sine
728 1767 927 1868 pertinacia,
953 1785 984 1841 et
998 1766 1103 1841 reselli
1122 1767 1273 1855 sincira-

201 1870 321 1945 cundia
337 1869 444 1970 parati
460 1896 583 1942 sumus.

304 1982 336 2051 6.
362 1963 496 2068 Quodsi
526 1970 607 2044 haec
630 1969 743 2044 studia
767 1970 917 2044 traducta
943 1987 1038 2044 erunt
1067 1970 1273 2057 adnostros,

203 2103 245 2148 nc
262 2073 475 2147 bibliothecis
491 2073 626 2171 quidem
636 2071 772 2146 Graecis
787 2073 974 2171 egebimus3
999 2073 1035 2145 in
1051 2071 1179 2171 quibus
1194 2071 1273 2147 mirl-

203 2176 311 2248 titudo
333 2174 463 2247 infinita
485 2174 646 2248 librorum
669 2192 806 2275 propter
822 2204 937 2249 eornm
952 2192 1000 2248 est
1019 2174 1273 2260 multitudinem,

203 2277 261 2377 qui
283 2277 504 2377 scripserunt:
530 2277 644 2351 eadem
660 2277 756 2351 cuim
784 2277 941 2351 dicuntur
961 2275 1126 2365 amultis;
1155 2306 1196 2351 ex
1211 2305 1271 2376 qno

268 2485 285 2540 7
300 2480 386 2532 siclt.
401 2481 426 2531 b.
441 2480 504 2531 Edd.
520 2491 580 2532 ante
594 2481 631 2533 M.
646 2488 672 2529 et
680 2479 710 2530 D.
729 2509 762 2518 —
791 2479 873 2532 Gebh.
891 2481 964 2532 ultra
979 2481 1009 2532 id
1025 2497 1103 2551 quam
1118 2442 1199 2550 quoii.
1216 2482 1270 2532 Ern

204 2567 226 2599 c.
243 2549 302 2599 ML.
321 2547 392 2600 omis.
411 2565 497 2616 quam.
908 2562 911 2569 ·

204 2680 291 2733 dibus.
328 2682 368 2731 Dc
383 2697 411 2731 re
425 2680 481 2748 ipsa
503 2680 536 2731 cf.
551 2696 598 2732 nos
613 2680 640 2731 in
655 2680 719 2732 libro
754 2682 805 2733 iam
818 2693 946 2744 senescat,
970 2681 1091 2748 brevique
1103 2691 1226 2751 tempore
1243 2681 1271 2733 ed

203 2748 274 2800 dicto
290 2765 318 2816 p.
333 2749 377 2806 41.
754 2749 861 2799 nihilum
890 2758 996 2800 ventura
1019 2749 1150 2800 videatur:
1187 2760 1270 2802 contm

253 2816 383 2880 senescat)
400 2814 502 2864 Nomen
516 2816 672 2866 senescendi
681 2815 723 2865 vel
755 2817 804 2879 lit,
827 2827 857 2866 ut
870 2817 960 2868 eodem
981 2827 1096 2884 tempore
1110 2817 1270 2886 philosophia

203 2881 407 2933 consenescendi
429 2882 540 2948 eleganti
574 2883 722 2950 metaphora
754 2888 950 2934 nascaturcet.“
984 2887 1069 2946 Quare
1082 2884 1171 2935 locum
1187 2885 1270 2935 siceli-

204 2950 297 3000 dicitur
314 2948 347 2998 dc
361 2948 452 3011 rebus,
478 2966 542 3016 quae
563 2950 633 3017 prius
652 2966 722 3002 sum-
754 2952 1041 3017 stingucndumccnset:
1059 2951 1200 3015 oideawr,
1208 2953 1269 3032 plai-

204 3033 246 3067 mo
268 3015 354 3065 studio
377 3015 409 3066 ab
430 3015 571 3067 hominibus
592 3018 677 3068 cultae
695 3027 722 3069 ot
755 3019 877 3088 Iosophe'a
902 3030 1029 3069 nascatur
1051 3019 1150 3070 latinis
1170 3020 1270 3089 quadem

204 3082 335 3150 perfectae
348 3099 449 3133 ornnem
460 3084 512 3134 rim
521 3095 596 3152 atque
609 3086 720 3151 vigorem
755 3087 855 3137 litteris
868 3106 901 3137 ee
915 3087 959 3136 leis
972 3084 1132 3165 temporibus
1139 3105 1151 3145 ,·
1167 3105 1271 3167 eamque

204 3149 331 3200 emiuunt.
367 3149 453 3200 Sicde
467 3154 537 3202 Orat.
553 3154 585 3202 11.
600 3157 633 3216 2,
649 3157 675 3211 7.
692 3161 721 3202 ut
754 3170 802 3204 nos
816 3162 867 3205 cet.
901 3157 935 3205 et
948 3153 1270 3219 hacdrstingnendiretro-

204 3216 305 3267 landem
317 3232 412 3281 eorum,
429 3217 479 3291 iarn
491 3235 574 3288 prope
585 3236 721 3270 senescen-
753 3238 786 3272 ne
800 3220 881 3272 omnis
902 3220 1043 3272 sententiae
1063 3220 1101 3271 vis
1118 3232 1202 3290 atque
1216 3221 1271 3274 effi-

205 3293 273 3346 tem,
291 3294 414 3351 qnantum
429 3303 477 3352 ego
491 3302 607 3353 possem,
624 3287 656 3337 ab
671 3287 721 3337 ob-
754 3288 823 3339 cacia
835 3287 894 3339 tolli
911 3288 1019 3339 ridetur.

204 3350 300 3403 livione
320 3350 450 3404 honiinum
477 3363 553 3421 atque
577 3372 592 3405 a
618 3353 719 3405 silentio
803 3372 852 3405 nos
873 3357 884 3404 i
903 3372 947 3405 sos
969 3355 1101 3426 redargui
1123 3383 1158 3396 —
1180 3356 1271 3428 parati

203 3417 365 3470 vindicarem.
417 3421 456 3470 ef.
481 3421 565 3471 Bremi
586 3420 622 3472 ad
644 3423 720 3474 Corn.
752 3423 850 3488 sumta)
894 3440 980 3490 .quac
994 3422 1213 3476 dchaademicae
1226 3425 1270 3475 du·

203 3488 270 3555 Nep.
285 3487 367 3539 alcib.
383 3487 421 3551 V,
439 3492 465 3545 3·
481 3505 508 3556 p·
526 3493 585 3547 111.
752 3489 885 3545 bitationis
902 3508 976 3557 qnam
989 3500 1109 3558 sequutus
1128 3490 1173 3542 est'
1185 3493 1269 3544 cisso

231 3553 719 3672 ἴνιᾳψῑιιιῖξινῐ)ωῐιιᾶὶὶιοοἱειιῐίίιιιιοιτὶνοἰιι-
749 3558 857 3676 Eetionq
876 3558 1034 3682 expppuimps
1053 3557 1081 3608 in
1109 3558 1179 3610 libro
1197 3559 1225 3611 d.
1242 3558 1269 3609 de

204 3638 295 3672 esvu
358 3639 433 3673 on
485 3639 692 3674 usrzszema
772 3643 805 3675 rc.
859 3658 907 3674 ..

204 3688 245 3738 eia
258 3690 312 3739 soll
318 3706 373 3739 nun
382 3659 527 3740 susciten.
543 3690 671 3741 Bentleiris
678 3642 720 3740 leg·Z
785 3642 951 3742 coriatariu'ae
959 3631 1068 3759 caiassa)
1082 3693 1202 3748 Nomina
1211 3711 1268 3747 aon·

204 3755 313 3821 gendum
327 3765 415 3807 censet
428 3759 564 3808 nascitur:
581 3757 720 3825 quodmihi
752 3760 870 3821 stantia,
887 3772 1024 3822 constare,
1040 3758 1200 3813 constanter
1210 3779 1268 3832 pro·

205 3838 352 3890 essequam
365 3822 512 3889 languidum
523 3823 629 3875 videtur.
661 3826 719 3876 Ne·
751 3827 807 3894 pn'c
826 3827 944 3877 dicuntur
961 3827 993 3877 dc
1007 3826 1180 3896 philosophie,
1198 3845 1268 3899 quun

203 3906 253 3957 quc
268 3907 329 3940 vero
346 3888 504 3970 probandam
516 3900 577 3959 pato
594 3892 719 3944 rationem
751 3894 815 3944 nihil
828 3894 980 3958 decernitur,
994 3894 1064 3973 quod
1075 3895 1153 3952 alteri
1165 3897 1266 3950 decreto

204 3955 300 4020 Orellir’,
334 3975 360 4008 ur
373 3969 501 4008 naecaaer
514 3975 562 4027 pro
580 3976 641 4011 vero
655 3960 718 4010 sub-
751 3979 796 4012 eno
818 3979 871 4012 non
893 3971 1050 4026 consentiat,
1080 3979 1159 4030 quum
1188 3964 1266 4017 omnis

201 4023 314 4075 iunctivo
348 4024 423 4089 abet,
440 4025 483 4092 qui
506 4043 551 4094 per
566 4023 719 4081 drandloa·
750 4028 854 4079 interae
867 4038 927 4079 sunt
940 4038 1036 4097 aptast
1050 4046 1187 4082 connexas
1204 4029 1266 4101 quod

201 4093 260 4163 &aa
266 4093 383 4173 pendeat
397 4110 413 4143 a
424 4093 592 4162 praecedente
608 4106 637 4144 ur
653 4096 716 4161 iam,
750 4110 798 4147 nos
819 4096 937 4148 dicimus:
961 4100 1050 4148 Konse
1066 4114 1152 4161 uene,
1173 4101 1265 4151 kame-

199 4177 274 4279 quast
285 4160 323 4212 sic
337 4160 385 4212 sit:
400 4166 503 4230 „Atque
517 4170 645 4213 oratorum
658 4162 718 4230 qni-
750 4176 839 4233 quent.
871 4164 904 4215 V.
918 4164 1050 4216 ErnestiG
1077 4181 1101 4215 r.
1118 4166 1263 4221 (liccam.

218 4246 258 4281 em
276 4228 334 4283 lane
346 4229 385 4283 ita
399 4228 469 4284 veuit
482 4229 515 4284 sd
531 4245 670 4294 summum,
687 4239 717 4282 nt
749 4230 902 4284 comtantia.
