2640 4626
536 203 664 256 LIBER
680 205 723 255 111.
742 206 783 263 18.
1128 197 1191 265 225

118 352 243 400 norum
268 321 400 422 copiam
426 321 566 395 dicunt?
591 320 644 396 fac
671 349 749 394 sane
774 347 846 417 esse
867 349 1033 396 summum
1066 323 1192 400 bonum

119 455 191 503 non
225 423 353 512 dolere3
380 451 580 523 quamquam
612 423 650 495 id
685 451 752 496 non
774 440 910 496 vocatur
938 423 1108 525 voluptas;
1134 430 1194 502 sed

119 546 193 605 nen
218 522 354 602 necesse
379 543 429 599 est
451 555 539 599 nunc
561 527 689 600 omnia:
715 524 795 599 idne
813 542 878 615 est,
904 554 970 627 quo
988 529 1131 619 traducti
1144 529 1195 604 lu-

122 634 214 708 ctum
241 629 409 704 levemus?
433 629 476 702 sit
500 656 579 701 sane
606 656 771 701 summum
796 627 919 702 malum
946 627 1075 705 dolere:
1101 631 1137 704 in
1155 661 1195 706 eo

122 733 228 834 igitur
263 731 321 832 qui
352 747 508 819 nonest,
534 731 563 803 si
590 729 677 813 malo
701 746 826 819 careat,
852 731 1053 805 continuone
1075 733 1197 808 fruitur

124 834 402 927 summobono?
451 838 510 912 41.
536 832 630 932 Quid
647 833 917 930 tergiversamur,
942 833 1109 934 Epicure?
1133 865 1196 911 nec

123 938 270 1013 fatemur
302 964 374 1010 eam
406 962 469 1009 nos
502 934 612 1008 dicere
644 930 880 1034 voluptatem,
897 955 996 1036 quant
1028 943 1064 1009 tu
1096 937 1196 1029 idem,

124 1068 231 1143 quum
252 1065 290 1111 os
308 1036 528 1138 perfricuisti,
554 1036 640 1109 soles
659 1035 795 1110 dicere?
1118 1104 1120 1108 .

229 1141 315 1213 Sient
343 1140 425 1213 haec
448 1155 504 1211 tua
529 1139 647 1225 verba,
672 1141 803 1213 necne?
827 1137 863 1210 in
891 1166 929 1212 eo
947 1139 1081 1239 quidem
1094 1141 1198 1239 libro,

126 1243 187 1345 qui
220 1241 367 1316 continet
399 1269 530 1314 omnem
563 1239 774 1341 disciplinam
799 1258 907 1327 tuam
942 1241 1077 1340 (fungar
1110 1245 1199 1320 enim

126 1347 195 1420 iam
221 1343 410 1445 interpretis
435 1371 586 1430 munere,
611 1371 653 1416 ne
670 1343 743 1449 quis
758 1371 811 1416 me
825 1358 918 1442 putet
931 1342 1055 1442 fingere
1064 1354 1087 1440 ;)
1113 1348 1198 1422 dicis

127 1449 232 1543 haece:¹
253 1447 343 1534 „Nec
368 1445 521 1546 equidem
546 1445 671 1534 habeo,
687 1445 788 1545 .qu0d
814 1444 994 1544 intelligam
1019 1447 1146 1522 bonum
1161 1450 1197 1523 il·

127 1549 207 1637 lu‘d,
233 1549 409 1622 detrahens
445 1576 500 1621 cas
523 1547 729 1648 voluptates,
755 1575 838 1647 quae
867 1550 986 1647 sapoie
1008 1550 1201 1651 percipiun·
1247 1634 1251 1639 ,

128 1668 202 1741 tur;
222 1651 404 1725 ‘detrahens
429 1678 502 1739 eas,
527 1648 611 1750 q'uae
635 1650 749 1723 auditu
772 1667 803 1723 et
828 1650 999 1740 cantibus;
1024 1651 1200 1727 detrahens
1294 1707 1312 1746 μ

129 1783 187 1830 eas
220 1753 338 1841 etiam,
362 1764 449 1853 ¹quae
483 1781 522 1831 er
540 1751 661 1830 ,formis
685 1751 915 1852 percipiuntur
941 1752 1065 1842 oculis,
1090 1748 1201 1830 suavis

128 1855 315 1944 motiones,
341 1855 409 1929 sive
437 1850 618 1953 quae'aliae
642 1853 825 1954 voluptates
850 1854 887 1927 in
903 1872 973 1928 toto
997 1855 1133 1931 homine
1151 1858 1202 1958 gi-

129 1962 279 2058 gnuntur
300 1956 449 2057 quolibet
468 1985 575 2030 sensu.
602 1984 663 2030 nec
681 1985 758 2049 veru
782 1957 827 2030 ita
845 1956 911 2030 dici
927 1965 1055 2056 potest,
1081 1960 1201 2034 mentis

130 2061 291 2153 laetitiam
309 2059 413 2137 solam
429 2087 500 2132 esse
518 2059 554 2132 in
570 2056 679 2132 bonis.
703 2058 877 2132 laetantem
891 2057 979 2151 euim
997 2077 1139 2133 mentem
1157 2062 1203 2135 ita

131 2162 223 2250 novi,
234 2188 300 2261 ¹spe
316 2190 430 2249 eorum
451 2160 610 2254 omnium,
628 2153 711 2260 quae
725 2182 825 2259 supra
842 2158 922 2246 dixi,
946 2159 1019 2233 sore
1036 2177 1073 2233 ut
1086 2158 1203 2237 natura
1283 2212 1286 2218 ·

131 2265 177 2339 iis
198 2264 332 2364 potiens
358 2263 472 2339 dolore
495 2277 631 2336 eareat.“
681 2267 739 2342 42.
763 2252 873 2361 Atque
897 2261 979 2335 haec
1001 2263 1136 2363 quidem
1150 2266 1203 2339 his

133 2366 264 2456 verbis;
291 2365 398 2465 quivis
424 2382 461 2437 ut
480 2364 656 2462 intelligat,
682 2392 781 2463 quam
803 2364 1003 2463 voluptatem
1019 2367 1108 2439 norit
1122 2369 1205 2468 Epi·
1308 2454 1311 2465 ¹

134 2496 244 2544 curus.
293 2467 425 2542 Deinde
460 2465 582 2573 paullo·
604 2465 711 2554 infra,
736 2465 864 2567 „Saepe
897 2466 1061 2565 quaesivi,
1086 2469 1204 2568 iuquit,

135 2600 176 2645 ex
192 2570 245 2658 iis,
271 2570 329 2669 qui
345 2566 596 2671 appellabantur
612 2568 789 2668 sapientes,
814 2567 896 2666 quid
912 2567 1088 2659 haberent,
1114 2573 1205 2670 quod

187 2791 214 2840 si
237 2789 307 2840 malo
328 2791 428 2855 cureat)
453 2789 486 2838 H.
503 2806 525 2838 e.
548 2788 570 2838 si
588 2788 655 2840 malo
740 2788 769 2838 in
778 2805 808 2838 eo
819 2788 924 2859 quidem
933 2787 1009 2855 libro)
1024 2787 1093 2855 Περὶ
1102 2788 1206 2859 τέλους,

134 2866 226 2916 vacet-5
244 2866 271 2907 at
286 2874 310 2906 v.
324 2856 456 2908 Adnotata
469 2855 496 2905 in
510 2857 530 2905 1.
548 2860 597 2920 36,
613 2860 656 2916 88.
690 2855 715 2906 h.
731 2873 753 2906 e.
775 2855 807 2906 de
828 2855 919 2907 finibus
936 2856 1060 2906 bonorum
1076 2866 1103 2908 et
1122 2858 1207 2911 melo·

134 2925 180 2976 sio
193 2940 254 2976 mox
270 2926 293 2992 §.
308 2924 350 2982 41.
368 2924 458 2973 dolore
473 2941 573 2974 carere.
690 2941 753 2974 rum.
768 2925 853 2974 Laert.
866 2922 902 2973 X.
918 2926 941 2992 §.
955 2928 979 2982 6.
1000 2921 1044 2977 Οὐ
1056 2923 1109 2993 ydp

188 2991 231 3049 41.
256 2990 327 3054 Quid
342 3002 383 3040 ter
403 2992 559 3057 iversamur)
585 2992 619 3040 H.
635 3007 657 3039 e.
692 2989 742 3042 ἕω
757 2992 785 3043 τί
801 2989 892 3056 νοήσω
907 2988 1051 3054 τάγαθὸν.
1077 2989 1208 3060 daurom

138 3058 211 3122 Quid
228 3057 371 3109 dubitemus
383 3010 478 3121 lateri,
496 3075 543 3108 nos
558 3056 659 3107 intelli·
691 3009 741 3124 plv
757 3058 808 3118 τὰς
822 3055 869 3109 διὰ
881 3057 1107 3135 pinendenam,
1124 3060 1208 3129 α’φαι·

137 3143 200 3195 gere
216 3125 375 3194 voluptutem
391 3126 486 3175 nullam
502 3125 594 3186 aliam,
610 3123 659 3174 nisi
692 3125 749 3190 ecia
773 3122 803 3177 dl
828 3122 941 3186 τὰς-’δι’
966 3123 1140 3194 ἀφροδισίων
1161 3128 1209 3182 uel

138 3210 217 3262 quam
233 3193 346 3244 sensibus
359 3193 524 3260 percipimus:
542 3208 618 3260 quem
631 3201 660 3242 tu
690 3191 744 3252 ,τὰς
765 3190 801 3244 δι’
821 3189 1007 3258 ἀκροαμάτων
1022 3193 1070 3247 καὶ
1089 3196 1141 3256 τὰς
1161 3195 1210 3248 tat

136 3263 223 3323 idem,
250 3260 319 3312 omni
337 3259 437 3310 abiecto
454 3260 567 3328 pudore,
593 3259 661 3309 soles
693 3261 814 3326 μορφῆς.
857 3259 970 3310 Eandem
990 3263 1142 3312 seutentiam
1162 3263 1210 3313 iia-

137 3327 245 3381 dicere?
279 3328 468 3399 Tergiversari
497 3336 536 3376 est
567 3325 661 3391 effugia
694 3326 752 3376 dem
774 3327 827 3376 fere
848 3326 934 3376 verbis
961 3328 1050 3377 retulit
1067 3330 1210 3380 Athenaeus

138 3403 262 3465 quaerere
295 3394 435 3464 (στροφὰς
467 3393 659 3461 στρέφεσθαι).
693 3395 749 3444 VII.
777 3411 802 3460 p.
826 3398 885 3452 208.
910 3398 968 3451 278.
1008 3396 1068 3444 XII.
1101 3415 1127 3462 p.
1151 3398 1209 3456 546.

138 3467 247 3517 Gesner.
268 3463 296 3512 in
311 3463 388 3513 Thes.
405 3463 464 3512 Lat.
486 3458 661 3528 metaphoram
695 3460 741 3511 Cf:
751 3460 862 3511 Tullium
878 3459 911 3509 de
925 3460 982 3511 Fin.
997 3463 1030 3511 ΙΙ.
1045 3465 1078 3524 3,
1096 3466 1120 3520 7.

138 3532 246 3583 ductam
259 3539 335 3598 putat
346 3529 379 3580 ab
392 3529 436 3591 iis,
455 3528 499 3596 qui
511 3537 585 3593 terga
599 3544 661 3576 ver-
808 3564 811 3572 ,
949 3576 955 3587 ,

139 3608 226 3650 tentes
247 3597 330 3647 adhuc
352 3607 437 3647 tamen
457 3604 587 3664 pugnant,
612 3610 662 3645 nec
745 3595 812 3646 qm
827 3573 1041 3662 ⁶³³s⁰⁷1²¹l⁸0}⁶·l
1067 3578 1214 3668 Allfflenafflff
1283 3634 1287 3647 .

138 3683 168 3719 se
190 3664 276 3715 victos
300 3664 375 3714 fateri
398 3664 496 3716 volunt.
526 3662 608 3713 Beier.
630 3659 664 3711 ad
697 3645 754 3730 ΥΠ·
770 3664 795 3712 Ρ·
810 3648 871 3702 2⁰8·
896 3644 1013 3729 mistim(
1026 3663 1139 3715 μορφῆς
1152 3666 1206 3701 m

139 3733 216 3786 Offic.
232 3734 277 3782 ΙΙΙ.
292 3735 341 3795 33,
360 3734 459 3798 nep·
473 3732 531 3789 410·
549 3747 605 3780 eam
619 3745 665 3779 re·
699 3719 768 3779 οψιν
781 3709 878 3778 ἡδείας
894 3726 1022 3778 κινησεις.

139 3798 281 3872 petendam
299 3798 385 3866 potius
398 3808 484 3849 censet
497 3799 528 3848 ab
541 3797 586 3860 iis,
604 3794 666 3863 „qui

138 3867 254 3919 subinde
289 3878 369 3936 terga
393 3866 460 3916 dant
485 3877 549 3916 ante
571 3863 668 3926 tubam,

140 3952 286 4014 metueres,
320 3934 457 4013 galeatum
488 3950 547 3984 cero
579 3931 663 3982 duelli

137 4016 292 4124 nnec
308 4009 666 4144 reseruntur

750 3829 791 3880 ita
804 3827 881 3895 novi)
898 3827 967 3880 Nori
981 3838 1092 3882 mentem
1106 3832 1144 3884 ita
1157 3833 1215 3885 lae-

700 3906 798 3948 tantem
821 3913 889 3958 esse,
921 3905 951 3947 ut
972 3907 1071 3967 speret,
1103 3899 1216 3952 futurum

698 3981 766 4026 esse,
794 3973 822 4013 ut
844 3975 935 4015 nature
959 3965 990 4015 iis
1014 3967 1128 4023 omm’bus
1151 3985 1216 4035 quae

698 4048 774 4099 supra
790 4030 844 4082 dixi
858 4031 960 4100 potiens
976 4033 1066 4084 dolore
1083 4045 1174 4087 careat.

142 4157 171 4190 ee
192 4138 281 4209 palam
299 4136 375 4188 fateri
396 4135 566 4201 adversarios,
589 4132 666 4204 idque
749 4131 793 4190 42.
807 4133 899 4212 puivie
910 4145 939 4184 ut
952 4134 1103 4205 intelligat)
1120 4136 1150 4188 V.
1161 4135 1216 4186 Ad·
1309 4192 1312 4201 1

145 4207 247 4259 evitare
263 4203 398 4274 cupiunt.“
467 4232 485 4243 ·-
700 4209 832 4255 notatam
848 4201 985 4265 II.4,12.

976 4273 1023 4339 l's
