2640 4626
79 178 82 185 ’
129 193 193 262 250
377 204 659 257 ruscunauaauu
676 203 956 257 ursrurariouuu

131 323 280 397 omnium
303 322 502 407 marimum,
527 338 580 406 ut,
606 349 645 394 eo
663 319 814 407 sublato,
839 320 1044 423 reliquorum
1059 322 1206 397 remedia

128 453 171 499 nc
188 453 391 525 magnopere
406 424 594 523 quaerenda
610 423 845 497 arbitraremur
858 429 887 496 θ.

231 529 389 601 XXXIV.
441 526 527 601 Sunt
560 526 647 599 enim
683 543 787 613 certa,
815 555 899 625 quae
933 527 975 601 de
998 542 1205 627 paupertate,

133 646 238 717 certa,
264 658 348 728 quae
372 629 413 703 de
437 631 504 703 vita
530 628 728 701 inhonorata
753 645 785 702 ct
809 628 951 726 ingloria
975 629 1043 703 dici
1060 629 1204 704 soleant:

130 733 307 831 separatim
334 749 440 806 certae
465 730 598 805 scholae
622 747 699 803 sunt
718 731 759 804 de
777 731 910 819 exsilio,
936 725 977 806 de
994 731 1134 807 interitu
1147 760 1204 832 pa·

128 835 228 922 triae,
254 835 296 910 de
322 835 492 922 servitute,
519 836 560 907 de
577 832 763 922 debilitate,
789 834 831 907 de
848 834 1022 922 caecitate,
1049 835 1091 908 de
1112 835 1202 911 omni

129 948 260 1026 casu9,
285 937 320 1010 in
337 966 404 1039 qno
420 966 542 1010 nornen
556 936 638 1037 poni
655 936 737 1010 solet
755 935 957 1010 calamitatis.
983 936 1065 1010 haec
1083 936 1221 1011 Graeci

129 1041 165 1113 iu
176 1039 323 1138 singulas
341 1040 471 1114 scholas
487 1056 520 1114 et
535 1040 570 1111 in
586 1038 734 1137 singulos
751 1039 856 1112 libros
872 1039 1092 1139 dispertiunt:
1120 1068 1204 1141 opus

130 1143 218 1215 enim
253 1159 433 1242 quaerunt:
468 1171 668 1241 quamquam
700 1140 817 1241 plenae
850 1141 1093 1241 disputationes
1129 1158 1204 1216 sunt

129 1244 355 1318 delectationis
368 1256 395 1318 ¹.
445 1252 503 1325 82.
528 1246 570 1317 Et
600 1261 728 1331 tamen,
753 1261 789 1316 ut
806 1244 949 1332 medici,
970 1261 1042 1317 toto
1062 1272 1203 1345 corpore

129 1347 296 1436 curando,
321 1347 478 1420 minimae
504 1347 602 1421 etiam
622 1346 726 1446 parti,
752 1347 781 1419 si
798 1345 986 1435 condoluit,
1011 1347 1204 1420 medentur:

130 1450 178 1524 sic
204 1449 437 1551 philosophia,
464 1478 564 1548 quum
589 1450 774 1522 universam
801 1449 1041 1547 aegritudinem
1061 1449 1205 1537 sustulit,

129 1569 256 1642 tamen,
281 1553 408 1652 siquis
437 1580 529 1625 error
551 1551 684 1626 aliunde
709 1551 850 1637 exstitit,
875 1551 905 1625 si
927 1568 1108 1652 paupertas
1134 1582 1204 1626 mo-

127 1656 269 1741 mordit,
295 1653 323 1727 si
346 1653 528 1752 ignominia
555 1654 714 1754 pupugit,
740 1653 769 1726 si
788 1654 870 1752 quid
887 1654 1099 1728 tenebrarum
1119 1653 1206 1727 ollu-

129 1757 179 1830 dit
204 1755 375 1843 exsilium,
401 1773 456 1828 aut
470 1784 600 1843 eorum,
626 1784 710 1855 quae
726 1756 828 1830 modo
845 1756 933 1845 dixi,
958 1756 988 1830 si
1006 1756 1091 1856 quid
1107 1755 1203 1831 exsti-

128 1859 185 1948 tit,
211 1859 265 1960 [et
298 1858 381 1961 si2]
409 1856 612 1957 singularum
639 1887 749 1933 rerum
774 1875 852 1932 sunt
872 1859 1028 1959 propriae
1051 1858 1204 1934 consola-

193 2030 259 2088 cn.
278 2047 292 2080 e
312 2028 393 2080 anan
409 1994 680 2091 coaafarsnremur,
699 2045 746 2079 nes
770 2027 847 2079 aner
863 2028 909 2079 w.
927 2026 954 2078 a.
970 2027 1017 2079 aa.
1035 2031 1055 2079 1.
1074 2027 1154 2079 nae.
1172 2029 1202 2080 v.

127 2096 194 2148 Adn.
210 2097 237 2148 in
262 2099 282 2149 1.
301 2099 335 2156 4,
351 2102 376 2156 7.
410 2098 476 2155 9V.
493 2096 559 2148 Ado.
595 2097 669 2154 18io
687 2096 743 2146 Col.
760 2095 899 2147 Fabricios.
916 2122 951 2135 -
966 2098 1041 2148 Βοτη.
1058 2114 1104 2165 qu.
1118 2096 1160 2166 pi.
1177 2096 1202 2146 d.

128 2165 221 2215 deleat.
234 2176 305 2215 sunt.
322 2167 355 2214 Et
372 2165 474 2215 sicErn.
487 2162 735 2215 c.aliisdcTurnebi
751 2162 888 2214 sententia.
906 2191 940 2202 -
958 2164 1044 2231 Vulgo
1060 2182 1104 2234 qu.
1121 2165 1203 2234 plana

127 2232 319 2302 disputationis
332 2243 409 2294 sunt,
427 2232 620 2282 delectationis.
653 2237 671 2290 2
688 2232 719 2281 V.
738 2230 804 2280 ndu.

178 2337 220 2392 81.
250 2351 330 2383 unum
354 2333 468 2383 omnium
493 2334 646 2394 niaximum)
679 2349 738 2382 xus:
756 2329 905 2398 Philosophi
919 2331 1030 2398 singulas
1045 2331 1200 2400 disputatio·

129 2403 160 2452 V.
179 2401 309 2452 Adnotatu
330 2401 357 2451 in
377 2403 409 2452 Il.
424 2405 473 2463 26,
489 2402 533 2459 64.
568 2402 646 2451 Cete-
679 2416 725 2450 nes
738 2399 771 2448 de
784 2399 889 2466 singulis
901 2398 1098 2463 calamitatibus,
1117 2402 1201 2467 equi-

127 2487 182 2520 rum
197 2487 249 2519 non
262 2469 344 2537 solum
358 2469 390 2518 de
405 2469 520 2518 universa
533 2468 647 2548 aegritu·
680 2467 726 2517 bus
749 2466 883 2533 aegritudo
900 2476 1060 2529 nasceretur,
1087 2467 1199 2518 conscri-

127 2535 187 2587 dine
200 2536 331 2605 exposuit,
349 2534 394 2586 sed
409 2535 485 2586 etiam
500 2534 647 2602 gravissima
680 2544 792 2601 pserunt.
838 2533 923 2584 facile
949 2535 1051 2602 quidem
1079 2533 1200 2586 eiusmodi

128 2616 155 2655 ct
168 2604 341 2655 ¹acerbissima
365 2602 529 2670 aegritudinis
540 2620 647 2670 ‚genera
680 2600 892 2669 disputationibus
904 2621 923 2652 s.
935 2602 1030 2654 scholis
1042 2620 1132 2653 carere
1140 2620 1200 2670 pos-

126 2683 290 2740 persequutus
308 2682 360 2722 est:
378 2670 467 2738 quibus
483 2682 647 2738 opponuntur
681 2686 778 2728 sumus3
813 2686 871 2719 nam
895 2670 918 2719 si
942 2670 996 2738 quis
1022 2670 1054 2719 de
1087 2670 1200 2720 universa

128 2757 173 2802 ea,
192 2756 256 2807 quae
272 2757 299 2789 se
318 2749 423 2798 uantur,
441 2747 471 2787 ut
485 2737 595 2799 leviora,
614 2737 646 2788 dc
680 2735 839 2802 aegritudine
850 2737 953 2804 eiusque
965 2754 1059 2804 genere
1073 2756 1114 2801 eo,
1133 2737 1200 2805 qnod

126 2817 285 2876 paupertate,
300 2758 334 2856 le
347 2807 401 2855 rita
414 2804 567 2856 inhonorata
582 2815 644 2856 cett.
679 2821 759 2855 unum
774 2814 814 2854 est
829 2804 940 2871 omnium
955 2805 1108 2868 maximum,
1132 2817 1200 2855 recte

177 2877 236 2924 Car.
256 2875 382 2924 XXXIV.
400 2873 515 2941 scholae)
540 2874 571 2924 V.
590 2872 646 2923 sd·
681 2871 787 2923 edoctus
802 2872 893 2932 fuerit,
918 2872 1075 2940 reliquorum
1090 2872 1200 2923 remedia

127 2941 257 2994 notatain
272 2942 291 2990 1.
304 2942 331 3003 4,
344 2945 371 3000 8.
650 2956 653 2961 ’
680 2956 732 2990 non
750 2957 903 3007 magnopere
921 2946 1033 3057 quaeret.
1069 2942 1200 3001 Attamen,

178 3010 212 3058 de
234 3010 304 3058 omni
327 3007 400 3074 casa)
426 3007 468 3058 Sic
492 3006 607 3058 Davisius
632 3025 646 3058 e
680 3017 709 3056 ut
725 3007 818 3056 medici
832 3035 865 3044 —
880 3023 920 3056 me
940 3011 1029 3071 entur,
1055 3007 1094 3058 sic
1132 3007 1201 3058 hilo-

146 3076 219 3127 lurib.
238 3075 319 3125 Godd.
333 3075 529 3126 Ernestiuscum
544 3076 648 3141 vulgata
680 3074 770 3141 sophia
795 3092 847 3124 non
871 3074 1008 3141 acquiescit
1031 3074 1060 3125 in
1087 3027 1202 3126 tollenda

127 3097 191 3210 legit
204 3155 239 3193 -et
255 3143 289 3193 de
304 3145 375 3193 omni
391 3161 472 3193 casu:
498 3143 566 3210 quod
582 3160 647 3209 pro·
681 3142 795 3192 universa
820 3142 991 3207 aegritudine,
1018 3138 1223 3210 subiugum-¹

126 3213 171 3262 bat
186 3209 312 3261 Goerenz.
325 3211 358 3261 ad
368 3210 486 3261 hosdem.
502 3212 533 3260 ll.
548 3215 590 3272 27,
604 3215 645 3267 86.
679 3226 735 3259 ram
760 3208 931 3259 calamitatum
960 3206 1112 3278 suppeditat
1140 3229 1202 3279 pro-

127 3298 153 3347 p.
168 3283 226 3337 158.
244 3295 363 3341 monens,
380 3277 517 3346 particulas
533 3290 560 3327 et
573 3287 600 3326 et
615 3295 648 3326 aa
679 3277 748 3345 priaa
767 3276 963 3328 consolationes.

126 3364 202 3415 saepe
220 3345 357 3412 colligendi
373 3357 400 3396 et
416 3344 646 3414 comprehendendi
729 3345 770 3394 sic
781 3344 964 3432 philosophia)
981 3348 1117 3397 structura
1130 3346 1202 3396 huius

127 3414 178 3464 vim
193 3415 295 3464 habere.
322 3414 399 3465 scau.
418 3414 646 3480 laqueatam·
679 3408 730 3462 loci
746 3422 785 3461 est
799 3408 1010 3475 insectandam·
1034 3414 1120 3464 oratio
1137 3413 1201 3463 enim

128 3483 208 3534 titicio
233 3491 300 3532 esset
321 3500 408 3533 sensus
431 3492 548 3543 nostros,
571 3498 646 3531 men·
679 3478 716 3530 ita
727 3479 865 3540 exorditur,
880 3480 951 3548 quasi
964 3493 1127 3547 sequeretur:
1143 3483 1201 3532 sin-

128 3562 243 3617 tamqne,
273 3560 299 3600 et
323 3560 405 3601 totam
431 3549 646 3599 constructionem
677 3547 802 3618 gularum
822 3566 910 3598 rerum
927 3549 1057 3618 proprias
1078 3550 1201 3600 consola-

126 3617 235 3668 hominis
254 3618 377 3669 fabricata
397 3627 505 3668 natura·
526 3618 595 3666 Infra
610 3618 643 3667 V.
678 3615 763 3666 tiones
779 3614 866 3682 affert.

125 3687 218 3745 4,10.
253 3685 415 3754 studioseque
432 3685 464 3735 ab
486 3684 516 3733 iis
534 3683 645 3746 siderum
703 3684 768 3800 'ppt
790 3682 843 3751 θῇ)
867 3683 996 3733 Ernestius
1018 3701 1078 3735 cum
1100 3685 1200 3752 vulgata

126 3752 319 3819 magnitudines,
336 3753 478 3812 intervalla,
496 3770 581 3801 cursus
596 3769 645 3802 an-
678 3750 721 3801 edi
742 3751 774 3800 'tt
810 3764 836 3801 et
864 3752 889 3801 si
916 3750 1087 3838 singularum
1113 3771 1199 3803 reram

126 3820 304 3888 quirchantur,
323 3833 349 3871 et
364 3830 454 3871 cuncta
471 3818 599 3870 coelestia.
678 3828 749 3881 cett,
763 3817 928 3869 itautoratio
944 3818 1144 3881 concitandae
1158 3839 1198 3870 cs·

177 3906 241 3957 opas
259 3891 329 3939 enim
344 3888 486 3956 quaerunt)
510 3888 599 3938 Iocose
616 3886 644 3935 in
679 3895 732 3936 set:
757 3903 821 3953 quae
834 3886 903 3937 ratio
921 3885 972 3937 hoc
988 3897 1059 3938 certe
1074 3888 1135 3939 loco
1149 3888 1197 3938 du-

126 3955 304 4024 philosophos,
320 3955 365 4022 qui
375 3953 501 4005 scribendi
514 3952 644 4004 materiam
676 3952 777 4004 rusina
799 3954 859 4003 mihi
880 3954 989 4005 videtur.
1024 3956 1144 4007 Davisius
1159 3956 1198 4006 le-

126 4023 201 4074 unxie
216 4031 355 4092 quaemnt,
378 4021 443 4072 sicut
457 4039 581 4089 pauperes
596 4039 644 4073 oo·
678 4020 788 4088 gendum
804 4021 979 4091 suspicabatur
991 4023 1017 4073 ei
1030 4024 1197 4095 singularum

126 4092 252 4156 casionem
282 4089 414 4141 laborandi
445 4099 471 4139 et
499 4089 644 4158 quaerendi,
677 4106 766 4140 rerum
780 4100 841 4139 cett.
870 4094 934 4148 011.
949 4091 1103 4158 praelectae
1117 4093 1194 4160 sing,

71 4192 73 4197 ,
110 4160 195 4210 made
212 4158 307 4208 vivant.
341 4158 458 4209 Ernesti.
678 4156 716 4207 uti
734 4157 909 4224 suspicabatur
921 4158 1062 4210 Bentleins.
1097 4160 1195 4210 Tarne-

176 4231 220 4287 82.
238 4224 583 4294 recompensaturum
595 4240 645 4276 ne·
677 4224 726 4276 bae
737 4225 856 4287 tentabat
869 4227 951 4295 mana
963 4228 1036 4298 sing.
1050 4227 1134 4278 Codd.
1147 4226 1195 4277 ali·
