2640 4626
532 168 716 236 'creent
734 186 773 246 14
1158 182 1219 250 71,

122 321 212 377 tasse
236 319 268 375 ct
288 318 469 399 anguntur:
495 301 557 375 sed
580 300 636 375 illa
657 301 808 401 lugubris
825 303 1015 380 lamentatio
1036 307 1196 411 lletusque

122 433 275 479 maerens
292 434 328 478 ex
347 433 386 477 co
402 419 460 492 est,
476 403 568 502 quod
584 432 669 493 eum,
686 433 783 504 quem
804 405 989 499 dileximus,
1005 411 1090 485 vitae
1106 441 1197 486 corn-

122 508 235 582 modis
252 507 416 607 privatum
432 505 648 596 arbitramur,
674 507 776 608 idque
792 510 923 585 sentire.
973 514 1082 612 Atque
1097 515 1192 589 boc⁶

123 611 169 684 ita
181 609 341 684 sentimus
355 625 471 681 natura
490 608 584 697 duce,
609 608 698 682 nulla
708 611 846 701 ratione,
871 611 1195 714 nullaquedoctrina.

224 713 314 784 XIV.
340 718 397 791 31.
422 712 606 783 Maximum
622 740 700 786 vero
716 732 944 812 argumentum
968 734 1027 806 est,
1044 736 1195 794 naturam

122 817 231 916 ipsam
249 813 290 887 de
304 801 548 887 immortalitate
564 814 750 888 animorum
769 816 900 890 tacitam
919 818 1079 910 iudicare,
1104 823 1197 922 quod

122 917 280 991 omnibus
306 943 403 990 curae
425 933 517 1006 sunt,
544 914 795 1001 et'urarimaeT
821 921 973 1019 quidem,
1009 951 1093 1025 quae
1117 941 1196 1024 post

121 1036 262 1094 mortem
276 1019 388 1090 lutura
402 1018 477 1119 sint.
530 1022 623 1092 Seri!
639 1021 793 1109 arbores,
820 1051 913 1122 quae
932 1026 1042 1097 alteri
1051 1028 1194 1114 saeculo

117 1126 263 1222 prosim
272 1126 304 1209 ⁸,
328 1137 365 1192 ut
380 1121 426 1193 ait
440 1120 522 1202 ille⁹
542 1121 578 1194 in
586 1120 818 1225 Synephebis:
845 1118 928 1225 quid
943 1144 1107 1227 spectans,
1126 1129 1194 1202 nisi

124 1225 223 1300 etiam
238 1240 373 1324 postera
388 1222 518 1296 saecula
536 1223 579 1296 ad
596 1225 836 1325 sepertinere?
886 1229 976 1326 Ergo
990 1231 1126 1307 arbores
1143 1260 1194 1306 sc-

123 1327 195 1400 rit1
216 1326 356 1424 diligens
373 1324 527 1423 agricola,
553 1332 693 1426 quarum
703 1327 866 1428 adspiciet
878 1329 996 1404 bacam
1013 1333 1084 1432 ipsc
1097 1363 1194 1407 num-

124 1458 241 1530 quam:
268 1429 319 1500 vir
334 1456 474 1533 magnus
492 1427 590 1525 leges,
607 1429 766 1519 instituta,
787 1432 1040 1533 rempublicam
1057 1464 1125 1507 nou
1142 1463 1193 1509 se-

122 1535 197 1606 ret?
224 1527 229 1534 ¹
248 1530 342 1627 Quid
359 1530 544 1630 procreatio
562 1530 753 1622 liberorum,
778 1533 860 1634 quid
874 1537 1072 1635 propagatio
1086 1538 1193 1610 nomi-

122 1634 187 1723 nis,
208 1634 290 1734 quid
305 1632 563 1732 adoptationcs2
584 1633 738 1724 liliorum,
764 1636 845 1736 quid
854 1653 1123 1723 testamentorum
1142 1639 1194 1712 di-

122 1737 276 1836 liglnt'ia,
310 1735 392 1835 quid
414 1735 485 1836 ipsa
511 1735 740 1835 sepulcrorum
760 1756 993 1829 monumenta,
1019 1741 1102 1841 quid
1126 1741 1190 1814 elo-

122 1842 179 1937 gia
195 1837 393 1937 significant,
418 1838 484 1910 nisi
500 1865 562 1911 nos
579 1838 689 1912 sutura
700 1840 797 1914 etiam
811 1843 979 1940 cogitare?
1028 1855 1084 1923 32.
1099 1843 1192 1940 Quid

122 1942 228 2015 illud?
254 1969 333 2013 num
346 1940 501 2044 dubitas,
526 1941 607 2040 quin
623 1943 792 2043 specimen
806 1961 942 2019 naturae
957 1946 1030 2045 capi
1048 1946 1188 2020 decent
1241 2039 1243 2045 Ι

174 2133 191 2187 6
207 2128 248 2178 Sic
264 2128 423 2178 PD.-Ern.
442 2145 464 2178 c.
481 2127 549 2193 vulg.
568 2127 642 2178 haec.
660 2128 730 2186 7Sic·
741 2130 785 2180 W.
801 2148 823 2181 c.
836 2132 865 2180 M
880 2133 902 2180 L
915 2120 987 2182 Ds-
1001 2134 1059 2182 Ern.
1086 2150 1108 2183 c.
1123 2131 1190 2198 vulg.

123 2199 246 2248 maxime.
280 2199 298 2254 8
323 2194 350 2244 Si
366 2196 499 2245 verborum
515 2195 597 2245 alteri
609 2203 638 2257 ⁸et
649 2197 754 2264 prosint
768 2197 843 2249 sedes
854 2209 1024 2266 permutetur,
1042 2199 1110 2250 effici
1128 2216 1191 2267 pos-

122 2266 157 2316 sit
172 2264 292 2314 iambicus
311 2262 436 2314 senarius:
468 2263 540 2312 Seria
555 2261 677 2325 deberes„
694 2282 762 2332 quae
776 2266 863 2316 sdeclo
903 2267 989 2318 rosim
1005 2267 1094 2327 silleri.
1127 2270 1191 2316 Sae-

123 2335 204 2394 clum,
222 2330 331 2381 vinclum
347 2340 396 2380 etc.
412 2348 511 2399 semper
525 2330 628 2397 antique
641 2330 740 2381 dicitur.
773 2332 848 2390 {esic
865 2285 910 2384 Vll.
921 2336 943 2383 ''e
960 2334 1026 2384 coni.
1043 2364 1076 2373 -
1093 2335 1152 2384 Em.
1169 2352 1190 2383 c.

121 2401 191 2466 vulg.
208 2412 236 2449 ut
252 2400 293 2449 ait
303 2399 413 2449 Statius.
423 2427 457 2439 -
473 2399 504 2448 s.
522 2398 547 2448 b.
565 2397 658 2465 aliique
673 2399 755 2452 Godd.
772 2412 801 2450 ut
817 2400 856 2450 ait
873 2401 903 2449 in
920 2401 947 2449 S.
959 2429 993 2438 —
1010 2401 1061 2450 Alii
1075 2400 1192 2450 nonnulli

123 2467 206 2519 Godd.
223 2476 249 2516 et
265 2469 315 2516 Pa,
333 2478 362 2516 ut
376 2469 417 2516 air
430 2467 533 2515 Ennius
549 2467 578 2515 in
596 2467 621 2515 S.
658 2470 671 2524 1
690 2467 731 2516 Sic
746 2468 791 2517 W.
808 2467 915 2519 mutavit
930 2467 998 2533 vulg.
1015 2461 1100 2517 a'eret:
1123 2466 1192 2533 quod

121 2546 194 2588 recte
209 2535 283 2585 retin.
299 2537 342 2584 Or.
376 2534 452 2592 28ic
469 2536 532 2585 Dav.
550 2533 691 2600 epluribus
708 2534 788 2586 Codd.
810 2559 844 2573 -
867 2528 933 2588 Eri.
952 2535 1020 2600 vulg.
1037 2535 1193 2604 adoptiones

120 2603 236 2655 retinnit.
267 2607 285 2659 3
301 2603 343 2652 Sic
357 2610 428 2652 recte
444 2603 488 2652 W.
505 2601 618 2651 restituit
637 2619 668 2651 ex
680 2601 744 2652 Edd.
760 2612 865 2657 vettss—
873 2603 932 2652 Ero.
949 2621 971 2653 c.
991 2603 1054 2653 Dav.
1071 2619 1086 2652 e
1103 2601 1191 2652 Lamb.

123 2671 191 2722 coni.
210 2669 310 2720 debeat.
345 2671 378 2722 V.
398 2671 521 2720 Goereuz.
540 2669 572 2718 ad
587 2669 643 2720 Fin.
660 2671 703 2721 IV.
724 2674 764 2728 11.
789 2689 815 2738 p.
833 2670 892 2727 151.
910 2669 948 2737 sq.
1140 2663 1142 2668 ¹

123 2789 205 2858 potui,
223 2806 278 2850 nec,
295 2788 316 2837 si
332 2805 447 2854 possem,
466 2787 565 2837 vellem.
600 2769 668 2838 ct‘
723 2787 922 2858 Ergo-maerin)
944 2787 1011 2842 Satis
1025 2785 1192 2854 probabiliter
1292 2835 1294 2839 ,

122 2858 191 2907 infra
210 2858 253 2908 IV.
274 2861 308 2917 8,
336 2860 375 2912 18
402 2854 540 2905 Forccllini
562 2854 640 2905 Thes.
675 2851 830 2907 Goerenzius
849 2855 882 2905 ad
896 2854 951 2905 Fin.
967 2857 1055 2915 teas,
1075 2858 1132 2913 110.
1149 2853 1191 2903 le—

122 2927 183 2976 Lat.
197 2942 217 2973 s.
230 2942 254 2974 v.
271 2941 372 2972 moeror
386 2932 413 2972 et
428 2922 518 2984 dolon,
537 2925 641 2989 etAug.
675 2920 784 2990 gendum
805 2923 962 2991 suspicatur.-
984 2932 1062 2972 seret.
1087 2923 1118 2971 V.
1135 2921 1191 2970 Ad-

119 2991 279 3044 Grotefeud.
296 2995 435 3041 Commeat.
454 3009 486 3041 zu
502 2990 529 3040 d.
549 2992 642 3040 Mate-
675 3001 765 3040 notata
778 2991 907 3040 nostruin
920 2992 1066 3050 11.17,39.
1093 2990 1190 3050 Quam—
1217 3035 1219 3039 .

123 3060 189 3111 rial.
205 3061 271 3110 VIII.
291 3064 325 3122 2,
353 3062 376 3116 1.
410 3059 494 3116 .184.
528 3057 571 3113 Sic
591 3075 642 3108 no·
675 3058 824 3127 quam-non
838 3057 931 3126 ubique
944 3056 971 3106 in
992 3056 1040 3111 hac
1057 3055 1191 3106 vorborum

123 3127 178 3178 bis:
205 3127 328 3176 Selinurz
351 3076 460 3192 (dolor),
485 3123 643 3177 Betrribniss
676 3122 874 3192 consequntione
897 3124 990 3192 duplex
1013 3125 1124 3173 futorum
1140 3140 1192 3191 po-

94 3224 97 3229 ·
122 3195 255 3263 (maeror).
676 3192 753 3248 nitur.
787 3194 819 3243 V.
832 3192 949 3248 infraII.
969 3193 1009 3249 14.
1028 3201 1091 3241 extr.

178 3263 253 3315 nulla
275 3262 395 3323 ratione,
425 3260 550 3330 nulleque
579 3261 643 3311 doo-
718 3257 919 3330 leges—seret)
934 3260 1048 3313 Venusta
1056 3255 1214 3324 metapho—‘

121 3331 213 3396 trino)
227 3333 307 3396 Saepe
321 3330 393 3380 ratio
407 3338 433 3378 et
448 3327 570 3379 doctrino
582 3328 643 3378 iun·
676 3328 719 3381 ra!
733 3331 872 3394 Legg.1.6,
882 3327 1041 3385 2οιΜῶ
1049 3325 1125 3375 etiam
1133 3340 1192 3373 mo·
1239 3368 1241 3374 ,

122 3407 231 3466 guntur,
248 3408 277 3447 ut
292 3397 364 3448 ratio
378 3395 552 3459 sitrectavin,
569 3413 649 3463 qnam¹
675 3414 730 3458 res,
755 3413 804 3445 nec
825 3393 934 3462 scriptis.
948 3392 1033 3445 onnia
1045 3389 1192 3441 sancienda.

120 3468 152 3519 iu
168 3465 293 3515 discendis
309 3465 404 3515 artibus
416 3462 560 3525 insistimus,
579 3464 643 3513 doc*-
727 3462 824 3532 elogia)
842 3460 947 3530 Elegia
954 3468 1028 3510 erant
1042 3474 1192 3510 monumen-

122 3535 200 3586 trina
222 3543 307 3596 autem
330 3531 430 3583 dicatur
451 3530 497 3580 illa
521 3531 643 3597 cognitio,
676 3540 760 3581 torum
769 3529 838 3579 tituli
847 3529 889 3578 vel
902 3525 1088 3594 Inscriptiones,
1096 3525 1123 3574 in
1133 3524 1191 3591 qni-

142 3619 201 3652 uam
213 3600 334 3653 disemo
349 3598 508 3666 acquirimus.
533 3599 575 3648 Sic
600 3598 643 3648 in-
676 3598 723 3647 bns
740 3597 915 3646 defunctorum
929 3594 1039 3645 honores
1048 3603 1073 3643 et
1089 3608 1129 3642 res
1144 3609 1193 3659 ge-

123 3620 165 3720 ba
181 3670 225 3719 III.
244 3673 277 3730 1,
297 3674 323 3726 2.
347 3667 378 3717 de
395 3666 470 3717 Offic.
490 3667 511 3716 I.
531 3670 582 3727 26,
598 3671 641 3724 w.
675 3674 731 3715 stae
748 3664 859 3715 breviter
883 3662 1045 3729 consignatae
1063 3669 1144 3711 eraut.
1160 3660 1193 3710 de

122 3737 168 3787 Sic
180 3753 272 3802 graece
288 3735 369 3803 λόγος
392 3733 440 3787 καὶ
453 3734 577 3786 παιδεία.
609 3734 641 3783 V.
675 3732 730 3782 Fin.
748 3734 779 3783 II.
798 3737 840 3792 35,
856 3735 914 3790 116.
932 3748 985 3781 non
1002 3729 1085 3796 elogia
1100 3744 1192 3778 monu-

123 3802 310 3872 Wyttenbach.
327 3801 414 3853 schol.
436 3801 464 3852 in
480 3801 514 3851 N.
532 3802 563 3851 D.
581 3803 641 3859 Ι.3.
674 3799 856 3850 mentommid
873 3798 1029 3866 significant,
1053 3796 1123 3848 velut
1142 3794 1193 3844 hoc

122 3891 150 3940 p.
165 3876 225 3931 718.
242 3873 284 3922 Cr.
503 3908 508 3914 ,
674 3867 840 3936 adponam?
873 3869 933 3917 Uno
950 3866 1051 3916 oreeui
1083 3863 1194 3914 lurimae

174 3940 234 3990 Gar.
250 3939 323 3991 XIV.
340 3943 383 3997 31.
401 3937 449 3989 ille
464 3936 642 4006 ianyneplte-
677 3937 844 3986 wasemium
855 3947 965 4007 gentes,
979 3935 1073 4004 popei
1088 3931 1194 4000 primar-

124 4006 179 4073 bis)
213 4010 275 4058 Erat
306 4006 438 4058 comoedia
456 4004 605 4067 Menandri,
630 4023 645 4056 a
666 4005 747 4055 'rium
763 4001 857 4073 fuisse
886 4003 981 4054 virum.
1016 4002 1053 4052 cf.
1076 3998 1194 4050 Schuetz.

124 4075 237 4126 Caecilio
256 4075 340 4126 Statio
360 4074 388 4123 in
407 4073 520 4140 linguam
538 4073 645 4125 latinam
678 4073 740 4123 Lex.
763 4071 817 4122 Cic.
839 4089 860 4122 s.
875 4088 902 4122 v.
936 4068 1100 4122 Recentiores
1118 4079 1194 4132 saepe

121 4160 256 4200 convorsa.
289 4143 322 4193 V.
337 4141 425 4192 Daris.
441 4139 521 4191 adN.
536 4142 568 4192 D.
582 4143 603 4192 -1.
618 4145 644 4199 6.
677 4140 728 4191 hoc
738 4136 867 4190 nocabnlo
882 4155 1014 4208 perperam
1026 4144 1131 4186 utuntur
1146 4149 1193 4200 pro
1231 4189 1233 4192 ¹

125 4231 151 4282 p.
167 4219 210 4270 25.
227 4212 267 4261 Cr.
676 4207 831 4260 laudatione.
