2640 4626
194 201 238 271 32
542 246 548 259 ,
605 207 866 263 raomoomus.

197 330 436 413 praescriptione
456 329 602 406 rationis,
623 339 660 389 ut
680 329 767 391 nullo
784 328 876 391 modo
897 330 1097 411 appetitiones
1110 330 1205 390 animi
1219 351 1277 390 nec

197 434 262 513 regi
278 454 335 493 nec
350 431 500 492 contineri
519 440 640 511 queant.
663 453 687 491 c.
704 433 776 501 5-—
786 432 817 501 9.
1081 503 1084 513 Ι

283 535 313 595 b.
345 534 541 613 Comparatio
570 534 742 593 morborum
763 537 865 594 animi
885 555 954 593 cum
975 555 1133 613 corporum
1154 535 1276 594 morbis.

198 636 263 698 lam
279 636 451 695 Stoicorum
472 656 554 695 more
573 635 691 694 Tullius
707 636 821 695 morbis
844 656 1006 716 corporum
1022 646 1177 715 comparat
1192 657 1277 695 mor-

198 739 310 800 borum
326 737 420 796 animi
430 736 667 797 similitudinem.
700 736 962 811 Quemadmodum
976 738 1009 796 in
1030 757 1159 815 corpore
1175 757 1277 796 esan·

131 850 135 859 '
198 841 291 920 guina
313 849 474 918 corrupto,
496 849 550 900 aut
564 839 676 918 pituita
690 839 880 900 redundante
900 848 953 899 aut
968 839 1041 898 bili:
1064 838 1155 899 sicin
1176 839 1277 898 animo

199 963 217 1002 e
237 961 402 1022 pravarum
423 939 602 1020 opinionum
631 941 866 1002 conturbatione
887 941 986 1001 morbi
1008 949 1037 999 et
1055 941 1276 1018 aegrotationae

200 1044 353 1103 oriuntur.
412 1043 459 1103 Ex
492 1042 773 1120 perturbationibus
804 1045 937 1123 primum
974 1042 1071 1101 morbi
1107 1040 1274 1124 (νοσήματα,

156 1153 162 1164 ’
203 1141 434 1224 Krunlrbeiten),
457 1142 529 1202 dein
544 1147 768 1224 aegrotationes
785 1141 1010 1225 (tibiurensium,
1037 1139 1275 1222 Zerriittsmgen)

201 1244 414 1304 conficiuntur.
457 1244 572 1305 Morbis
597 1256 704 1304 autem·
722 1242 1053 1323 aegrotationibusque,
1076 1243 1218 1320 quoniam
1241 1241 1276 1299 iis

200 1345 394 1426 appetitionis
409 1345 494 1405 notio
511 1345 644 1405 subiecta
660 1356 715 1421 est,
738 1346 892 1427 oppositae
906 1353 979 1407 sunt
993 1346 1169 1427 offensiones
1178 1339 1193 1422 (
1198 1344 1234 1404 V
1228 1366 1276 1401 er-

199 1446 461 1529 obaclreuungen),
485 1468 561 1526 quae
575 1446 689 1507 babent
700 1447 739 1506 ad
756 1433 852 1508 certas
866 1467 914 1506 res
929 1445 1092 1519 fastidium,
1115 1454 1150 1504 ut
1163 1444 1275 1503 mulie-

198 1568 269 1609 rum
291 1547 405 1625 odium,
427 1559 465 1625 et,
487 1559 524 1608 ut
543 1549 642 1608 morbi
662 1551 937 1627 aegrotationesque
951 1548 1079 1608 libidine
1100 1568 1135 1605 ac
1151 1546 1276 1621 laetitia,

199 1649 244 1711 sic
263 1649 321 1709 has
342 1660 424 1709 metu
449 1661 618 1711 moventur.
641 1671 667 1710 c.
685 1654 735 1720 10.
778 1651 878 1711 Morbi
892 1650 1170 1728 aegrotationesque
1190 1648 1276 1725 cogi·

113 1760 117 1767 '
200 1751 317 1811 tatione
331 1751 411 1813 inter
426 1773 457 1811 se
475 1751 638 1827 differunt,
659 1772 693 1811 re
711 1750 851 1832 copulata
869 1762 948 1810 aunt.
992 1751 1136 1829 Sequitur
1152 1750 1277 1809 uberior
1312 1750 1316 1774 ¹

200 1853 352 1933 expositio
378 1862 408 1911 et
428 1853 592 1914 illustratio
616 1853 791 1913 morborum
814 1853 1130 1932 aegrotationumque,
1152 1861 1276 1929 atquae

199 1955 238 2015 iis
265 1953 434 2014 contrariae
460 1964 532 2014 sunt
547 1954 755 2015 offensionum.
778 1976 803 2014 c.
830 1959 878 2023 11.
922 1952 1035 2013 Deinde
1051 1954 1188 2033 corporis
1207 1952 1275 2011 ani-

199 2057 302 2134 mique
322 2055 501 2115 valitudinis
525 2056 754 2116 similitudinem
770 2057 898 2116 ulterius
914 2055 1115 2136 persequitur.
1159 2055 1276 2129 Quem·
1315 2088 1316 2092 =

94 2182 114 2219 κ
186 2157 363 2217 -admodum
376 2157 455 2216 enirn
472 2157 525 2216 alii
545 2157 584 2216 ad
600 2159 675 2218 alios
698 2159 818 2218 morbos
835 2158 1034 2240 procliviores
1049 2167 1137 2230 aunt,
1161 2157 1205 2215 sic
1223 2156 1275 2215 alii

201 2259 241 2319 ad
260 2242 334 2317 alias
351 2258 603 2337 perturbationes,
626 2281 650 2320 c.
669 2264 717 2330 12.
741 2271 786 2337 et,
808 2270 844 2320 ut
862 2261 1037 2338 incorpore
1054 2269 1081 2319 et
1101 2258 1227 2318 morbus
1249 2266 1276 2317 et

200 2359 366 2438 aegrotatio
386 2368 416 2419 et
431 2360 539 2421 viuum
554 2364 614 2436 es't,
637 2362 681 2422 sic
705 2363 739 2420 in
759 2362 867 2422 animo.
911 2361 1083 2440 Explicatis
1099 2359 1275 2419 vitiositatis

200 2461 233 2521 in
248 2463 358 2521 animo.
402 2462 495 2522 Porro
515 2463 549 2521 in
565 2463 653 2522 bonis
669 2484 789 2542 quoqne
804 2464 896 2523 animi
911 2473 1050 2522 naturam
1066 2461 1187 2540 attingit
1204 2481 1274 2520 cor·
1308 2464 1311 2473 ’

199 2563 284 2643 poris
300 2562 465 2623 similitudo
475 2564 577 2639 ;'·sunt
592 2566 671 2623 enim
686 2566 718 2623 in
735 2585 860 2644 corpore
874 2564 1083 2643 pulchritudo,
1104 2563 1196 2638 vires,
1219 2583 1275 2622 vs·
1302 2544 1306 2556 ’

200 2664 319 2739 litudo,
341 2664 483 2740 firmitas,
504 2664 669 2741 velocitas,
691 2676 763 2737 sunt
783 2667 854 2727 item
871 2667 904 2724 in
924 2666 1033 2726 animo.
1056 2686 1081 2724 c.
1099 2667 1147 2733 13.
1190 2663 1274 2723 Illud

201 2775 303 2825 autem
320 2765 490 2825 animorum
504 2766 726 2846 corporumque
746 2767 900 2843 dissimile,
923 2767 1004 2845 quod
1019 2786 1181 2847 corporum
1195 2766 1274 2825 mala

200 2864 327 2947 (morbi)
354 2867 430 2953 sine,
452 2867 542 2946 culpa
567 2868 704 2928 accidere
729 2870 872 2949 possunt,
905 2869 1074 2928 animorum
1096 2889 1160 2927 non
1191 2869 1273 2928 item.

198 2967 335 3046 Denique
354 2970 535 3048 exponitur,
566 2969 640 3048 quid
657 2970 691 3028 in
714 2970 995 3051 perturbationibus
1016 2970 1109 3030 animi
1132 2969 1274 3030 differant

199 3067 348 3146 ingeniosi
368 3069 505 3130 homines
523 3079 553 3130 et
567 3069 697 3132 hebetes.
719 3093 746 3132 c.
768 3076 816 3142 14.

285 3190 310 3229 c.
337 3170 497 3233 Conclusio
522 3172 637 3253 primae
654 3173 750 3255 partis
772 3172 984 3254 disputationis
1004 3172 1041 3232 de
1062 3172 1272 3253 perturbatio-

197 3269 300 3349 nibus,
325 3280 356 3332 et
371 3272 516 3333 transitus
533 3273 571 3332 ad
588 3275 711 3335 alteram
724 3286 850 3356 partem.
874 3296 899 3334 c.
920 3274 969 3344 14.
991 3276 1017 3344 1.
1035 3277 1087 3346 33.
1167 3256 1169 3260 ,

552 3511 587 3572 a.
631 3511 786 3572 sorana
807 3511 914 3589 rans,

600 3650 660 3700 Qua
681 3650 854 3706 rnoaarua,

274 3720 571 3796 rmrunaanonss
588 3745 624 3796 m
640 3744 831 3796 sarianum
847 3745 976 3797 omaus
993 3745 1066 3796 nou
1082 3744 1192 3797 rosen

283 3899 309 3938 a.
329 3879 579 3961 Argumentum,
596 3902 656 3961 quo
673 3881 840 3963 probatur,
864 3884 1028 3964 sapientem
1043 3883 1184 3947 omnibus
1199 3903 1271 3964 per-

196 3978 424 4042 turbationibus
450 4004 568 4043 vacare.
614 3985 655 4042 Ut
677 3983 777 4044 virtus
802 3993 848 4045 est
870 3985 988 4047 all'ectio
1012 3986 1104 4046 animi
1131 3996 1272 4047 constans

197 4083 457 4163 conveniensque,
479 4083 649 4145 laudabiles
663 4085 793 4147 efficiens
812 4107 877 4164 eos,
899 4087 1060 4166 inquibus
1078 4096 1139 4164 est,
1161 4088 1272 4169 etipsa

187 4201 251 4262 per
265 4205 338 4262 sese,
361 4195 497 4265 separata
511 4185 601 4247 etiarn
617 4186 760 4268 utilitate,
784 4187 965 4268 laudabilis,
987 4210 1024 4250 ex
1038 4208 1132 4268 eaque
1143 4187 1271 4271 profici·
