2640 4626
177 220 181 235 '
200 206 243 277 80
448 213 731 267 antemuranum
745 213 1027 265 ntseu'rat'totwut

202 362 303 437 quam
319 350 432 417 tanen
445 324 931 407 Democritus'coucalelactam
950 348 983 406 et
999 329 1206 432 spirabilem,
1223 330 1283 432 [id

202 455 251 515 est
265 432 502 536 animalem,]³
524 432 719 509 esse-volte.

302 541 336 611 ls
353 553 462 611 autem
479 537 620 624 animus,
644 536 721 636 qni,
747 535 777 609 si
795 552 847 610 est
866 534 987 609 horum
1004 550 1161 635 meltune
1178 562 1283 634 genc-

200 670 293 729 rum,
320 668 359 715 ex
378 639 501 739 quibus
516 637 629 712 omnia
646 654 797 713 constare
814 638 987 726 dicuntur,
1013 666 1053 712 ex
1075 636 1283 713 inflammata

202 744 313 819 anima
333 758 473 831 constat,
496 756 534 815 ut
553 741 766 841 potissimum
780 740 894 815 videri.
902 740 1000 814 video
1015 740 1176 815 Panaetio
1188 769 1203 829 ;·
1224 768 1282 815 su·

200 847 334 949 periora
352 860 502 944 capessat
524 870 660 917 necesse
675 861 732 919 est.
756 841 842 916 nihil
860 842 949 915 enim
966 842 1091 916 habent
1104 842 1188 917 haec
1206 842 1277 917 duo

200 977 323 1049 genera
339 946 455 1048 proni,
480 962 512 1019 et
532 973 659 1045 supera¹
667 972 799 1045 semper
815 961 940 1045 petunt.
991 945 1057 1033 lta,
1083 944 1153 1018 sive
1176 945 1281 1019 dissi-

166 1050 170 1063 ’
200 1068 333 1153 pantur,
358 1047 476 1149 procul
491 1077 511 1121 a
529 1048 626 1122 terris
644 1047 681 1121 id
699 1048 824 1135 evenit;
850 1047 919 1121 sive
933 1063 1128 1147 permanent
1146 1064 1182 1121 et
1197 1076 1280 1123 con-

201 1169 332 1227 servant
352 1151 504 1225 habitum
526 1178 641 1238 suum,
667 1151 732 1224 hoc
755 1150 854 1225 etiam
875 1150 981 1248 magis
1007 1177 1144 1224 neeesse
1163 1150 1278 1225 est-fe-

200 1273 315 1329 rantur
340 1255 383 1326 ad
404 1253 548 1342 coelum,
575 1271 607 1327 ct
623 1251 664 1326 ab
682 1253 765 1326 lris⁵
791 1269 1026 1353 perrumpatur
1051 1269 1083 1326 et
1106 1251 1279 1327 dividatur

201 1386 332 1432 crassus
348 1357 403 1429 hic
419 1372 450 1428 ct
469 1373 641 1430 concretus
657 1363 722 1442 a'e‘r,
748 1354 806 1453 qui
828 1371 877 1428 est
894 1371 1000 1435 terrae
1015 1354 1200 1455 proximus
1226 1383 1280 1429 ca-

200 1459 301 1533 lidior
316 1475 364 1532 est
388 1458 493 1545 enim,
518 1457 569 1531 vel
583 1457 696 1557 potins
713 1457 896 1544 ardentior,
922 1456 1070 1545 animus,
1106 1485 1210 1557 quam
1231 1473 1280 1531 est

199 1561 256 1636 hic
275 1571 340 1649 a'e'r,
360 1588 457 1658 quem
474 1560 576 1631 modo
594 1559 664 1632 dixi
682 1587 829 1633 crassum
845 1575 942 1658 atque
951 1575 1160 1634 concretum:
1188 1559 1278 1660 quod

200 1693 238 1738 ex
257 1693 296 1737 eo
311 1663 391 1736 seiri
407 1677 526 1761 potest,
553 1661 631 1761 quia
650 1690 790 1762 corpora
805 1678 936 1749 nostra,
962 1679 1093 1735 terreno
1112 1662 1277 1762 principi-

199 1795 295 1839 orum
349 1791 468 1861 genere
504 1764 672 1851 conlecta,
725 1763 843 1837 ardore
883 1763 986 1836 animi
1036 1763 1276 1838 concalescunt.

198 1870 292 1941 XIX.
317 1866 375 1944 43.
401 1866 559 1953 Accedit,
584 1883 620 1937 ut
641 1895 680 1940 eo
705 1865 836 1941 facilius
863 1866 993 1939 animus
1009 1866 1124 1940 evadat
1153 1895 1193 1940 ex
1215 1866 1274 1940 hoc

265 2024 283 2077 3
300 2019 371 2068 Haec
387 2017 464 2067 verba
480 2017 524 2068 W.
541 2017 639 2068 uncinis
659 2018 752 2068 cinxit:
770 2017 858 2096 quibus
874 2034 904 2067 ea
918 2027 988 2067 recte
1003 2016 1122 2068 liberavit
1137 2020 1181 2068 Or·
1201 2016 1274 2085 ..quis

198 2087 250 2139 hoc
265 2085 408 2152 significatu
422 2102 477 2135 voc.
496 2086 623 2136 animalis
637 2086 679 2135 vix
692 2086 833 2136 intrusisset
847 2084 980 2150 glossator.
1015 2087 1112 2135 Neutra
1131 2102 1183 2136 vox
1202 2101 1273 2153 quum

198 2155 261 2206 satis
276 2171 322 2220 per
340 2170 367 2202 ae
382 2153 497 2220 placeret
511 2153 642 2217 Ciceroni,
658 2163 791 2221 utrumqne
807 2151 900 2220 posuit.
937 2153 988 2202 cfr.
1007 2152 1039 2202 de
1055 2152 1110 2202 Fin.
1128 2154 1173 2202 111.
1195 2155 1218 2222 1.
1236 2157 1272 2212 11.

198 2223 222 2339 1.
240 2225 301 2280 55.“
335 2221 411 2278 4Sic
425 2220 524 2287 aliquot
536 2219 617 2270 Codd.
634 2222 666 2272 D.
683 2222 750 2272 Lall.
768 2223 868 2271 -Erm
887 2237 908 2269 c.
926 2219 995 2286 vulg.
1012 2221 1104 2271 voluit.
1139 2221 1272 2287 5Legen-

217 2305 259 2338 um
276 2306 297 2338 o.
316 2289 362 2338 SE.
380 2289 425 2339 iis.
444 2290 474 2340 V.
494 2306 516 2337 c.
534 2292 559 2351 3,
576 2295 600 2346 5.

197 2405 264 2456 tulit.
307 2404 380 2457 Adde
410 2404 530 2455 Ochsner.
557 2404 611 2456 Ecl.
636 2404 717 2456 Cicer.
755 2405 836 2455 ctivus
849 2405 960 2473 ponitur.
995 2404 1145 2467 Inlruc.25,
1160 2408 1205 2464 60.
1222 2407 1272 2456 siue

198 2492 224 2541 p.
245 2476 285 2531 15.
754 2473 853 2534 anima,
872 2473 929 2522 sive
945 2472 1010 2538 ignis
1029 2473 1066 2525 sit
1080 2473 1199 2523 animus“
1215 2474 1271 2523 snt
1308 2504 1311 2513 ·

252 2536 462 2618 concalefactam
498 2550 524 2588 et
553 2538 719 2611 spirabilem)
752 2540 878 2590 iunctivus
899 2540 983 2590 locum
1000 2538 1201 2609 habetpropter
1216 2558 1271 2591 ora-

196 2609 230 2659 H.
249 2625 271 2657 e.
288 2608 369 2674 igneis
387 2615 413 2656 et
433 2605 506 2655 ae‘riis
541 2606 636 2656 artibus
655 2625 720 2657 con·
753 2607 848 2658 tionem
866 2607 1001 2674 obliquam.
1038 2607 1075 2657 Cf.
1091 2625 1169 2685 supra
1194 2626 1218 2659 c.
1236 2613 1271 2666 17,

196 2684 313 2726 stantem.
335 2676 366 2725 V.
394 2673 501 2722 Aristot.
532 2674 647 2722 eAnima
658 2676 677 2734 l,
688 2680 715 2731 2.
752 2674 794 2733 4ο.
829 2674 898 2723 Infra
914 2677 997 2737 lll.6,
1016 2677 1056 2732 12.
1079 2693 1159 2736 ‚aava
1174 2689 1272 2726 secetur

246 2745 277 2792 Is
295 2740 502 2804 autemanimue)
520 2740 647 2805 Expositis
656 2740 717 2808 phi·
751 2740 820 2808 quid,
841 2743 898 2791 sive
928 2743 1062 2792 avellatur
1090 2760 1105 2792 a
1138 2748 1271 2811 corpore.“

197 2809 364 2887 losophorum
397 2807 429 2857 de
455 2806 595 2856 animorum
628 2817 717 2858 natura
752 2826 773 2858 o.
796 2814 844 2871 15,
872 2813 930 2867 132.
965 2810 996 2861 V.
1019 2812 1120 2876 Zumpt.
1143 2813 1208 2861 Lat.
1230 2813 1271 2861 Gr.

197 2876 358 2945 opimonibus
366 2911 375 2935 ,
402 2874 490 2924 Cicero
504 2891 574 2924 suam
587 2873 642 2942 ipse
657 2893 717 2925 sen-
752 2878 774 2945 1.
791 2883 833 2934 77.
849 2878 873 2934 4.
892 2893 916 2942 p.
932 2879 991 2934 391.

197 2944 305 2993 tentiam
321 2958 469 3009 expromere
479 2941 632 3006 aggreditur.
651 2943 717 2992 Pur·
802 2962 835 2993 ex
848 2962 878 2993 eo
893 2969 927 2981 -
941 2944 1016 3012 quia)
1038 2943 1080 2994 sic
1090 2945 1173 3012 Legg.
1191 2947 1213 2996 1.
1238 2950 1271 3004 15,

196 3010 276 3061 ticnla
294 3021 381 3059 autem
396 3008 500 3057 inservit
515 3008 673 3071 transitioni‚
692 3021 719 3060 et
750 3010 793 3070 43.
811 3028 869 3060 nam
883 3010 947 3060 haec
959 3021 1140 3062 nascunturex
1155 3030 1196 3075 eo,
1214 3016 1273 3083 quia

196 3094 272 3144 saepe
299 3077 349 3137 ita,
373 3085 402 3125 ut
425 3075 605 3126 sententiarum
625 3094 716 3127 nexum
751 3088 841 3128 natura
864 3078 983 3145 propensi
1005 3095 1089 3129 sumus
1111 3079 1149 3129 ad
1163 3080 1272 3148 diligen-

195 3144 292 3194 interru
311 3154 365 3193 tum
386 3153 493 3209 repetat.
515 3143 547 3194 V.
576 3145 660 3195 Bremi
682 3146 717 3195 ad
750 3144 798 3195 dos
822 3144 952 3206 homines,
985 3146 1054 3213 quod
1079 3146 1272 3198 fundamentum

196 3211 272 3261 Gom.
294 3161 361 3278 llep.
384 3209 459 3260 Dion.
484 3212 533 3272 ΠΙ,
558 3217 582 3270 5.
609 3230 636 3280 p.
654 3220 713 3270 155.
749 3211 811 3263 iuris
830 3221 881 3262 est:
904 3212 948 3262 nbi
965 3214 1089 3264 Goerenz.
1107 3231 1134 3281 p.
1149 3219 1195 3274 67.
1214 3218 1272 3285 qnia

195 3277 277 3327 Beier.
304 3278 337 3328 ad
354 3276 434 3327 Cicer.
458 3276 531 3328 offic.
547 3281 568 3328 1.
584 3283 609 3337 8.
634 3279 714 3347 princ.
749 3297 796 3346 pro
813 3280 882 3347 quod
897 3279 1008 3346 positum
1023 3289 1112 3348 putat,
1131 3292 1162 3333 nt
1178 3283 1272 3335 vitare·

194 3362 221 3412 p.
239 3352 280 3403 55.
749 3356 792 3396 tur
809 3346 912 3414 repetiti
950 3348 1001 3397 uod
1017 3347 1146 3399 vicinitas.

248 3430 280 3462 ex
297 3412 466 3480 inflammata
481 3413 581 3480 anima)
600 3414 633 3463 Η.
646 3430 716 3465 c..ex
801 3413 860 3463 Cae.
878 3415 918 3463 Xl
947 3418 1009 3473 .43.
1025 3415 1191 3485 Acceditut)
1208 3418 1269 3468 H.e.

194 3478 275 3546 igneis
293 3491 318 3529 et
336 3479 408 3530 atriis
426 3480 548 3548 partibus.
752 3491 882 3549 praeterea
902 3481 947 3543 fit,
965 3492 1001 3533 ut.
1025 3482 1058 3533 de
1083 3486 1158 3535 Orat.
1178 3487 1214 3536 11.
1234 3484 1269 3544 48,

247 3547 320 3597 nihil
338 3546 435 3597 labent
459 3549 525 3597 llaec
548 3547 600 3597 duo
614 3565 716 3618 genera
751 3553 807 3607 196
841 3548 999 3611 Accedebat,
1016 3563 1046 3601 ut
1060 3549 1126 3601 haec
1139 3562 1169 3602 tu
1183 3553 1269 3603 adole-

192 3615 282 3686 prone]
299 3615 355 3667 Nec
375 3615 441 3682 ignis
463 3633 510 3665 nec
541 3621 601 3679 a‘e'r,
627 3616 716 3683 quibus
749 3634 821 3666 scens
837 3634 884 3694 pro
899 3632 928 3666 re
951 3617 1051 3683 publica
1076 3619 1151 3685 queri
1178 3636 1269 3671 summa

194 3682 292 3733 animus
320 3694 436 3734 constare
464 3681 571 3743 dicitur,
598 3681 715 3732 deorsum
749 3701 806 3734 cum
823 3683 949 3750 dignitate
967 3685 1149 3737 existimarere.
1187 3688 1227 3738 Cf.
1243 3687 1269 3736 de

195 3758 286 3815 suopte
294 3760 357 3800 nutu
366 3759 392 3800 et
407 3766 453 3799 suo
463 3748 575 3816 pondere
591 3750 713 3800 feruntur.
747 3754 847 3801 Senect.
862 3755 886 3809 6.
906 3761 932 3800 et
948 3768 1011 3819 quos
1024 3752 1096 3802 locos
1112 3754 1228 3805 Mueller
1243 3753 1269 3805 ad

245 3818 303 3867 sive
325 3818 496 3886 dissipantur
518 3844 550 3853 -
576 3818 635 3867 sive
648 3836 714 3886 per·
748 3818 780 3868 de
797 3821 839 3868 Or.
852 3817 902 3868 td.
913 3828 940 3868 et
953 3822 1046 3887 Zumpt
1059 3824 1122 3870 tas.
1132 3823 1182 3872 Gr.
1216 3827 1268 3881 .OE

194 3886 313 3952 ntanent)
331 3886 413 3999 Leggi
425 3885 456 3944 ΙΙ,
471 3886 496 3941 6.
514 3883 572 3932 sive
578 3882 647 3951 suit,
660 3887 715 3934 siae
748 3905 773 3954 p.
790 3887 848 3943 446.
863 3903 901 3954 sq.
921 3887 1093 3953 protulerunt.
1132 3889 1186 3951 Qui
1221 3890 1268 3940 dis·

193 3950 333 4020 nonfuit,
359 3953 386 4000 ni
406 3950 423 3999 ‘l
440 3949 473 3999 ad
489 3966 550 4000 rem.
586 3952 618 4001 N.
635 3952 665 4002 D.
681 3955 712 4002 Il.
748 3952 1269 4027 criminisintercedatinteracceditqutd

192 4022 234 4077 67.
265 4019 345 4085 Impia
376 4016 534 4067 consuetudo
564 4029 603 4068 est
626 4029 714 4070 contra
748 4039 770 4071 c.
788 4020 865 4070 indic.
878 4030 904 4069 et
920 4021 989 4071 inter
1004 4022 1109 4073 accedit
1123 4035 1154 4074 ut
1171 4042 1195 4075 c.
1212 4024 1267 4075 sut

192 4085 255 4137 deos
268 4084 433 4151 disputandi,
459 4085 518 4133 sive
533 4102 564 4133 ex
587 4086 669 4137 animo
687 4087 714 4137 id
746 4088 876 4150 innativo,
894 4088 969 4138 facile
985 4107 1016 4139 er
1038 4100 1129 4141 nostro
1143 4091 1206 4143 loco
1221 4088 1266 4142 ervi

190 4154 241 4218 fit,
270 4153 323 4202 sive
339 4151 470 4201 simulate:
496 4151 539 4202 ubi
552 4169 575 4202 v.
593 4153 713 4206 Ochsner.
747 4155 850 4224 poterit.
901 4157 1029 4219 Accedit,
1063 4157 1134 4227 quod
1153 4156 1267 4228 facilittt
1314 4204 1316 4211 .

191 4220 219 4270 in
235 4220 288 4270 Esl.
316 4218 368 4269 Cic.
397 4238 422 4288 p.
439 4223 480 4278 29.
515 4221 584 4271 Raro
606 4222 714 4274 subiun-
747 4223 854 4274 animus
897 4225 990 4275 evadit
1022 4242 1077 4276 rem
1115 4224 1265 4295 designaret,
