2640 4626
122 183 187 253 928
369 188 651 268 ruscumuasuu
666 187 946 241 orsaorsmouuu

207 313 280 374 Vidi
301 331 355 391 ego
376 319 425 384 ta,
448 309 584 370 adstante
606 331 664 390 ope
684 309 860 385 barbarica,
930 370 938 385 ,

207 397 307 459 Tectis
328 395 466 471 caelatis,
487 395 651 473 laqueatis,
939 386 953 419 l
1007 450 1012 459 .

206 483 309 560 duro,
332 478 621 541 ebore-instructam
641 479 769 557 regifice.

121 589 180 663 45.
206 581 238 652 Ο
268 595 402 680 poetam
427 578 613 676 egregium!
638 604 840 676 quamquam
865 575 907 649 ab
931 574 985 647 his
1003 575 1196 650 cantoribus

122 680 350 783 Euphorionis
369 679 597 754 contemnitur.
623 678 733 767 sentit,
759 679 871 752 omnia
889 677 1063 777 repentina
1089 695 1122 752 et
1139 708 1196 752 nec

123 786 259 886 opinata
293 810 366 857 esse
397 783 557 882 graviora.
583 781 787 880 exaggeratis
816 780 928 878 igitur
945 781 1035 887 regis
1062 781 1196 881 opibus,

123 912 207 988 quae
219 886 417 960 videbantur
431 885 650 984 sempiternae
665 883 755 973 fore,
780 880 863 984 quid
879 882 1054 980 adiungit?

207 1008 289 1068 Haec
305 1007 407 1070 omnia
427 1007 494 1066 aridi
513 1006 712 1084 inflammari,

206 1094 325 1154 Priamo
346 1092 380 1152 vi
399 1091 494 1152 vitam
516 1091 639 1166 evitari,

207 1178 290 1238 Iovia
308 1197 397 1237 aram
418 1176 562 1254 sanguine
582 1175 711 1256 turpari.
1026 1234 1030 1241 ,
1072 1246 1075 1254 ¹

122 1281 180 1356 46.
213 1274 422 1349 Praeclarum
450 1300 605 1347 sannen:
633 1289 682 1346 est
705 1272 793 1346 euim
817 1287 848 1344 et
872 1269 993 1360 rebus,
1017 1285 1051 1344 ct
1076 1269 1197 1359 verbis,

124 1394 156 1451 et
188 1377 298 1451 modis
325 1375 473 1474 lugubre.
524 1375 715 1475 Eripiamus
738 1374 817 1446 huic
841 1372 1092 1472 aegritudinem.
1129 1390 1195 1472 quo

122 1481 248 1554 modo?
274 1478 473 1553 collocemus
499 1476 535 1549 iu
552 1476 671 1550 culcita
689 1476 840 1576 plumea3
864 1473 1036 1576 psaltriam
1051 1475 1196 1548 adduca-

121 1610 214 1669 mus3
249 1581 365 1653 demus
391 1578 618 1682 hedychrum3
653 1578 863 1651 intendamus
895 1576 1064 1679 scutellam
1091 1576 1196 1651 dulci-

124 1682 216 1756 culae
242 1680 443 1781 potionis⁸;
476 1680 604 1780 aliquid
625 1680 796 1753 rideamus
827 1696 858 1752 et
882 1679 959 1752 cibi.
1009 1679 1101 1755 llaec
1124 1695 1195 1751 tan-

121 1785 198 1858 dem
223 1783 312 1856 bona
337 1798 437 1869 suut,
463 1782 584 1881 quihus
614 1781 837 1880 aegritudines
855 1780 1070 1879 gravissimae
1087 1781 1215 1855 detra·

121 1886 265 1959 hautur?
290 1901 328 1956 tu
347 1884 435 1958 enim
449 1883 564 1983 paullo
580 1901 654 1958 ante
669 1912 713 1958 ne
733 1882 916 1982 intelligere
931 1899 965 1958 te
980 1883 1119 1982 quidem
1134 1883 1195 1956 alia

121 1987 188 2061 ulla
211 1986 355 2061 dicebas.
380 1985 526 2081 revocari
553 1986 657 2084 igitur·
677 2004 832 2086 oportere
847 2013 866 2058 a
880 2013 1029 2060 macrore
1044 1986 1088 2059 ad
1106 1985 1195 2084 cogi-

121 2091 279 2164 tationem
313 2089 497 2176 bonorum,
523 2088 712 2162 conveniret
746 2088 830 2163 mihi
865 2116 940 2162 cum
961 2088 1131 2189 Epicur03
1157 2088 1193 2176 si,

122 2192 204 2291 quid
225 2207 311 2265 esset
324 2191 469 2278 honum,
493 2190 692 2265 conveniret.

191 2399 209 2456 8
225 2397 258 2449 V.
273 2395 340 2447 Ado.

122 2512 241 2577 Thebae,
258 2510 554 2574 inluminatione,
570 2511 641 2563 onias
673 2511 768 2564 bonum
790 2509 825 2561 ad
845 2511 951 2560 Sueten.
976 2509 1036 2561 Tib.
1060 2527 1083 2562 e.
1102 2516 1147 2570 70.
1170 2520 1195 2562 et

122 2581 182 2632 nrbs
198 2579 230 2630 ab
244 2579 344 2630 Achille
359 2579 445 2630 diruta
459 2590 505 2629 est.
673 2579 777 2630 Salmas.
793 2580 883 2647 Exere.
897 2577 963 2627 Plin.
980 2595 1006 2644 p.
1021 2581 1081 2636 856.

171 2646 215 2706 45.
240 2645 274 2696 ab
296 2647 340 2696 his
362 2644 514 2697 cantoribus
532 2646 642 2716 Eupho-
724 2648 801 2696 Haec
808 2646 914 2710 omnio)
930 2645 961 2694 V.
971 2662 998 2694 au
1018 2662 1046 2695 ra
1061 2648 1081 2694 1.
1095 2649 1139 2707 35,
1152 2649 1193 2704 85.

122 2716 224 2782 rionie)
246 2714 399 2793 Euphorion
419 2724 473 2763 erat
490 2725 583 2780 poeta,
609 2714 641 2764 de
724 2725 750 2764 et
761 2712 851 2764 verbis
862 2724 888 2762 et
900 2711 985 2762 orodis
994 2662 1116 2781 degradare)
1130 2714 1195 2776 Quia

123 2783 193 2834 errius
216 2793 301 2849 prena
326 2780 448 2837 iudicium
465 2780 540 2834 valde
558 2781 641 2830 ambi-
674 2781 791 2831 etverba
806 2779 958 2846 gravitatem
971 2778 1115 2845 quandam,
1133 2798 1196 2848 qnae

122 2855 199 2916 gelum
213 2857 260 2898 est.
293 2849 456 2898 Cicerocum
470 2846 559 2898 ethos
573 2847 640 2910 loeo,
674 2846 875 2914 aptaestluctui,
891 2863 988 2912 praese
1002 2847 1097 2909 ferunt,
1111 2858 1196 2898 etnu-

82 2970 85 2978 .
123 2927 151 2968 et
166 2915 198 2966 de
215 2914 299 2966 Divin.
313 2918 356 2978 11,
371 2917 424 2978 64„
443 2913 486 2964 ubi
501 2931 558 2964 euna
573 2932 640 2982 poe·
673 2915 736 2965 meri
757 2914 912 2982 anapaestioi
940 2915 1196 2965 accommodatissimi

122 2993 176 3034 tam
191 2981 264 3032 nimis
280 2982 414 3034 obscurum
429 2991 551 3044 voeat,e
598 2999 641 3032 ere
673 2992 733 3032 aunt
747 2983 780 3039 ad
793 2980 982 3050 exprimendam
994 2983 1085 3032 summi
1099 2983 1196 3034 doloris

123 3050 232 3100 videtur.
279 3051 299 3098 E
324 3049 432 3100 Luciani
455 3065 556 3116 qnoque
609 3067 640 3100 co
673 3049 846 3101 acerbitatem.
878 3047 998 3099 Modiin
1011 3049 1116 3100 musicis
1131 3051 1196 3100 etin

143 3117 203 3176 troie
244 3114 297 3185 δεῖ,
328 3114 414 3183 loroo.
463 3114 641 3184 συγγράφειν.
674 3126 752 3168 cantu
763 3114 889 3182 significat
901 3116 1051 3166 varietatem
1062 3133 1194 3177 sonorum,

148 3200 198 3232 our.
214 3183 258 3235 1v.
283 3200 310 3249 p.
324 3186 384 3241 215.
403 3182 443 3233 ed.
459 3183 529 3261 Bip.)
554 3183 642 3250 colligi
674 3200 740 3252 quae
770 3182 886 3233 neelodia
911 3182 1069 3261 appellatur,
1106 3195 1136 3234 ut
1159 3184 1195 3235 ait

123 3259 217 3319 potest,
236 3249 337 3300 eumad
351 3260 441 3318 poetae
454 3250 549 3318 perosis
563 3260 642 3301 notae
674 3250 793 3302 Schuetz.
808 3250 835 3300 in
849 3251 911 3300 Lex.
926 3250 1006 3300 Creer.
1019 3268 1040 3300 s.
1056 3267 1081 3301 v.

123 3317 283 3387 pertinuisse.
325 3317 447 3380 Quinctil.
471 3328 561 3368 contra
586 3319 640 3380 (X.
681 3329 687 3342 ·
722 3318 867 3386 psaltriam
881 3345 915 3356 -
925 3317 1053 3386 potionia)
1070 3317 1194 3369 Siehtruc

126 3390 156 3449 1,
178 3389 235 3449 56.)
263 3384 316 3435 eiua
339 3395 425 3453 partes
446 3384 512 3434 tueri
534 3384 641 3446 videtur,
673 3384 757 3436 locum
773 3403 805 3436 ex
818 3385 887 3436 Edit.
901 3383 1079 3435 retrBonherii
1094 3386 1196 3454 scripsit

125 3451 278 3504 anctoritate
291 3452 392 3519 Virgilii
409 3451 492 3513 nisus,
509 3453 568 3520 qni,
586 3453 642 3530 nisi
673 3452 792 3532 Wolfius.
826 3452 954 3502 Firmatur
969 3451 1033 3503 haee
1049 3452 1132 3506 lectio
1148 3471 1196 3504 au-

66 3616 72 3626 ,
125 3519 642 3638 :tttttltttaftltlt'ttttltt
674 3519 1193 3663 {tltttltif'l·?.tlss¹·.slt¹.tt3.?tt

118 3652 234 3723 faciesne
250 3656 280 3705 in
294 3655 427 3706 Bucolicis
438 3654 506 3770 ίξΕοΙ.
524 3660 570 3717 10,
587 3655 640 3720 56.)
675 3655 816 3705 ducamur:
831 3654 996 3720 hedrychum
1004 3654 1193 3706 incendamur:

125 3723 289 3772 mentionem.
306 3751 338 3761 -
373 3721 470 3789 Cupie
494 3722 643 3788 legebantur
675 3722 766 3773 demna
779 3738 800 3772 e.
813 3721 840 3771 d.
850 3721 916 3790 p.in
931 3738 981 3788 qna
994 3719 1110 3774 lectione
1120 3723 1192 3774 Orel-

126 3788 243 3856 etipse,
269 3799 297 3839 et
310 3789 335 3838 ei
349 3789 442 3838 similes
457 3787 488 3842 ab
504 3788 549 3850 iis,
575 3806 642 3856 quo-
673 3789 722 3839 lina
736 3799 811 3858 putat
825 3789 970 3839 damuavel
984 3806 998 3837 e
1011 3790 1192 3855 geminatione,

125 3871 181 3905 rum
196 3872 282 3905 sensns
298 3855 398 3921 pulchri
417 3854 580 3923 depravatior
598 3874 642 3906 es·
674 3856 716 3906 rel
730 3875 762 3907 ex
778 3856 976 3924 interpolatione
992 3856 1105 3908 linxisse.
1131 3857 1190 3908 God.

126 3931 181 3985 aet,
207 3939 343 3989 omnesque
356 3931 447 3991 poetas
461 3923 598 3974 severiores
612 3941 642 3974 ae
673 3924 737 3990 neg.
758 3924 844 3974 locum
865 3923 902 3973 'sic
925 3922 1047 3978 exhibetz·
1068 3925 1190 3975 dduca-

126 3989 299 4052 n'errosiores,
328 3999 358 4039 nt
378 3989 500 4052 Ennium,
525 3991 642 4057 neglige·
674 4009 740 4053 mue,
754 3991 918 4057 hedrychum
927 3982 1116 4054 'incendamua
1134 4009 1189 4042 aaa·

125 4064 191 4107 rent.
226 4057 281 4106 Hos
294 4065 384 4124 poetas
400 4055 548 4107 etlectores
564 4067 642 4108 vocat
673 4059 780 4108 tellam:
821 4075 897 4126 qaam
917 4057 1065 4109 lectionem
1097 4057 1190 4128 recepit

125 4124 215 4175 Cicero
229 4124 548 4194 contorefflupborionie.
570 4125 641 4175 Nei-
673 4125 797 4187 ofellius,
833 4126 883 4177 niai
913 4123 982 4192 quod
1005 4143 1055 4195 pro
1086 4125 1187 4178 ineend.

126 4192 168 4243 de.
195 4191 312 4243 Darisiua
326 4191 396 4244 adire
409 4190 481 4243 iubet
496 4193 530 4243 la.
544 4191 641 4245 Gasan-
672 4192 794 4260 praetulit
816 4192 1002 4256 intendamus,
1019 4202 1063 4246 'ut
1086 4204 1188 4263 aterque

510 4322 527 4375 l·
