<?xml version="1.0" encoding="UTF-8"?>
<!DOCTYPE html PUBLIC "-//W3C//DTD XHTML 1.0 Transitional//EN"
    "http://www.w3.org/TR/xhtml1/DTD/xhtml1-transitional.dtd">
<html xmlns="http://www.w3.org/1999/xhtml" xml:lang="en" lang="en">
 <head>
  <title>
</title>
<meta http-equiv="Content-Type" content="text/html;charset=utf-8" />
  <meta name='ocr-system' content='tesseract 3.04.00' />
  <meta name='ocr-capabilities' content='ocr_page ocr_carea ocr_par ocr_line ocrx_word'/>
</head>
<body>
  <div class='ocr_page' id='page_1' title='image "./mtulliiciceroni18cicegoog_0059.png"; bbox 0 0 2640 4626; ppageno 0'>
   <div class='ocr_carea' id='block_1_1' title="bbox 115 230 784 297">
    <p class='ocr_par' dir='ltr' id='par_1_1' title="bbox 115 230 784 297">
     <span class='ocr_line' id='line_1_1' title="bbox 115 230 784 297; baseline -0.018 0"><span class='ocrx_word' id='word_1_1' title='bbox 115 230 159 297; x_wconf 82' lang='grc'><strong>38</strong></span> <span class='ocrx_word' id='word_1_2' title='bbox 525 237 784 288; x_wconf 75' lang='lat' dir='ltr'><strong>ruciacensem.</strong></span> 
     </span>
    </p>
   </div>
   <div class='ocr_carea' id='block_1_2' title="bbox 80 357 1203 4294">
    <p class='ocr_par' dir='ltr' id='par_1_2' title="bbox 118 357 1200 1958">
     <span class='ocr_line' id='line_1_2' title="bbox 118 357 1196 441; baseline -0.007 -19"><span class='ocrx_word' id='word_1_3' title='bbox 118 362 171 441; x_wconf 93' lang='lat' dir='ltr'><strong>qui</strong></span> <span class='ocrx_word' id='word_1_4' title='bbox 191 362 321 421; x_wconf 86' lang='lat' dir='ltr'><strong>duormn</strong></span> <span class='ocrx_word' id='word_1_5' title='bbox 345 376 488 436; x_wconf 81' lang='lat' dir='ltr'>generum</span> <span class='ocrx_word' id='word_1_6' title='bbox 505 358 592 417; x_wconf 87' lang='lat' dir='ltr'><strong>malis</strong></span> <span class='ocrx_word' id='word_1_7' title='bbox 608 357 748 417; x_wconf 84' lang='lat' dir='ltr'><strong>omnibus</strong></span> <span class='ocrx_word' id='word_1_8' title='bbox 765 367 926 436; x_wconf 81' lang='lat' dir='ltr'><strong>urgeatur,</strong></span> <span class='ocrx_word' id='word_1_9' title='bbox 947 366 978 417; x_wconf 90' lang='lat' dir='ltr'><strong>et</strong></span> <span class='ocrx_word' id='word_1_10' title='bbox 994 358 1118 416; x_wconf 84' lang='lat' dir='ltr'><strong>fortune</strong></span> <span class='ocrx_word' id='word_1_11' title='bbox 1137 357 1196 415; x_wconf 88' lang='lat' dir='ltr'><strong>ad-</strong></span> 
     </span>
     <span class='ocr_line' id='line_1_3' title="bbox 118 457 1197 539; baseline -0.005 -16"><span class='ocrx_word' id='word_1_12' title='bbox 118 484 215 536; x_wconf 83' lang='lat' dir='ltr'><strong>versa,</strong></span> <span class='ocrx_word' id='word_1_13' title='bbox 237 471 267 521; x_wconf 92' lang='lat' dir='ltr'><strong>et</strong></span> <span class='ocrx_word' id='word_1_14' title='bbox 283 459 419 539; x_wconf 87' lang='lat' dir='ltr'><strong>corporis</strong></span> <span class='ocrx_word' id='word_1_15' title='bbox 440 459 613 533; x_wconf 89' lang='lat' dir='ltr'><strong>doloribus,</strong></span> <span class='ocrx_word' id='word_1_16' title='bbox 636 460 663 518; x_wconf 92' lang='lat' dir='ltr'><strong>ei</strong></span> <span class='ocrx_word' id='word_1_17' title='bbox 686 459 780 519; x_wconf 89' lang='lat' dir='ltr'><strong>multa</strong></span> <span class='ocrx_word' id='word_1_18' title='bbox 799 459 838 519; x_wconf 90' lang='lat' dir='ltr'><strong>ad</strong></span> <span class='ocrx_word' id='word_1_19' title='bbox 852 460 970 519; x_wconf 88' lang='lat' dir='ltr'><strong>beatam</strong></span> <span class='ocrx_word' id='word_1_20' title='bbox 986 457 1077 518; x_wconf 82' lang='lat' dir='ltr'><strong>vitam</strong></span> <span class='ocrx_word' id='word_1_21' title='bbox 1094 457 1197 518; x_wconf 88' lang='lat' dir='ltr'><strong>deesse</strong></span> 
     </span>
     <span class='ocr_line' id='line_1_4' title="bbox 120 554 1198 638; baseline -0.006 -14"><span class='ocrx_word' id='word_1_22' title='bbox 120 565 272 638; x_wconf 77' lang='lat' dir='ltr'>dicemus,</span> <span class='ocrx_word' id='word_1_23' title='bbox 295 582 357 621; x_wconf 91' lang='lat' dir='ltr'><strong>non</strong></span> <span class='ocrx_word' id='word_1_24' title='bbox 382 554 472 620; x_wconf 82' lang='lat' dir='ltr'><strong>mo&#39;do</strong></span> <span class='ocrx_word' id='word_1_25' title='bbox 495 560 534 620; x_wconf 91' lang='lat' dir='ltr'><strong>ad</strong></span> <span class='ocrx_word' id='word_1_26' title='bbox 559 561 769 621; x_wconf 77' lang='lat' dir='ltr'><strong>beatissimam.</strong></span> <span class='ocrx_word' id='word_1_27' title='bbox 793 562 818 638; x_wconf 78' lang='lat'><strong>§.</strong></span> <span class='ocrx_word' id='word_1_28' title='bbox 836 562 886 628; x_wconf 70' lang='lat'><strong>22.</strong></span> <span class='ocrx_word' id='word_1_29' title='bbox 904 562 955 626; x_wconf 75' lang='lat'><strong>93.</strong></span> <span class='ocrx_word' id='word_1_30' title='bbox 1001 560 1198 618; x_wconf 75' lang='lat' dir='ltr'><strong>Constantior</strong></span> 
     </span>
     <span class='ocr_line' id='line_1_5' title="bbox 120 660 1196 741; baseline -0.006 -16"><span class='ocrx_word' id='word_1_31' title='bbox 120 674 201 725; x_wconf 86' lang='lat' dir='ltr'><strong>certe</strong></span> <span class='ocrx_word' id='word_1_32' title='bbox 217 664 275 723; x_wconf 83' lang='lat' dir='ltr'>sibi</span> <span class='ocrx_word' id='word_1_33' title='bbox 289 672 334 722; x_wconf 88' lang='lat' dir='ltr'><strong>est</strong></span> <span class='ocrx_word' id='word_1_34' title='bbox 348 661 592 741; x_wconf 71' lang='lat' dir='ltr'><strong>Theophrastus,</strong></span> <span class='ocrx_word' id='word_1_35' title='bbox 616 663 670 740; x_wconf 94' lang='lat' dir='ltr'><strong>qui</strong></span> <span class='ocrx_word' id='word_1_36' title='bbox 685 662 753 720; x_wconf 86' lang='lat' dir='ltr'><strong>aliis</strong></span> <span class='ocrx_word' id='word_1_37' title='bbox 770 661 902 720; x_wconf 87' lang='lat' dir='ltr'><strong>eiusdem</strong></span> <span class='ocrx_word' id='word_1_38' title='bbox 926 660 1105 740; x_wconf 85' lang='lat' dir='ltr'><strong>disciplinae</strong></span> <span class='ocrx_word' id='word_1_39' title='bbox 1121 660 1196 740; x_wconf 92' lang='lat' dir='ltr'><strong>phi·</strong></span> 
     </span>
     <span class='ocr_line' id='line_1_6' title="bbox 120 753 1197 844; baseline -0.005 -18"><span class='ocrx_word' id='word_1_40' title='bbox 120 753 256 844; x_wconf 85' lang='lat' dir='ltr'><strong>loeophis</strong></span> <span class='ocrx_word' id='word_1_41' title='bbox 266 763 418 823; x_wconf 85' lang='lat' dir='ltr'><strong>notandus</strong></span> <span class='ocrx_word' id='word_1_42' title='bbox 433 785 495 823; x_wconf 89' lang='lat' dir='ltr'><strong>non</strong></span> <span class='ocrx_word' id='word_1_43' title='bbox 511 774 589 823; x_wconf 88' lang='lat' dir='ltr'><strong>erat:</strong></span> <span class='ocrx_word' id='word_1_44' title='bbox 612 764 674 842; x_wconf 88' lang='lat' dir='ltr'><strong>qui,</strong></span> <span class='ocrx_word' id='word_1_45' title='bbox 695 783 788 841; x_wconf 91' lang='lat' dir='ltr'><strong>quum</strong></span> <span class='ocrx_word' id='word_1_46' title='bbox 806 764 968 838; x_wconf 79' lang='lat' dir='ltr'><strong>statuisset,</strong></span> <span class='ocrx_word' id='word_1_47' title='bbox 990 764 1110 824; x_wconf 86' lang='lat' dir='ltr'><strong>dolores</strong></span> <span class='ocrx_word' id='word_1_48' title='bbox 1125 783 1197 822; x_wconf 90' lang='lat' dir='ltr'><strong>cor-</strong></span> 
     </span>
     <span class='ocr_line' id='line_1_7' title="bbox 120 862 1196 948; baseline -0.004 -22"><span class='ocrx_word' id='word_1_49' title='bbox 120 867 205 948; x_wconf 84' lang='lat' dir='ltr'><strong>poris</strong></span> <span class='ocrx_word' id='word_1_50' title='bbox 225 876 255 925; x_wconf 90' lang='lat' dir='ltr'><strong>et</strong></span> <span class='ocrx_word' id='word_1_51' title='bbox 273 867 412 925; x_wconf 78' lang='lat' dir='ltr'><strong>fortunae</strong></span> <span class='ocrx_word' id='word_1_52' title='bbox 430 885 516 925; x_wconf 84' lang='lat' dir='ltr'><strong>cesus</strong></span> <span class='ocrx_word' id='word_1_53' title='bbox 541 886 678 943; x_wconf 89' lang='lat' dir='ltr'><strong>magnam</strong></span> <span class='ocrx_word' id='word_1_54' title='bbox 693 862 756 925; x_wconf 82' lang='lat' dir='ltr'><strong>rim</strong></span> <span class='ocrx_word' id='word_1_55' title='bbox 772 865 884 925; x_wconf 88' lang='lat' dir='ltr'><strong>habere</strong></span> <span class='ocrx_word' id='word_1_56' title='bbox 900 865 939 923; x_wconf 89' lang='lat' dir='ltr'><strong>ad</strong></span> <span class='ocrx_word' id='word_1_57' title='bbox 959 864 1065 924; x_wconf 78' lang='lat' dir='ltr'><strong>misere</strong></span> <span class='ocrx_word' id='word_1_58' title='bbox 1084 864 1196 924; x_wconf 86' lang='lat' dir='ltr'><strong>viven-</strong></span> 
     </span>
     <span class='ocr_line' id='line_1_8' title="bbox 122 967 1197 1044; baseline -0.003 -16"><span class='ocrx_word' id='word_1_59' title='bbox 122 968 204 1044; x_wconf 90' lang='lat' dir='ltr'><strong>dum,</strong></span> <span class='ocrx_word' id='word_1_60' title='bbox 226 974 401 1027; x_wconf 83' lang='lat' dir='ltr'><strong>constanter</strong></span> <span class='ocrx_word' id='word_1_61' title='bbox 415 967 551 1042; x_wconf 86' lang='lat' dir='ltr'><strong>dicebat,</strong></span> <span class='ocrx_word' id='word_1_62' title='bbox 572 987 635 1026; x_wconf 89' lang='lat' dir='ltr'><strong>non</strong></span> <span class='ocrx_word' id='word_1_63' title='bbox 652 987 753 1026; x_wconf 89' lang='lat' dir='ltr'><strong>omnes</strong></span> <span class='ocrx_word' id='word_1_64' title='bbox 768 968 865 1026; x_wconf 89' lang='lat' dir='ltr'><strong>bonos</strong></span> <span class='ocrx_word' id='word_1_65' title='bbox 882 985 944 1026; x_wconf 83' lang='lat' dir='ltr'><strong>esse</strong></span> <span class='ocrx_word' id='word_1_66' title='bbox 960 967 1079 1042; x_wconf 87' lang='lat' dir='ltr'><strong>beatos,</strong></span> <span class='ocrx_word' id='word_1_67' title='bbox 1103 985 1197 1042; x_wconf 87' lang='lat' dir='ltr'><strong>quum</strong></span> 
     </span>
     <span class='ocr_line' id='line_1_9' title="bbox 123 1067 1195 1149; baseline -0.004 -20"><span class='ocrx_word' id='word_1_68' title='bbox 123 1070 155 1129; x_wconf 91' lang='lat' dir='ltr'><strong>in</strong></span> <span class='ocrx_word' id='word_1_69' title='bbox 169 1089 272 1129; x_wconf 86' lang='lat' dir='ltr'><strong>omnes</strong></span> <span class='ocrx_word' id='word_1_70' title='bbox 284 1069 382 1129; x_wconf 87' lang='lat' dir='ltr'><strong>bonos</strong></span> <span class='ocrx_word' id='word_1_71' title='bbox 397 1078 428 1129; x_wconf 91' lang='lat' dir='ltr'><strong>et</strong></span> <span class='ocrx_word' id='word_1_72' title='bbox 448 1068 583 1149; x_wconf 86' lang='lat' dir='ltr'><strong>corporis</strong></span> <span class='ocrx_word' id='word_1_73' title='bbox 602 1067 720 1128; x_wconf 89' lang='lat' dir='ltr'><strong>dolores</strong></span> <span class='ocrx_word' id='word_1_74' title='bbox 740 1078 769 1128; x_wconf 92' lang='lat' dir='ltr'><strong>et</strong></span> <span class='ocrx_word' id='word_1_75' title='bbox 783 1069 922 1128; x_wconf 88' lang='lat' dir='ltr'><strong>fortunae</strong></span> <span class='ocrx_word' id='word_1_76' title='bbox 943 1067 1128 1126; x_wconf 77' lang='lat' dir='ltr'><strong>calamitates</strong></span> <span class='ocrx_word' id='word_1_77' title='bbox 1144 1086 1195 1126; x_wconf 70' lang='lat' dir='ltr'><strong>ca⁴</strong></span> 
     </span>
     <span class='ocr_line' id='line_1_10' title="bbox 124 1167 1198 1250; baseline -0.004 -20"><span class='ocrx_word' id='word_1_78' title='bbox 124 1171 193 1230; x_wconf 88' lang='lat' dir='ltr'><strong>dere</strong></span> <span class='ocrx_word' id='word_1_79' title='bbox 217 1179 349 1250; x_wconf 87' lang='lat' dir='ltr'><strong>possent.</strong></span> <span class='ocrx_word' id='word_1_80' title='bbox 392 1170 486 1229; x_wconf 88' lang='lat' dir='ltr'><strong>Immo</strong></span> <span class='ocrx_word' id='word_1_81' title='bbox 516 1169 550 1229; x_wconf 92' lang='lat' dir='ltr'><strong>id</strong></span> <span class='ocrx_word' id='word_1_82' title='bbox 567 1170 736 1231; x_wconf 89' lang='lat' dir='ltr'><strong>notandum</strong></span> <span class='ocrx_word' id='word_1_83' title='bbox 761 1180 840 1246; x_wconf 89' lang='lat' dir='ltr'><strong>erat,</strong></span> <span class='ocrx_word' id='word_1_84' title='bbox 872 1168 954 1247; x_wconf 92' lang='lat' dir='ltr'><strong>quod</strong></span> <span class='ocrx_word' id='word_1_85' title='bbox 979 1168 1116 1244; x_wconf 87' lang='lat' dir='ltr'><strong>dicebat,</strong></span> <span class='ocrx_word' id='word_1_86' title='bbox 1137 1167 1198 1227; x_wconf 85' lang='lat' dir='ltr'><strong>tria</strong></span> 
     </span>
     <span class='ocr_line' id='line_1_11' title="bbox 123 1268 1197 1351; baseline -0.006 -19"><span class='ocrx_word' id='word_1_87' title='bbox 123 1293 184 1332; x_wconf 87' lang='lat' dir='ltr'><strong>esse</strong></span> <span class='ocrx_word' id='word_1_88' title='bbox 208 1281 238 1330; x_wconf 88' lang='lat' dir='ltr'><strong>et</strong></span> <span class='ocrx_word' id='word_1_89' title='bbox 259 1272 409 1331; x_wconf 89' lang='lat' dir='ltr'><strong>bonorum</strong></span> <span class='ocrx_word' id='word_1_90' title='bbox 433 1281 463 1330; x_wconf 90' lang='lat' dir='ltr'><strong>et</strong></span> <span class='ocrx_word' id='word_1_91' title='bbox 483 1273 631 1331; x_wconf 87' lang='lat' dir='ltr'><strong>melorum</strong></span> <span class='ocrx_word' id='word_1_92' title='bbox 647 1291 764 1351; x_wconf 85' lang='lat' dir='ltr'><strong>genere.</strong></span> <span class='ocrx_word' id='word_1_93' title='bbox 807 1271 839 1329; x_wconf 89' lang='lat' dir='ltr'><strong>si</strong></span> <span class='ocrx_word' id='word_1_94' title='bbox 856 1271 935 1330; x_wconf 88' lang='lat' dir='ltr'><strong>enim</strong></span> <span class='ocrx_word' id='word_1_95' title='bbox 956 1270 983 1328; x_wconf 92' lang='lat' dir='ltr'><strong>ei</strong></span> <span class='ocrx_word' id='word_1_96' title='bbox 1009 1268 1197 1342; x_wconf 78' lang='lat' dir='ltr'><strong>conceditur,</strong></span> 
     </span>
     <span class='ocr_line' id='line_1_12' title="bbox 123 1374 1199 1452; baseline -0.003 -20"><span class='ocrx_word' id='word_1_97' title='bbox 123 1374 211 1452; x_wconf 87' lang='lat' dir='ltr'><strong>pluro</strong></span> <span class='ocrx_word' id='word_1_98' title='bbox 230 1374 381 1445; x_wconf 80' lang='lat' dir='ltr'><strong>bonorum</strong></span> <span class='ocrx_word' id='word_1_99' title='bbox 397 1374 589 1433; x_wconf 87' lang='lat' dir='ltr'><strong>etmalorum</strong></span> <span class='ocrx_word' id='word_1_100' title='bbox 604 1394 712 1452; x_wconf 77' lang='lat' dir='ltr'><strong>genera</strong></span> <span class='ocrx_word' id='word_1_101' title='bbox 727 1393 807 1433; x_wconf 84' lang='lat' dir='ltr'><strong>esse:</strong></span> <span class='ocrx_word' id='word_1_102' title='bbox 831 1380 1065 1431; x_wconf 88' lang='lat' dir='ltr'><strong>consentaneum</strong></span> <span class='ocrx_word' id='word_1_103' title='bbox 1080 1379 1145 1444; x_wconf 85' lang='lat' dir='ltr'><strong>cet,</strong></span> <span class='ocrx_word' id='word_1_104' title='bbox 1166 1379 1199 1430; x_wconf 85' lang='lat' dir='ltr'><strong>nt</strong></span> 
     </span>
     <span class='ocr_line' id='line_1_13' title="bbox 124 1471 1199 1554; baseline -0.005 -20"><span class='ocrx_word' id='word_1_105' title='bbox 124 1474 335 1554; x_wconf 83' lang='lat' dir='ltr'><strong>consequentia</strong></span> <span class='ocrx_word' id='word_1_106' title='bbox 359 1475 573 1535; x_wconf 88' lang='lat' dir='ltr'><strong>concedentur.</strong></span> <span class='ocrx_word' id='word_1_107' title='bbox 602 1496 628 1534; x_wconf 90' lang='lat' dir='ltr'><strong>c.</strong></span> <span class='ocrx_word' id='word_1_108' title='bbox 649 1477 679 1543; x_wconf 84' lang='lat'><strong>9.</strong></span> <span class='ocrx_word' id='word_1_109' title='bbox 702 1476 728 1554; x_wconf 77' lang='lat'><strong>§.</strong></span> <span class='ocrx_word' id='word_1_110' title='bbox 753 1471 804 1542; x_wconf 68' lang='lat'><strong>24.</strong></span> <span class='ocrx_word' id='word_1_111' title='bbox 826 1476 877 1542; x_wconf 72' lang='lat'><strong>95.</strong></span> <span class='ocrx_word' id='word_1_112' title='bbox 922 1472 984 1532; x_wconf 76' lang='lat' dir='ltr'><strong>Aut</strong></span> <span class='ocrx_word' id='word_1_113' title='bbox 1009 1492 1072 1531; x_wconf 89' lang='lat' dir='ltr'><strong>non</strong></span> <span class='ocrx_word' id='word_1_114' title='bbox 1097 1471 1199 1530; x_wconf 88' lang='lat' dir='ltr'><strong>minus</strong></span> 
     </span>
     <span class='ocr_line' id='line_1_14' title="bbox 125 1573 1199 1655; baseline -0.005 -19"><span class='ocrx_word' id='word_1_115' title='bbox 125 1586 293 1637; x_wconf 86' lang='lat' dir='ltr'><strong>constantes</strong></span> <span class='ocrx_word' id='word_1_116' title='bbox 308 1596 412 1636; x_wconf 86' lang='lat' dir='ltr'><strong>sumus</strong></span> <span class='ocrx_word' id='word_1_117' title='bbox 423 1576 572 1655; x_wconf 88' lang='lat' dir='ltr'><strong>Epicuro:</strong></span> <span class='ocrx_word' id='word_1_118' title='bbox 596 1576 649 1653; x_wconf 90' lang='lat' dir='ltr'><strong>qui</strong></span> <span class='ocrx_word' id='word_1_119' title='bbox 664 1577 759 1636; x_wconf 85' lang='lat' dir='ltr'><strong>multa</strong></span> <span class='ocrx_word' id='word_1_120' title='bbox 775 1575 1024 1655; x_wconf 86' lang='lat' dir='ltr'><strong>praeclaraseepe</strong></span> <span class='ocrx_word' id='word_1_121' title='bbox 1039 1573 1125 1648; x_wconf 89' lang='lat' dir='ltr'><strong>dicit,</strong></span> <span class='ocrx_word' id='word_1_122' title='bbox 1148 1573 1199 1631; x_wconf 87' lang='lat' dir='ltr'><strong>sed</strong></span> 
     </span>
     <span class='ocr_line' id='line_1_15' title="bbox 124 1678 1200 1757; baseline -0.005 -20"><span class='ocrx_word' id='word_1_123' title='bbox 124 1699 186 1737; x_wconf 90' lang='lat' dir='ltr'><strong>non</strong></span> <span class='ocrx_word' id='word_1_124' title='bbox 203 1699 321 1757; x_wconf 88' lang='lat' dir='ltr'><strong>semper</strong></span> <span class='ocrx_word' id='word_1_125' title='bbox 336 1678 554 1737; x_wconf 86' lang='lat' dir='ltr'><strong>convenienter</strong></span> <span class='ocrx_word' id='word_1_126' title='bbox 569 1678 696 1737; x_wconf 87' lang='lat' dir='ltr'><strong>decretis</strong></span> <span class='ocrx_word' id='word_1_127' title='bbox 707 1678 778 1753; x_wconf 84' lang='lat' dir='ltr'><strong>suis,</strong></span> <span class='ocrx_word' id='word_1_128' title='bbox 801 1696 894 1753; x_wconf 91' lang='lat' dir='ltr'><strong>quum</strong></span> <span class='ocrx_word' id='word_1_129' title='bbox 905 1684 1002 1754; x_wconf 83' lang='lat' dir='ltr'><strong>neget,</strong></span> <span class='ocrx_word' id='word_1_130' title='bbox 1016 1693 1200 1753; x_wconf 88' lang='lat' dir='ltr'><strong>quemquam</strong></span> 
     </span>
     <span class='ocr_line' id='line_1_16' title="bbox 125 1775 1199 1858; baseline -0.002 -22"><span class='ocrx_word' id='word_1_131' title='bbox 125 1779 259 1838; x_wconf 91' lang='lat' dir='ltr'><strong>iucunde</strong></span> <span class='ocrx_word' id='word_1_132' title='bbox 274 1800 361 1858; x_wconf 91' lang='lat' dir='ltr'><strong>posse</strong></span> <span class='ocrx_word' id='word_1_133' title='bbox 377 1782 489 1854; x_wconf 84' lang='lat' dir='ltr'><strong>vivere,</strong></span> <span class='ocrx_word' id='word_1_134' title='bbox 507 1779 566 1838; x_wconf 92' lang='lat' dir='ltr'><strong>nisi</strong></span> <span class='ocrx_word' id='word_1_135' title='bbox 576 1779 655 1838; x_wconf 90' lang='lat' dir='ltr'><strong>idem</strong></span> <span class='ocrx_word' id='word_1_136' title='bbox 670 1778 795 1838; x_wconf 91' lang='lat' dir='ltr'><strong>honeste</strong></span> <span class='ocrx_word' id='word_1_137' title='bbox 811 1778 908 1853; x_wconf 88' lang='lat' dir='ltr'><strong>vivat,</strong></span> <span class='ocrx_word' id='word_1_138' title='bbox 924 1786 986 1853; x_wconf 86' lang='lat' dir='ltr'><strong>eut,</strong></span> <span class='ocrx_word' id='word_1_139' title='bbox 996 1796 1091 1855; x_wconf 90' lang='lat' dir='ltr'><strong>quum</strong></span> <span class='ocrx_word' id='word_1_140' title='bbox 1108 1775 1199 1849; x_wconf 82' lang='lat' dir='ltr'><strong>dicet,</strong></span> 
     </span>
     <span class='ocr_line' id='line_1_17' title="bbox 127 1879 919 1958; baseline -0.001 -20"><span class='ocrx_word' id='word_1_141' title='bbox 127 1880 279 1939; x_wconf 83' lang='lat' dir='ltr'><strong>fortunam</strong></span> <span class='ocrx_word' id='word_1_142' title='bbox 299 1880 439 1958; x_wconf 83' lang='lat' dir='ltr'><strong>exiguam</strong></span> <span class='ocrx_word' id='word_1_143' title='bbox 458 1880 642 1939; x_wconf 83' lang='lat' dir='ltr'><strong>intervenire</strong></span> <span class='ocrx_word' id='word_1_144' title='bbox 660 1879 798 1958; x_wconf 88' lang='lat' dir='ltr'><strong>sepienti.</strong></span> <span class='ocrx_word' id='word_1_145' title='bbox 820 1880 846 1957; x_wconf 87' lang='lat'><strong>§.</strong></span> <span class='ocrx_word' id='word_1_146' title='bbox 867 1879 919 1948; x_wconf 74' lang='lat'><strong>26.</strong></span> 
     </span>
    </p>

    <p class='ocr_par' dir='ltr' id='par_1_3' title="bbox 124 1980 1200 2769">
     <span class='ocr_line' id='line_1_18' title="bbox 208 1980 1198 2056; baseline -0.002 -16"><span class='ocrx_word' id='word_1_147' title='bbox 208 1980 237 2040; x_wconf 92' lang='lat' dir='ltr'><strong>d.</strong></span> <span class='ocrx_word' id='word_1_148' title='bbox 260 1981 291 2039; x_wconf 88' lang='lat' dir='ltr'><strong>Si</strong></span> <span class='ocrx_word' id='word_1_149' title='bbox 309 1981 397 2041; x_wconf 87' lang='lat' dir='ltr'><strong>nobis</strong></span> <span class='ocrx_word' id='word_1_150' title='bbox 419 1990 556 2041; x_wconf 83' lang='lat' dir='ltr'><strong>constare</strong></span> <span class='ocrx_word' id='word_1_151' title='bbox 569 1981 729 2056; x_wconf 86' lang='lat' dir='ltr'><strong>volumus,</strong></span> <span class='ocrx_word' id='word_1_152' title='bbox 751 1980 913 2040; x_wconf 90' lang='lat' dir='ltr'><strong>dicendum</strong></span> <span class='ocrx_word' id='word_1_153' title='bbox 935 1989 995 2055; x_wconf 90' lang='lat' dir='ltr'><strong>est,</strong></span> <span class='ocrx_word' id='word_1_154' title='bbox 1018 1998 1121 2039; x_wconf 84' lang='lat' dir='ltr'><strong>omnes</strong></span> <span class='ocrx_word' id='word_1_155' title='bbox 1140 1980 1198 2039; x_wconf 91' lang='lat' dir='ltr'><strong>bo·</strong></span> 
     </span>
     <span class='ocr_line' id='line_1_19' title="bbox 125 2081 1197 2160; baseline -0.001 -20"><span class='ocrx_word' id='word_1_156' title='bbox 125 2103 189 2157; x_wconf 91' lang='lat' dir='ltr'><strong>nos,</strong></span> <span class='ocrx_word' id='word_1_157' title='bbox 208 2083 228 2142; x_wconf 88' lang='lat' dir='ltr'><strong>i.</strong></span> <span class='ocrx_word' id='word_1_158' title='bbox 246 2103 270 2142; x_wconf 90' lang='lat' dir='ltr'><strong>e.</strong></span> <span class='ocrx_word' id='word_1_159' title='bbox 289 2082 428 2142; x_wconf 88' lang='lat' dir='ltr'><strong>omnibus</strong></span> <span class='ocrx_word' id='word_1_160' title='bbox 447 2083 614 2142; x_wconf 79' lang='lat' dir='ltr'><strong>rirmtibus</strong></span> <span class='ocrx_word' id='word_1_161' title='bbox 636 2083 801 2143; x_wconf 86' lang='lat' dir='ltr'><strong>instructos</strong></span> <span class='ocrx_word' id='word_1_162' title='bbox 825 2092 855 2141; x_wconf 89' lang='lat' dir='ltr'><strong>et</strong></span> <span class='ocrx_word' id='word_1_163' title='bbox 874 2082 1037 2160; x_wconf 88' lang='lat' dir='ltr'><strong>sapientes,</strong></span> <span class='ocrx_word' id='word_1_164' title='bbox 1059 2081 1119 2140; x_wconf 84' lang='lat' dir='ltr'><strong>nisi</strong></span> <span class='ocrx_word' id='word_1_165' title='bbox 1137 2101 1197 2140; x_wconf 87' lang='lat' dir='ltr'><strong>una</strong></span> 
     </span>
     <span class='ocr_line' id='line_1_20' title="bbox 124 2181 1198 2264; baseline -0.003 -22"><span class='ocrx_word' id='word_1_166' title='bbox 124 2185 239 2243; x_wconf 85' lang='lat' dir='ltr'><strong>virtute</strong></span> <span class='ocrx_word' id='word_1_167' title='bbox 261 2184 452 2243; x_wconf 88' lang='lat' dir='ltr'><strong>contineatur</strong></span> <span class='ocrx_word' id='word_1_168' title='bbox 473 2184 537 2244; x_wconf 80' lang='lat' dir='ltr'><strong>vita</strong></span> <span class='ocrx_word' id='word_1_169' title='bbox 560 2186 662 2260; x_wconf 87' lang='lat' dir='ltr'><strong>beate,</strong></span> <span class='ocrx_word' id='word_1_170' title='bbox 683 2181 801 2264; x_wconf 76' lang='lat' dir='ltr'><strong>semper</strong></span> <span class='ocrx_word' id='word_1_171' title='bbox 821 2185 924 2242; x_wconf 87' lang='lat' dir='ltr'><strong>beatos</strong></span> <span class='ocrx_word' id='word_1_172' title='bbox 941 2203 1004 2241; x_wconf 88' lang='lat' dir='ltr'><strong>csse</strong></span> <span class='ocrx_word' id='word_1_173' title='bbox 1020 2202 1084 2240; x_wconf 91' lang='lat' dir='ltr'><strong>non</strong></span> <span class='ocrx_word' id='word_1_174' title='bbox 1100 2202 1198 2261; x_wconf 87' lang='lat' dir='ltr'><strong>posse.</strong></span> 
     </span>
     <span class='ocr_line' id='line_1_21' title="bbox 125 2283 1197 2365; baseline -0.002 -22"><span class='ocrx_word' id='word_1_175' title='bbox 125 2285 210 2343; x_wconf 81' lang='lat' dir='ltr'><strong>Beati</strong></span> <span class='ocrx_word' id='word_1_176' title='bbox 234 2283 314 2343; x_wconf 91' lang='lat' dir='ltr'><strong>enim</strong></span> <span class='ocrx_word' id='word_1_177' title='bbox 334 2285 456 2345; x_wconf 89' lang='lat' dir='ltr'><strong>dicendi</strong></span> <span class='ocrx_word' id='word_1_178' title='bbox 475 2295 547 2345; x_wconf 88' lang='lat' dir='ltr'><strong>sunt</strong></span> <span class='ocrx_word' id='word_1_179' title='bbox 562 2285 602 2362; x_wconf 89' lang='lat' dir='ltr'><strong>ii,</strong></span> <span class='ocrx_word' id='word_1_180' title='bbox 625 2286 764 2365; x_wconf 87' lang='lat' dir='ltr'><strong>quisunt</strong></span> <span class='ocrx_word' id='word_1_181' title='bbox 781 2284 927 2360; x_wconf 87' lang='lat' dir='ltr'><strong>inbonis,</strong></span> <span class='ocrx_word' id='word_1_182' title='bbox 949 2284 1037 2343; x_wconf 88' lang='lat' dir='ltr'><strong>nullo</strong></span> <span class='ocrx_word' id='word_1_183' title='bbox 1052 2283 1197 2342; x_wconf 84' lang='lat' dir='ltr'><strong>adiuncto</strong></span> 
     </span>
     <span class='ocr_line' id='line_1_22' title="bbox 124 2384 1198 2466; baseline 0.001 -23"><span class='ocrx_word' id='word_1_184' title='bbox 124 2385 213 2444; x_wconf 85' lang='lat' dir='ltr'><strong>malo.</strong></span> <span class='ocrx_word' id='word_1_185' title='bbox 240 2384 328 2446; x_wconf 88' lang='lat' dir='ltr'><strong>Hanc</strong></span> <span class='ocrx_word' id='word_1_186' title='bbox 342 2399 443 2447; x_wconf 88' lang='lat' dir='ltr'><strong>autem</strong></span> <span class='ocrx_word' id='word_1_187' title='bbox 458 2387 641 2447; x_wconf 88' lang='lat' dir='ltr'><strong>cumulatam</strong></span> <span class='ocrx_word' id='word_1_188' title='bbox 656 2388 807 2447; x_wconf 88' lang='lat' dir='ltr'><strong>bonorum</strong></span> <span class='ocrx_word' id='word_1_189' title='bbox 826 2386 1075 2466; x_wconf 83' lang='lat' dir='ltr'><strong>complexionem,</strong></span> <span class='ocrx_word' id='word_1_190' title='bbox 1097 2405 1198 2444; x_wconf 84' lang='lat' dir='ltr'><strong>secrc-</strong></span> 
     </span>
     <span class='ocr_line' id='line_1_23' title="bbox 124 2487 1199 2568; baseline -0.001 -22"><span class='ocrx_word' id='word_1_191' title='bbox 124 2487 164 2546; x_wconf 83' lang='lat' dir='ltr'><strong>tis</strong></span> <span class='ocrx_word' id='word_1_192' title='bbox 178 2487 264 2547; x_wconf 87' lang='lat' dir='ltr'><strong>malis</strong></span> <span class='ocrx_word' id='word_1_193' title='bbox 276 2489 424 2564; x_wconf 89' lang='lat' dir='ltr'><strong>omnibus,</strong></span> <span class='ocrx_word' id='word_1_194' title='bbox 445 2489 544 2548; x_wconf 84' lang='lat' dir='ltr'><strong>virtus</strong></span> <span class='ocrx_word' id='word_1_195' title='bbox 554 2488 672 2567; x_wconf 88' lang='lat' dir='ltr'><strong>assequi</strong></span> <span class='ocrx_word' id='word_1_196' title='bbox 681 2509 743 2547; x_wconf 91' lang='lat' dir='ltr'><strong>non</strong></span> <span class='ocrx_word' id='word_1_197' title='bbox 761 2498 869 2568; x_wconf 88' lang='lat' dir='ltr'><strong>potest,</strong></span> <span class='ocrx_word' id='word_1_198' title='bbox 892 2487 917 2547; x_wconf 88' lang='lat' dir='ltr'><strong>si</strong></span> <span class='ocrx_word' id='word_1_199' title='bbox 928 2487 1091 2566; x_wconf 89' lang='lat' dir='ltr'><strong>quicquam</strong></span> <span class='ocrx_word' id='word_1_200' title='bbox 1106 2507 1199 2566; x_wconf 87' lang='lat' dir='ltr'><strong>prae-</strong></span> 
     </span>
     <span class='ocr_line' id='line_1_24' title="bbox 126 2589 1199 2671; baseline 0 -25"><span class='ocrx_word' id='word_1_201' title='bbox 126 2597 171 2647; x_wconf 89' lang='lat' dir='ltr'><strong>ter</strong></span> <span class='ocrx_word' id='word_1_202' title='bbox 186 2589 282 2668; x_wconf 88' lang='lat' dir='ltr'><strong>ipsam</strong></span> <span class='ocrx_word' id='word_1_203' title='bbox 294 2589 367 2648; x_wconf 92' lang='lat' dir='ltr'><strong>boni</strong></span> <span class='ocrx_word' id='word_1_204' title='bbox 383 2600 436 2648; x_wconf 87' lang='lat' dir='ltr'><strong>est.</strong></span> <span class='ocrx_word' id='word_1_205' title='bbox 473 2590 550 2648; x_wconf 89' lang='lat' dir='ltr'><strong>Nam</strong></span> <span class='ocrx_word' id='word_1_206' title='bbox 567 2591 667 2649; x_wconf 89' lang='lat' dir='ltr'><strong>omnia</strong></span> <span class='ocrx_word' id='word_1_207' title='bbox 684 2589 739 2648; x_wconf 87' lang='lat' dir='ltr'><strong>illa</strong></span> <span class='ocrx_word' id='word_1_208' title='bbox 749 2609 826 2667; x_wconf 88' lang='lat' dir='ltr'><strong>quae</strong></span> <span class='ocrx_word' id='word_1_209' title='bbox 840 2589 934 2667; x_wconf 81' lang='lat' dir='ltr'><strong>vulgo</strong></span> <span class='ocrx_word' id='word_1_210' title='bbox 948 2589 1093 2671; x_wconf 78' lang='lat' dir='ltr'><strong>dicuntur</strong></span> <span class='ocrx_word' id='word_1_211' title='bbox 1107 2589 1199 2661; x_wconf 86' lang='lat' dir='ltr'><strong>bona,</strong></span> 
     </span>
     <span class='ocr_line' id='line_1_25' title="bbox 125 2689 1200 2769; baseline 0.001 -23"><span class='ocrx_word' id='word_1_212' title='bbox 125 2690 266 2766; x_wconf 86' lang='lat' dir='ltr'><strong>quoniam</strong></span> <span class='ocrx_word' id='word_1_213' title='bbox 287 2697 372 2747; x_wconf 86' lang='lat' dir='ltr'><strong>extre</strong></span> <span class='ocrx_word' id='word_1_214' title='bbox 390 2689 454 2749; x_wconf 90' lang='lat' dir='ltr'><strong>eius</strong></span> <span class='ocrx_word' id='word_1_215' title='bbox 470 2694 647 2769; x_wconf 82' lang='lat' dir='ltr'><strong>potestatem</strong></span> <span class='ocrx_word' id='word_1_216' title='bbox 661 2691 759 2769; x_wconf 75' lang='lat' dir='ltr'><strong>posita</strong></span> <span class='ocrx_word' id='word_1_217' title='bbox 778 2701 858 2767; x_wconf 87' lang='lat' dir='ltr'><strong>sunt,</strong></span> <span class='ocrx_word' id='word_1_218' title='bbox 880 2691 1016 2750; x_wconf 89' lang='lat' dir='ltr'><strong>amittere</strong></span> <span class='ocrx_word' id='word_1_219' title='bbox 1030 2697 1148 2768; x_wconf 83' lang='lat' dir='ltr'><strong>potest,</strong></span> <span class='ocrx_word' id='word_1_220' title='bbox 1171 2698 1200 2747; x_wconf 89' lang='lat' dir='ltr'><strong>et</strong></span> 
     </span>
    </p>

    <p class='ocr_par' dir='ltr' id='par_1_4' title="bbox 80 2790 1200 3478">
     <span class='ocr_line' id='line_1_26' title="bbox 125 2790 1198 2878; baseline 0.002 -30"><span class='ocrx_word' id='word_1_221' title='bbox 125 2790 225 2878; x_wconf 84' lang='lat' dir='ltr'><strong>omnia</strong></span> <span class='ocrx_word' id='word_1_222' title='bbox 238 2790 292 2849; x_wconf 86' lang='lat' dir='ltr'><strong>illa</strong></span> <span class='ocrx_word' id='word_1_223' title='bbox 319 2810 395 2866; x_wconf 89' lang='lat' dir='ltr'><strong>quae</strong></span> <span class='ocrx_word' id='word_1_224' title='bbox 407 2791 441 2849; x_wconf 89' lang='lat' dir='ltr'><strong>in</strong></span> <span class='ocrx_word' id='word_1_225' title='bbox 459 2791 545 2850; x_wconf 90' lang='lat' dir='ltr'><strong>malis</strong></span> <span class='ocrx_word' id='word_1_226' title='bbox 563 2801 762 2851; x_wconf 87' lang='lat' dir='ltr'><strong>numerantur</strong></span> <span class='ocrx_word' id='word_1_227' title='bbox 773 2812 835 2852; x_wconf 90' lang='lat' dir='ltr'><strong>uno</strong></span> <span class='ocrx_word' id='word_1_228' title='bbox 852 2803 988 2871; x_wconf 89' lang='lat' dir='ltr'><strong>tempore</strong></span> <span class='ocrx_word' id='word_1_229' title='bbox 1005 2791 1039 2849; x_wconf 90' lang='lat' dir='ltr'><strong>in</strong></span> <span class='ocrx_word' id='word_1_230' title='bbox 1055 2811 1127 2850; x_wconf 88' lang='lat' dir='ltr'><strong>eum</strong></span> <span class='ocrx_word' id='word_1_231' title='bbox 1146 2792 1198 2850; x_wconf 91' lang='lat' dir='ltr'><strong>in·</strong></span> 
     </span>
     <span class='ocr_line' id='line_1_27' title="bbox 80 2869 1200 2974; baseline 0.003 -27"><span class='ocrx_word' id='word_1_232' title='bbox 80 2874 83 2887; x_wconf 58' lang='lat'><strong>¹</strong></span> <span class='ocrx_word' id='word_1_233' title='bbox 126 2889 225 2949; x_wconf 88' lang='lat' dir='ltr'><strong>cidere</strong></span> <span class='ocrx_word' id='word_1_234' title='bbox 240 2900 377 2969; x_wconf 89' lang='lat' dir='ltr'><strong>possunt.</strong></span> <span class='ocrx_word' id='word_1_235' title='bbox 400 2869 680 2969; x_wconf 63' lang='grc' dir='ltr'><strong>ο.·10.1.28-30.</strong></span> <span class='ocrx_word' id='word_1_236' title='bbox 723 2895 840 2954; x_wconf 75' lang='lat' dir='ltr'><strong>Rursus</strong></span> <span class='ocrx_word' id='word_1_237' title='bbox 854 2893 981 2974; x_wconf 77' lang='lat' dir='ltr'><strong>Epicuri</strong></span> <span class='ocrx_word' id='word_1_238' title='bbox 996 2894 1200 2953; x_wconf 86' lang='lat' dir='ltr'><strong>inconstantia</strong></span> 
     </span>
     <span class='ocr_line' id='line_1_28' title="bbox 124 2989 1197 3075; baseline 0.005 -27"><span class='ocrx_word' id='word_1_239' title='bbox 124 2989 363 3069; x_wconf 85' lang='lat' dir='ltr'><strong>reprehenditur.</strong></span> <span class='ocrx_word' id='word_1_240' title='bbox 385 2994 412 3071; x_wconf 86' lang='lat'><strong>§.</strong></span> <span class='ocrx_word' id='word_1_241' title='bbox 433 2995 485 3061; x_wconf 83' lang='lat'><strong>31.</strong></span> <span class='ocrx_word' id='word_1_242' title='bbox 534 2994 641 3073; x_wconf 85' lang='lat' dir='ltr'><strong>ltaque</strong></span> <span class='ocrx_word' id='word_1_243' title='bbox 664 2996 699 3057; x_wconf 91' lang='lat' dir='ltr'><strong>in</strong></span> <span class='ocrx_word' id='word_1_244' title='bbox 720 2994 779 3056; x_wconf 88' lang='lat' dir='ltr'><strong>hac</strong></span> <span class='ocrx_word' id='word_1_245' title='bbox 794 2995 917 3075; x_wconf 87' lang='lat' dir='ltr'><strong>quidem</strong></span> <span class='ocrx_word' id='word_1_246' title='bbox 939 3015 972 3054; x_wconf 91' lang='lat' dir='ltr'><strong>re</strong></span> <span class='ocrx_word' id='word_1_247' title='bbox 997 2995 1103 3072; x_wconf 82' lang='lat' dir='ltr'><strong>negari</strong></span> <span class='ocrx_word' id='word_1_248' title='bbox 1133 3015 1197 3054; x_wconf 90' lang='lat' dir='ltr'><strong>non</strong></span> 
     </span>
     <span class='ocr_line' id='line_1_29' title="bbox 124 3094 1199 3175; baseline 0.007 -26"><span class='ocrx_word' id='word_1_249' title='bbox 124 3100 237 3171; x_wconf 83' lang='lat' dir='ltr'><strong>potest,</strong></span> <span class='ocrx_word' id='word_1_250' title='bbox 254 3095 373 3153; x_wconf 51' lang='lat' dir='ltr'><strong>¹Stoicos</strong></span> <span class='ocrx_word' id='word_1_251' title='bbox 393 3094 489 3175; x_wconf 85' lang='lat' dir='ltr'><strong>multo</strong></span> <span class='ocrx_word' id='word_1_252' title='bbox 508 3098 725 3157; x_wconf 87' lang='lat' dir='ltr'><strong>constantiores</strong></span> <span class='ocrx_word' id='word_1_253' title='bbox 747 3098 836 3157; x_wconf 81' lang='lat' dir='ltr'><strong>fuisse</strong></span> <span class='ocrx_word' id='word_1_254' title='bbox 855 3098 889 3156; x_wconf 91' lang='lat' dir='ltr'><strong>in</strong></span> <span class='ocrx_word' id='word_1_255' title='bbox 912 3095 1124 3157; x_wconf 85' lang='lat' dir='ltr'><strong>constituenda</strong></span> <span class='ocrx_word' id='word_1_256' title='bbox 1145 3117 1199 3156; x_wconf 88' lang='lat' dir='ltr'><strong>sua</strong></span> 
     </span>
     <span class='ocr_line' id='line_1_30' title="bbox 125 3193 1200 3278; baseline 0.004 -27"><span class='ocrx_word' id='word_1_257' title='bbox 125 3193 300 3272; x_wconf 88' lang='lat' dir='ltr'><strong>disciplina,</strong></span> <span class='ocrx_word' id='word_1_258' title='bbox 319 3215 408 3273; x_wconf 90' lang='lat' dir='ltr'><strong>quem</strong></span> <span class='ocrx_word' id='word_1_259' title='bbox 431 3196 660 3276; x_wconf 83' lang='lat' dir='ltr'><strong>Peripateticos;</strong></span> <span class='ocrx_word' id='word_1_260' title='bbox 683 3218 864 3278; x_wconf 84' lang='lat' dir='ltr'><strong>quemqnam</strong></span> <span class='ocrx_word' id='word_1_261' title='bbox 879 3198 913 3256; x_wconf 89' lang='lat' dir='ltr'><strong>in</strong></span> <span class='ocrx_word' id='word_1_262' title='bbox 928 3197 994 3257; x_wconf 89' lang='lat' dir='ltr'><strong>aliis</strong></span> <span class='ocrx_word' id='word_1_263' title='bbox 1010 3197 1102 3256; x_wconf 86' lang='lat' dir='ltr'><strong>rebus</strong></span> <span class='ocrx_word' id='word_1_264' title='bbox 1117 3198 1200 3257; x_wconf 89' lang='lat' dir='ltr'><strong>inter</strong></span> 
     </span>
     <span class='ocr_line' id='line_1_31' title="bbox 124 3295 1200 3379; baseline 0.006 -26"><span class='ocrx_word' id='word_1_265' title='bbox 124 3295 273 3355; x_wconf 87' lang='lat' dir='ltr'><strong>Zenonem</strong></span> <span class='ocrx_word' id='word_1_266' title='bbox 292 3305 321 3354; x_wconf 90' lang='lat' dir='ltr'><strong>et</strong></span> <span class='ocrx_word' id='word_1_267' title='bbox 335 3296 549 3375; x_wconf 87' lang='lat' dir='ltr'><strong>Peripateticos</strong></span> <span class='ocrx_word' id='word_1_268' title='bbox 566 3299 772 3379; x_wconf 90' lang='lat' dir='ltr'><strong>nihilpreeter</strong></span> <span class='ocrx_word' id='word_1_269' title='bbox 788 3301 952 3360; x_wconf 83' lang='lat' dir='ltr'><strong>verborum</strong></span> <span class='ocrx_word' id='word_1_270' title='bbox 970 3298 1139 3358; x_wconf 86' lang='lat' dir='ltr'><strong>novitatem</strong></span> <span class='ocrx_word' id='word_1_271' title='bbox 1149 3300 1200 3359; x_wconf 85' lang='lat' dir='ltr'><strong>in·</strong></span> 
     </span>
     <span class='ocr_line' id='line_1_32' title="bbox 124 3397 641 3478; baseline 0.01 -23"><span class='ocrx_word' id='word_1_272' title='bbox 124 3405 233 3458; x_wconf 87' lang='lat' dir='ltr'><strong>teresse</strong></span> <span class='ocrx_word' id='word_1_273' title='bbox 248 3398 313 3457; x_wconf 89' lang='lat' dir='ltr'><strong>iure</strong></span> <span class='ocrx_word' id='word_1_274' title='bbox 331 3397 391 3458; x_wconf 88' lang='lat' dir='ltr'><strong>dici</strong></span> <span class='ocrx_word' id='word_1_275' title='bbox 409 3408 518 3478; x_wconf 86' lang='lat' dir='ltr'><strong>potest.</strong></span> <span class='ocrx_word' id='word_1_276' title='bbox 542 3421 567 3460; x_wconf 90' lang='lat' dir='ltr'><strong>e.</strong></span> <span class='ocrx_word' id='word_1_277' title='bbox 591 3404 641 3469; x_wconf 85' lang='lat'><strong>11.</strong></span> 
     </span>
    </p>

    <p class='ocr_par' dir='ltr' id='par_1_5' title="bbox 124 3502 1201 3873">
     <span class='ocr_line' id='line_1_33' title="bbox 203 3502 1198 3583; baseline 0.001 -23"><span class='ocrx_word' id='word_1_278' title='bbox 203 3521 231 3570; x_wconf 77' lang='lat' dir='ltr'><strong>,e.</strong></span> <span class='ocrx_word' id='word_1_279' title='bbox 255 3502 394 3561; x_wconf 87' lang='lat' dir='ltr'><strong>Ceterum</strong></span> <span class='ocrx_word' id='word_1_280' title='bbox 417 3522 480 3561; x_wconf 88' lang='lat' dir='ltr'><strong>non</strong></span> <span class='ocrx_word' id='word_1_281' title='bbox 498 3504 579 3562; x_wconf 85' lang='lat' dir='ltr'><strong>Zeno</strong></span> <span class='ocrx_word' id='word_1_282' title='bbox 600 3503 718 3583; x_wconf 89' lang='lat' dir='ltr'><strong>primus</strong></span> <span class='ocrx_word' id='word_1_283' title='bbox 738 3503 862 3577; x_wconf 82' lang='lat' dir='ltr'><strong>docuit,</strong></span> <span class='ocrx_word' id='word_1_284' title='bbox 884 3505 946 3562; x_wconf 91' lang='lat' dir='ltr'><strong>sola</strong></span> <span class='ocrx_word' id='word_1_285' title='bbox 971 3503 1086 3562; x_wconf 87' lang='lat' dir='ltr'><strong>virtute</strong></span> <span class='ocrx_word' id='word_1_286' title='bbox 1102 3503 1198 3561; x_wconf 88' lang='lat' dir='ltr'><strong>vitam</strong></span> 
     </span>
     <span class='ocr_line' id='line_1_34' title="bbox 124 3601 1199 3683; baseline 0.006 -25"><span class='ocrx_word' id='word_1_287' title='bbox 124 3601 241 3661; x_wconf 88' lang='lat' dir='ltr'><strong>beatam</strong></span> <span class='ocrx_word' id='word_1_288' title='bbox 264 3603 388 3678; x_wconf 75' lang='lat' dir='ltr'><strong>confici,</strong></span> <span class='ocrx_word' id='word_1_289' title='bbox 416 3604 468 3665; x_wconf 88' lang='lat' dir='ltr'><strong>sed</strong></span> <span class='ocrx_word' id='word_1_290' title='bbox 494 3603 586 3664; x_wconf 90' lang='lat' dir='ltr'><strong>huius</strong></span> <span class='ocrx_word' id='word_1_291' title='bbox 601 3604 769 3665; x_wconf 85' lang='lat' dir='ltr'><strong>sententiae</strong></span> <span class='ocrx_word' id='word_1_292' title='bbox 786 3604 918 3683; x_wconf 83' lang='lat' dir='ltr'><strong>gravitas</strong></span> <span class='ocrx_word' id='word_1_293' title='bbox 936 3603 1098 3683; x_wconf 85' lang='lat' dir='ltr'><strong>repetenda</strong></span> <span class='ocrx_word' id='word_1_294' title='bbox 1115 3615 1165 3664; x_wconf 87' lang='lat' dir='ltr'><strong>est</strong></span> <span class='ocrx_word' id='word_1_295' title='bbox 1184 3627 1199 3663; x_wconf 90' lang='lat' dir='ltr'><strong>a</strong></span> 
     </span>
     <span class='ocr_line' id='line_1_35' title="bbox 125 3702 1201 3785; baseline 0.004 -26"><span class='ocrx_word' id='word_1_296' title='bbox 125 3702 464 3766; x_wconf 75' lang='lat' dir='ltr'><strong>Platonisauctoritate.</strong></span> <span class='ocrx_word' id='word_1_297' title='bbox 508 3708 555 3767; x_wconf 85' lang='lat' dir='ltr'><strong>Ex</strong></span> <span class='ocrx_word' id='word_1_298' title='bbox 572 3705 632 3767; x_wconf 93' lang='lat' dir='ltr'><strong>hoe</strong></span> <span class='ocrx_word' id='word_1_299' title='bbox 648 3707 742 3785; x_wconf 78' lang='lat' dir='ltr'><strong>igitur</strong></span> <span class='ocrx_word' id='word_1_300' title='bbox 757 3707 838 3765; x_wconf 81' lang='lat' dir='ltr'><strong>fonte</strong></span> <span class='ocrx_word' id='word_1_301' title='bbox 854 3704 928 3765; x_wconf 87' lang='lat' dir='ltr'><strong>haee</strong></span> <span class='ocrx_word' id='word_1_302' title='bbox 950 3705 1048 3764; x_wconf 89' lang='lat' dir='ltr'><strong>omnis</strong></span> <span class='ocrx_word' id='word_1_303' title='bbox 1063 3707 1201 3765; x_wconf 84' lang='lat' dir='ltr'><strong>manabit</strong></span> 
     </span>
     <span class='ocr_line' id='line_1_36' title="bbox 125 3803 346 3873; baseline 0.018 -13"><span class='ocrx_word' id='word_1_304' title='bbox 125 3803 229 3862; x_wconf 88' lang='lat' dir='ltr'><strong>oratio.</strong></span> <span class='ocrx_word' id='word_1_305' title='bbox 252 3826 277 3863; x_wconf 89' lang='lat' dir='ltr'><strong>c.</strong></span> <span class='ocrx_word' id='word_1_306' title='bbox 296 3809 346 3873; x_wconf 68' lang='lat'><strong>12.</strong></span> 
     </span>
    </p>

    <p class='ocr_par' dir='ltr' id='par_1_6' title="bbox 124 3906 1201 4065">
     <span class='ocr_line' id='line_1_37' title="bbox 207 3906 1201 3995; baseline 0.002 -32"><span class='ocrx_word' id='word_1_307' title='bbox 207 3906 227 3963; x_wconf 83' lang='lat' dir='ltr'><strong>f.</strong></span> <span class='ocrx_word' id='word_1_308' title='bbox 247 3906 498 3995; x_wconf 40' lang='lat' dir='ltr'><strong>,Argronmtaa&#39;o</strong></span> <span class='ocrx_word' id='word_1_309' title='bbox 508 3950 518 3977; x_wconf 89' lang='lat'><strong>,</strong></span> <span class='ocrx_word' id='word_1_310' title='bbox 557 3931 616 3988; x_wconf 87' lang='lat' dir='ltr'><strong>qua</strong></span> <span class='ocrx_word' id='word_1_311' title='bbox 643 3910 808 3989; x_wconf 89' lang='lat' dir='ltr'><strong>probetur,</strong></span> <span class='ocrx_word' id='word_1_312' title='bbox 841 3913 953 3967; x_wconf 79' lang='lat' dir='ltr'><strong>virtute</strong></span> <span class='ocrx_word' id='word_1_313' title='bbox 985 3910 1069 3986; x_wconf 79' lang='lat' dir='ltr'><strong>effici</strong></span> <span class='ocrx_word' id='word_1_314' title='bbox 1100 3912 1201 3968; x_wconf 79' lang='lat' dir='ltr'><strong>vitam</strong></span> 
     </span>
     <span class='ocr_line' id='line_1_38' title="bbox 124 4006 253 4065; baseline 0.016 -2"><span class='ocrx_word' id='word_1_315' title='bbox 124 4006 253 4065; x_wconf 67' lang='lat' dir='ltr'><strong>hmani.</strong></span> 
     </span>
    </p>

    <p class='ocr_par' dir='ltr' id='par_1_7' title="bbox 166 4101 1203 4294">
     <span class='ocr_line' id='line_1_39' title="bbox 166 4101 1203 4191; baseline 0.002 -23"><span class='ocrx_word' id='word_1_316' title='bbox 166 4104 201 4186; x_wconf 77' lang='lat' dir='ltr'><strong>a)</strong></span> <span class='ocrx_word' id='word_1_317' title='bbox 224 4109 347 4184; x_wconf 80' lang='lat' dir='ltr'><strong>Natura,</strong></span> <span class='ocrx_word' id='word_1_318' title='bbox 370 4119 413 4185; x_wconf 91' lang='lat' dir='ltr'><strong>ut,</strong></span> <span class='ocrx_word' id='word_1_319' title='bbox 436 4110 582 4191; x_wconf 84' lang='lat' dir='ltr'><strong>quiequid</strong></span> <span class='ocrx_word' id='word_1_320' title='bbox 592 4112 705 4188; x_wconf 79' lang='lat' dir='ltr'><strong>genuit,</strong></span> <span class='ocrx_word' id='word_1_321' title='bbox 720 4134 783 4172; x_wconf 88' lang='lat' dir='ltr'><strong>non</strong></span> <span class='ocrx_word' id='word_1_322' title='bbox 793 4112 882 4171; x_wconf 91' lang='lat' dir='ltr'><strong>modo</strong></span> <span class='ocrx_word' id='word_1_323' title='bbox 898 4111 1019 4186; x_wconf 89' lang='lat' dir='ltr'><strong>animal,</strong></span> <span class='ocrx_word' id='word_1_324' title='bbox 1042 4101 1203 4171; x_wconf 85' lang='lat' dir='ltr'><strong>sedetiam</strong></span> 
     </span>
     <span class='ocr_line' id='line_1_40' title="bbox 208 4209 1202 4294; baseline 0.003 -26"><span class='ocrx_word' id='word_1_325' title='bbox 208 4209 337 4289; x_wconf 84' lang='lat' dir='ltr'><strong>plantas,</strong></span> <span class='ocrx_word' id='word_1_326' title='bbox 359 4212 391 4270; x_wconf 90' lang='lat' dir='ltr'><strong>in</strong></span> <span class='ocrx_word' id='word_1_327' title='bbox 407 4231 463 4271; x_wconf 89' lang='lat' dir='ltr'><strong>suo</strong></span> <span class='ocrx_word' id='word_1_328' title='bbox 478 4212 611 4291; x_wconf 86' lang='lat' dir='ltr'><strong>quidque</strong></span> <span class='ocrx_word' id='word_1_329' title='bbox 628 4234 734 4291; x_wconf 75' lang='lat' dir='ltr'><strong>genere</strong></span> <span class='ocrx_word' id='word_1_330' title='bbox 747 4213 1019 4294; x_wconf 77' lang='lat' dir='ltr'><strong>perfectissimum,</strong></span> <span class='ocrx_word' id='word_1_331' title='bbox 1037 4213 1081 4272; x_wconf 91' lang='lat' dir='ltr'><strong>sic</strong></span> <span class='ocrx_word' id='word_1_332' title='bbox 1099 4213 1202 4272; x_wconf 82' lang='lat' dir='ltr'><strong>homi-</strong></span> 
     </span>
    </p>
   </div>
   <div class='ocr_carea' id='block_1_3' title="bbox 0 0 1334 4626">
    <p class='ocr_par' dir='ltr' id='par_1_8' title="bbox 0 0 1334 4626">
     <span class='ocr_line' id='line_1_41' title="bbox 0 0 1334 4626; baseline 0 0"><span class='ocrx_word' id='word_1_333' title='bbox 0 0 1334 4626; x_wconf 95' lang='lat' dir='ltr'><strong> </strong></span> 
     </span>
    </p>
   </div>
  </div>
 </body>
</html>
