2640 4626
455 210 716 263 rnounconcna
1082 204 1122 270 15

42 354 68 391 c.
88 335 137 400 11.
148 365 188 379 -
199 332 262 392 Iam
280 342 456 411 argumenta
472 333 650 409 afferuntur,
672 332 784 411 quibus
794 331 1026 409 demonstretur,
1049 339 1121 394 ani-

40 457 107 494 mos
125 458 188 493 esse
206 439 403 495 immortales.
497 466 507 481 e

127 533 184 617 (1).
206 536 402 619 Argumenta
422 560 499 618 qnae
517 539 662 597 dicantar
678 538 837 598 historica.
881 537 1122 599 Immortalitatis

43 638 220 717 opinionem
238 638 414 699 bominibus
437 649 547 699 natura
574 641 709 698 innatam
735 660 814 715 esse,
837 638 871 718 a)
893 641 1025 719 primum
1045 662 1120 699 con-

41 741 183 799 firmatur
210 747 395 802 anctoritate
421 746 520 801 omnis
545 745 766 822 antiquitatis:
803 763 878 819 quae
904 763 964 820 quo
994 744 1121 822 propius

40 843 147 902 aberat
157 844 196 902 ab
214 853 285 903 ortu
302 854 332 905 et
347 844 453 904 divina
468 845 620 924 progenie,
642 843 702 902 hoc
718 845 825 902 melius
841 865 872 904 ea
887 847 1034 920 fertones
1045 866 1121 924 quae

40 954 131 1004 erant
145 965 228 1022 vera,
251 947 401 1006 cernebat.
448 948 666 1024 Antiquitatem
688 955 787 1006 autem
802 944 860 1004 hac
876 948 1044 1006 arrianorum
1060 949 1119 1007 im·

39 1047 232 1106 mortalitatis
250 1050 392 1128 opinione
409 1049 554 1108 imbutam
575 1049 681 1124 fuisse,
703 1068 799 1126 quum
813 1048 917 1108 multis
937 1049 1003 1109 aliis
1016 1051 1119 1124 rebus,

39 1158 107 1207 tum
125 1173 140 1207 e
156 1152 363 1228 sepulcrorum
381 1155 576 1210 caerimoniis
585 1193 596 1220 ,
620 1172 693 1228 quas
717 1172 832 1210 summa
848 1172 921 1210 cura
945 1151 1119 1227 coluissent,

40 1259 72 1309 et
89 1271 104 1309 e
124 1271 208 1310 more
228 1252 326 1310 claros
344 1253 426 1311 viros
451 1262 480 1310 et
504 1254 629 1313 feminas
643 1254 677 1311 in
694 1252 819 1311 deorum
840 1273 1000 1312 numerum
1014 1260 1117 1315 usus-

38 1351 178 1428 fecendi,
198 1348 368 1432 intelligere
391 1355 472 1413 licet.
495 1358 588 1422 c.12.
632 1351 671 1434 β)
693 1365 759 1413 tum
777 1376 923 1412 consensu
933 1357 1117 1433 populorum

39 1458 179 1512 amnium
198 1455 234 1512 de
251 1456 420 1514 animorum
433 1456 676 1527 immortalitates
693 1454 775 1513 unde
793 1464 927 1533 apparet,
948 1454 1028 1514 hanc
1046 1457 1115 1533 opi-

39 1555 163 1613 nionem
177 1577 239 1615 non
263 1558 465 1617 collocutione
489 1568 542 1617 aut
565 1558 766 1617 conventione
791 1555 949 1616 hominum
970 1557 1116 1632 effectam,

37 1677 138 1734 neque
156 1657 304 1718 institutis
323 1669 376 1717 aut
392 1660 508 1737 legibus
526 1660 732 1719 confirmatam
749 1678 830 1735 esse,
852 1657 905 1718 sed
926 1669 1034 1717 natura
1050 1680 1117 1716 oni-

38 1759 132 1817 nibus
144 1761 288 1820 innatam.
312 1783 337 1820 c.
354 1765 402 1831 13.
445 1759 478 1844 γ)
502 1762 631 1839 denique
647 1782 691 1835 eo,
713 1759 797 1838 quod
812 1760 952 1819 omnibns
970 1782 1046 1819 cara
1065 1764 1115 1818 nn

37 1873 117 1919 nata
135 1874 180 1921 est
198 1885 310 1934 cortem,
334 1886 412 1945 qaae
423 1876 495 1943 post
512 1865 754 1940 mortemfatnrn
772 1865 844 1922 sint.
877 1861 1020 1922 Inhaeret
1036 1861 1114 1922 enim
1143 1901 1145 1905 ,

37 1963 72 2020 in
90 1964 244 2024 mentibus
261 1966 347 2043 quasi
371 1965 560 2025 saeculorum
582 1964 733 2043 quoddam
751 1963 910 2043 augurium
931 1964 1115 2039 futurarum,

36 2063 132 2141 idque
146 2066 179 2124 in
188 2068 326 2126 maximis
339 2068 477 2144 ingeniis,
499 2066 710 2143 altissimisque
724 2066 830 2125 animis
845 2076 875 2125 et
891 2066 1008 2125 exsistit
1016 2066 1115 2124 maxi-

37 2187 102 2241 me,
127 2176 156 2225 et
180 2181 303 2247 apparet
318 2170 478 2228 facillime:
507 2188 567 2245 quo
585 2169 707 2244 quidem
721 2168 852 2247 dempto,
876 2169 943 2245 quis
960 2176 1023 2226 tam
1040 2177 1117 2226 esset

37 2289 151 2343 amens,
174 2271 227 2346 qui
242 2291 357 2349 semper
371 2273 405 2330 in
419 2271 574 2329 laboribus
593 2279 623 2327 et
639 2263 783 2347 periculis
799 2271 924 2330 viveret.
947 2290 973 2328 c.
996 2267 1045 2337 11.
1065 2273 1114 2336 15.

125 2368 180 2451 (Q).
212 2373 408 2452 Argumenta
435 2394 513 2453 quae
535 2372 680 2430 dicantar
704 2372 915 2449 metaphysica
938 2371 1077 2451 (rationis
1099 2395 1116 2430 a

36 2469 158 2552 priori)
203 2476 372 2553 Antequam
388 2484 487 2533 autem
497 2473 601 2531 Cicero
618 2471 656 2529 ad
666 2470 868 2530 enumeranda
878 2480 908 2529 et
918 2473 1116 2531 examinanda

36 2573 114 2632 haec
137 2586 311 2652 argumenta
330 2579 455 2650 transit,
478 2577 610 2655 primum
628 2573 760 2652 quaerit,
785 2574 882 2650 qualis
901 2573 1001 2633 animo
1015 2571 1116 2633 infor-

35 2675 167 2735 mandus
194 2678 233 2736 sit
255 2680 424 2738 animorum
447 2688 518 2758 post
538 2687 666 2736 mortem
684 2685 793 2735 status:
815 2676 848 2734 id
871 2687 971 2747 autem
998 2677 1115 2735 ratione

35 2777 220 2837 discendum
235 2792 295 2840 est:
319 2781 405 2839 cuius
423 2780 572 2858 ignoratio
588 2801 682 2840 vanas
698 2789 728 2838 et
748 2779 892 2839 ridiculas
912 2778 950 2839 de
968 2787 1049 2836 statu
1063 2779 1115 2836 in·
1170 2838 1173 2846 ,

35 2880 173 2939 ferorum
193 2882 350 2960 opiniones
373 2882 469 2941 finxit.
501 2904 526 2940 c.
550 2883 597 2949 16.
641 2883 847 2958 Antiquarum
861 2879 1116 2960 philosophorum

36 2982 205 3042 sententiae
230 2995 434 3043 recensentur.
464 3007 488 3044 c.
517 2988 564 3052 17.
591 2986 639 3052 18.
684 2985 836 3042 Ciceronis
866 2983 1014 3040 sententia
1040 2981 1115 3041 haec

35 3092 98 3141 est:
123 3084 258 3160 Animus,
281 3106 377 3163 quum
395 3109 410 3146 e
425 3108 552 3172 corpore
569 3087 738 3158 excesserit,
761 3085 831 3161 quia
845 3095 954 3143 natura
971 3085 1034 3141 eius
1049 3082 1114 3162 spi-

34 3185 143 3245 rabilis
171 3188 222 3247 vel
245 3189 333 3265 ignea
359 3199 421 3263 est,
452 3189 490 3248 ad
514 3188 700 3268 superiorem
716 3184 1009 3264 regionem-evadit,
1039 3205 1115 3261 quae

33 3297 178 3347 nattuam
195 3288 288 3348 babet
317 3291 410 3349 animi
436 3300 562 3349 naturae
585 3289 727 3350 similem:
757 3308 847 3365 quam
871 3295 967 3364 quum‘
987 3288 1116 3362 contigit

34 3397 68 3446 et
82 3391 216 3467 agnovit,
236 3392 349 3450 iunctis
366 3412 403 3450 ex
420 3392 518 3450 anima
535 3393 621 3450 tenui
642 3401 671 3450 et
689 3412 727 3450 ex
741 3391 848 3448 ardore
863 3389 934 3447 solis
948 3396 1113 3464 temperato
1150 3452 1151 3455 Ἴ

33 3491 158 3566 ignibus
180 3491 311 3568 insistit,
344 3503 373 3552 et
403 3493 494 3552 finem
517 3494 618 3555 altius,
631 3514 661 3551 se
683 3490 826 3551 efferendi
849 3489 937 3564 facit,
969 3489 1002 3546 in
1022 3507 1115 3565 eaque

34 3591 107 3650 sede
123 3594 208 3653 nulla
225 3615 259 3653 re
276 3615 364 3672 egens
379 3596 477 3654 aletur
499 3604 529 3654 et
544 3594 763 3654 sustentabitur
786 3590 893 3650 iisdem
910 3591 1020 3667 rebus,
1043 3589 1115 3668 qui-

33 3693 94 3752 bus
118 3704 196 3754 astra
221 3706 429 3756 sustentantur
450 3707 480 3755 et
500 3697 635 3755 aluntur.
679 3697 778 3774 Atque
796 3704 862 3752 tum
886 3694 998 3752 eumue
1022 3692 1114 3768 beati,

35 3815 142 3872 quum,
166 3800 344 3877 corporibus
360 3799 482 3874 relictis,
499 3809 529 3858 et
541 3797 742 3878 cupiditatum
759 3807 788 3856 et
802 3797 1038 3856 aemulationum
1052 3795 1115 3854 eri-
1135 3808 1143 3819 ⁸

32 3916 104 3956 mus
123 3911 269 3979 expertes,
290 3911 430 3978 totosque
448 3922 504 3960 nos
518 3902 552 3959 in
568 3900 807 3981 contemplandis
822 3901 913 3959 rebus
927 3897 1115 3977 perspicien-

34 3999 144 4079 disque
165 4023 321 4080 ponemus.
354 4025 378 4062 c.
392 4005 430 4071 19
445 4038 487 4050 ·-
502 4007 553 4070 21.
569 4032 611 4049 -
640 4005 718 4062 Tum
733 4002 891 4079 exquirere
907 4000 1019 4075 studet,
1042 3998 1115 4076 quid

35 4102 83 4177 sit,
108 4103 191 4180 quod
210 4105 301 4165 multi
316 4104 492 4186 philosophi
507 4106 714 4180 inveniantur,
738 4105 791 4182 qui
802 4105 916 4162 animos
932 4103 1116 4161 immortales

35 4224 98 4263 esse
110 4218 228 4283 negent.
244 4241 285 4253 -
298 4207 391 4267 Nulla
401 4209 461 4267 alia
479 4229 582 4268 caussa
600 4217 655 4286 est,
675 4205 739 4267 nisi
754 4205 842 4286 quod
852 4211 1031 4282 nequeunt,
1048 4218 1129 4273 m·
