2640 4626
119 199 183 272 344
366 212 649 266 ruscmxuxnuu
663 210 946 267 morouxmouuu

119 348 234 432 portas
248 329 459 403 Achradinas
475 337 491 384 ³
509 357 630 427 magna
645 327 834 428 frequentia
849 328 1105 429 sepulcrorum)
1125 328 1199 403 ani-

120 433 281 507 madverti
291 431 495 505 columellam
512 460 582 505 non
598 429 736 505 multum
752 430 896 505 edumis
918 432 1137 522 eminentem3
1162 432 1199 504 in

120 564 188 634 qua
205 535 312 608 inerat
325 535 486 635 sphaerae
503 534 608 632 ligura
622 548 655 607 et
669 527 830 637 cylindri:
872 534 983 634 Atque
1002 563 1065 632 ego
1083 533 1197 608 statim

121 637 342 741 Syracusanis
363 642 472 737 (erant
488 653 596 710 antem
610 635 781 737 principes
799 648 944 732 mecum)
962 637 1050 724 dixi,
1081 665 1138 711 me
1159 636 1200 709 il-

120 739 179 815 lud
203 740 344 840 ipsnm⁴
373 739 527 814 arbitrari
557 766 650 827 esse,
682 738 774 838 quod
795 759 995 838 quaererem.
1046 739 1196 813 immissi

121 841 354 917 cumfalcibns
369 842 463 915 multi
484 858 669 942 purgarunt
692 857 724 914 et
746 857 946 941 aperuerunt
967 841 1088 915 locum.
1141 851 1200 922 66.

120 943 200 1042 Quo
217 972 318 1044 quum
338 945 522 1044 patefactus
549 959 633 1018 esset
658 942 787 1031 aditus,
821 944 865 1016 ad
888 943 1062 1018 adversam
1090 942 1199 1018 basim

121 1046 328 1121 accessimus.
370 1047 553 1147 apparebat
572 1046 796 1145 epigramma,
822 1046 928 1119 exesis
951 1045 1199 1146 posterioribus

120 1149 273 1249 partibus
298 1148 553 1236 versiculorum,
580 1148 763 1221 dimidiatis
781 1147 862 1222 sere.
912 1149 963 1221 Ita
988 1148 1199 1222 nobilissima

120 1251 281 1325 Graeciae
296 1251 421 1339 civitas,
447 1250 616 1350 qnondam
635 1278 712 1325 vero
731 1250 829 1324 ctiam
850 1248 1055 1338 doctissima,
1082 1251 1136 1323 sui
1155 1250 1200 1323 ci-

120 1353 169 1426 vis
183 1353 283 1426 unius
306 1353 489 1427 acutissimi
505 1369 755 1427 monumentum
772 1353 966 1450 ignorasset,
991 1353 1059 1431 nisi
1075 1353 1119 1427 ab
1138 1353 1199 1426 bo·

120 1455 210 1528 mine
233 1456 396 1556 Arpinate
422 1455 603 1529 didicisset.
663 1455 733 1528 Sed
755 1455 885 1542 redeat,
920 1455 1009 1529 unde
1032 1455 1199 1530 aberravit

121 1558 236 1631 oratio.
261 1599 313 1616 -
338 1557 425 1654 Quis
443 1575 492 1631 est
516 1557 682 1646 omnium,
708 1556 765 1656 qui
786 1557 889 1630 modo
915 1586 989 1630 cum
1005 1558 1137 1647 Musis,
1163 1557 1197 1631 id

120 1676 170 1733 est
187 1688 264 1733 cnm
277 1659 479 1734 humanitate
499 1676 615 1733 etcum
627 1659 790 1747 doctrina,
814 1659 935 1732 babeat
947 1659 1086 1761 aliquod
1106 1688 1196 1734 com-

117 1762 300 1850 mercium,
327 1762 434 1861 quise
451 1790 520 1835 non
538 1762 626 1834 bunc
641 1761 908 1862 mathematicum
925 1761 1016 1842 malit
1027 1770 1070 1851 ⁶,
1097 1789 1197 1863 quam

119 1863 213 1937 illum
246 1865 447 1967 tyrannum?
497 1863 536 1937 Si
562 1863 648 1937 vitae
678 1863 815 1937 modum
843 1863 1072 1964 actionemque
1099 1894 1201 1965 quaeq

120 1965 242 2054 rimus,
268 1965 402 2039 alterius
416 1994 509 2038 mens
524 1965 710 2039 rationibus
729 1965 895 2062 agitandis
916 1967 1197 2067 exquirendisque

121 2067 279 2156 alebatur,
305 2097 380 2143 cum
391 2067 610 2142 oblectatione
628 2068 797 2159 solertiae3
823 2068 881 2168 qui
896 2085 945 2143 est
962 2098 1049 2143 unns
1070 2070 1197 2157 suavis

121 2176 225 2245 simus
239 2187 354 2270 pastus
364 2171 567 2257 animornm;
594 2169 727 2243 alterius
744 2170 779 2243 in
789 2170 889 2244 caede
905 2187 936 2245 et
952 2170 1098 2260 iniuriis,
1125 2201 1196 2246 eum

122 2289 154 2347 et
175 2273 296 2347 diurno
319 2288 351 2345 et
372 2289 537 2347 nocturno
562 2289 659 2346 metu.
710 2273 802 2370 Age,
828 2271 943 2347 conler
958 2272 1197 2362 Democritum,

119 2373 363 2493 Pythagoram,
388 2375 638 2472 Anaxagoram:
665 2403 748 2474 quae
773 2403 893 2473 regna,
918 2405 1001 2476 quas
1021 2405 1107 2477 opes
1133 2393 1198 2451 stu-

121 2476 187 2550 dxis
213 2503 325 2550 eorum
351 2492 382 2549 et
408 2476 681 2550 delectationibus
710 2477 918 2580 antepones?
970 2480 1193 2571 67.‚Etenim

121 2607 205 2680 quae
224 2607 301 2679 pars
316 2579 440 2680 optima
459 2580 557 2652 estin
574 2578 720 2666 bomine,
746 2578 783 2652 in
800 2607 837 2652 ea
852 2578 950 2653 situm
969 2607 1041 2654 esse
1063 2603 1197 2655 neeesse

122 2698 171 2754 est
193 2680 293 2771 illud,
318 2681 410 2780 quod
435 2680 584 2780 quaeris,
610 2680 781 2781 optimum.
833 2679 927 2780 Quid
951 2697 999 2755 est
1028 2683 1196 2758 antemio

120 2783 276 2870 homine,
301 2782 411 2880 sagaci
429 2811 466 2856 ac
484 2783 575 2855 bona
590 2799 699 2856 mente
717 2781 858 2856 melius?
884 2783 955 2857 eius
972 2783 1066 2857 bono
1084 2785 1195 2862 fruen-

124 2885 203 2957 dum
228 2900 277 2958 est
308 2885 427 2982 igitur,
464 2884 494 2958 si
516 2884 606 2959 beati
633 2883 896 2961 essevolumus:
929 2884 1057 2959 bonnm
1092 2904 1197 2961 autem

120 2987 241 3061 mentis
260 3002 309 3059 est
324 2986 447 3059 virtus:
472 3014 551 3091 ergo
560 2984 624 3060 bac
633 2986 763 3060 beatam
774 2985 875 3060 vitam
886 2987 1049 3062 contineri
1064 3016 1198 3065 necesse

123 3107 181 3164 est.
230 3089 318 3161 Hinc
333 3088 457 3177 onmia,
482 3115 566 3189 quae
584 3088 733 3190 pulchra,
760 3088 908 3177 honesta,
925 3090 1100 3189 praeclara
1116 3107 1197 3178 sunt,

144 3258 146 3262 ⁴
189 3239 267 3297 3Sic
287 3240 332 3289 W.
354 3258 368 3290 c
389 3239 452 3292 cod.
467 3238 564 3290 Ursini.
579 3268 612 3281 -
634 3243 694 3292 Ern.
711 3259 732 3293 c.
749 3239 819 3307 vulg.
843 3241 1031 3314 Agragianas.
1074 3245 1156 3304 401.
1177 3259 1196 3295 o

123 3308 151 3358 P.
167 3307 254 3376 ipsum
267 3306 356 3359 illud:
374 3307 443 3382 quod
458 3324 511 3357 non
528 3308 619 3383 probo.
654 3315 671 3367 5
687 3310 720 3361 V.
738 3308 804 3358 Adn.

159 3408 216 3466 66.
235 3406 272 3456 ad
288 3406 431 3457 adversam
447 3406 545 3473 basim)
567 3409 602 3459 Η.
620 3425 642 3458 e.
676 3419 703 3459 et
719 3409 1020 3461 nnooxoniodocumaic
1036 3411 1194 3463 emendavit:

123 3473 157 3525 ad
174 3475 327 3524 anteriorem
344 3475 410 3526 basis
432 3485 540 3542 partem.
676 3477 722 3549 qui
741 3493 768 3525 so
785 3493 839 3526 csso
860 3494 913 3527 non
932 3477 1002 3528 hunc
1026 3479 1195 3531 matbemati-

173 3544 253 3592 um'us
269 3543 438 3609 acutissimi)
460 3545 493 3594 V.
514 3541 646 3597 Adnotatu
677 3561 735 3594 cum
749 3545 834 3594 matie.
858 3547 896 3595 De
910 3544 960 3596 huo
972 3556 1060 3597 autem
1074 3557 1196 3601 strumum

123 3609 149 3659 in
163 3610 195 3687 ¹¹:
202 3614 244 3687 25,
260 3612 304 3667 64.
322 3609 364 3661 δίο
378 3626 453 3690 moxf
472 3608 515 3678 qui
528 3619 644 3663 estuans
676 3627 701 3662 v.
719 3609 846 3661 Adnotata
861 3622 948 3663 nostm
964 3612 991 3662 in
1005 3616 1037 3663 11.
1053 3616 1100 3675 24,
1118 3620 1159 3674 58

124 3687 644 3816 'tlt'ttatt‘tltffltam
676 3679 1195 3816 ,itt'ttdtbtlttbattsst

125 3811 191 3862 enirn
206 3810 391 3878 Arpinatem.
423 3813 520 3864 Neide.
678 3823 744 3863 ture.

192 3880 220 3927 αι’
234 3898 265 3927 ae
279 3895 332 3929 non
347 3878 417 3931 hunc
433 3880 646 3933 mathenmticum
729 3881 759 3930 in
770 3880 870 3946 caede)
887 3883 925 3931 Ex
938 3883 1112 3937 antecedente
1125 3883 1196 3935 verbo

126 3896 220 4011 mdc)
246 3946 288 3999 Sic
307 3944 384 4012 vulgo
399 3945 493 4013 legitur
508 3947 599 4016 plane,
617 3957 647 3997 ut
679 3947 800 3998 alebatur
814 3966 862 4027 per
882 3948 1007 4015 liguram,
1031 3969 1102 4020 quas
1117 3967 1197 4020 gram

126 4012 187 4064 mibi
203 4011 312 4072 videtur,
330 4022 421 4063 contra
436 4013 509 4064 latini
524 4016 646 4065 sermonis
666 4015 778 4080 ,maticis
794 4015 887 4067 dxcitur
902 4032 1024 4084 zeugma,
1050 4019 1196 4070 eliciendum

126 4079 248 4132 indolem.
292 4078 420 4131 Ciceronis
439 4091 523 4131 autem
546 4099 647 4133 menum
680 4092 720 4134 est
734 4082 805 4133 alind
818 4083 1083 4163 verbum,quodhnic
1097 4096 1195 4137 senmo-

127 4148 226 4197 reduxit
250 4148 378 4198 Goerenz.
404 4147 436 4196 ad
459 4147 514 4198 uin.
542 4152 574 4200 11.
603 4154 645 4210 31,
679 4150 731 4201 tiae
752 4148 832 4218 magis
849 4161 999 4215 couvenmt,
1023 4153 1065 4205 nti
1084 4154 1195 4207 dalea&

126 4217 189 4278 102·
205 4232 231 4283 P·
244 4215 304 4278 274·
324 4212 368 4285 qui
385 4231 399 4266 ο
415 4213 497 4270 tribue
512 4215 564 4271 tuit
572 4216 645 4270 MSS·
681 4217 794 4270 baturin
808 4217 886 4273 caede
901 4227 928 4270 et
943 4217 1052 4283 iniuriis.
