2640 4626
487 224 668 279 11111111.
685 228 728 287 ts
1085 216 1147 285 169

72 360 170 432 runt,
196 343 340 443 itemque
361 342 530 447 Lycurgi,
555 342 733 419 laboribus
757 342 913 417 erudiunt
936 344 1146 434 iuventutem,

72 444 237 533 venando,
252 445 426 533 currendo,
445 444 634 534 esuriendo,
648 445 804 534 sitiendo,
818 445 970 544 algendo,
996 463 1146 521 aestuan-

72 549 128 621 do.
181 547 322 647 Spartae
331 576 408 621 vero
427 547 523 647 pueri
540 547 690 625 adaram
705 548 753 621 sic
768 548 960 641 verberibus
977 550 1146 650 accipiun-

71 668 149 739 tur,
174 664 213 723 ut
230 648 391 729 multuse
403 648 590 727 ¹visceribus
608 650 743 748 sanguis
761 667 872 737 exeat:
895 655 1147 753 nonnumquam

72 752 245 841 etiam,ut,
270 780 372 852 quum
392 751 441 824 ibi
457 780 574 839 essem,
600 751 819 842 audiebant,
845 753 889 827 ad
905 782 1037 828 necem:
1063 783 1146 855 quo·
1224 812 1227 824 .

71 883 151 927 rum
171 881 240 926 non
269 853 371 937 modo
397 881 495 935 nemo
514 852 702 941 exclamavit
719 883 893 955 umquam,
918 857 979 929 sed
997 885 1039 929 ne
1054 857 1147 955 inge-

71 957 160 1028 muit
186 955 329 1055 quidem.
380 954 475 1052 Quid
492 958 596 1054 ergo?
621 956 794 1056 hocpderi
812 948 972 1057 possunt,
997 958 1060 1032 viri
1075 987 1145 1033 non

71 1059 255 1159 poterunt?
281 1075 313 1132 et
334 1086 412 1137 mos,¹
423 1057 526 1146 valet,
550 1058 634 1131 ratio
651 1088 719 1132 non
738 1058 881 1133 valebit?
1138 1138 1142 1145 ,

174 1163 248 1233 XV.
281 1169 338 1240 35.
363 1162 504 1234 Interest
525 1160 651 1260 aliquid
673 1161 760 1233 inter
772 1159 920 1235 laborem
937 1179 968 1236 et
986 1157 1158 1256 dolorem(

72 1278 152 1334 sunt
170 1261 310 1334 finitima
326 1263 474 1351 omnino,
489 1261 549 1335 sed
564 1279 671 1336 tamen
690 1262 878 1336 differunt⁴
897 1262 1030 1363 aliquid.
1081 1267 1146 1339 La-
1229 1250 1237 1265 ¹

71 1365 140 1436 bor
156 1379 206 1437 est
219 1363 346 1438 functio
360 1365 533 1465 quaedam,
558 1364 609 1438 vel
626 1364 737 1453 animi,
762 1365 813 1438 vel
831 1366 991 1465 corporis,
1015 1366 1152 1463 gravio--

70 1466 120 1539 ris
142 1467 254 1566 operis
272 1483 303 1539 et
317 1467 482 1554 muneris;
509 1466 605 1552 dolor
623 1484 752 1555 autem,
777 1484 886 1541 motus
906 1497 1003 1568 asper
1019 1469 1055 1540 in
1071 1497 1145 1542 cor-

71 1596 176 1668 pore,
203 1567 328 1642 alienus
344 1598 361 1641 a
377 1568 538 1642 sensibus.
589 1570 678 1642 llaec
693 1570 760 1642 duo
778 1570 897 1644 Graeci
912 1571 976 1659 illi,
1002 1599 1144 1671 quorum

73 1668 246 1771 eopiosior
269 1688 319 1746 est
335 1670 448 1769 lingua
465 1696 564 1770 quam
576 1688 709 1758 nostra,
734 1701 804 1745 uuo
817 1673 951 1763 nomine
969 1673 1144 1772 appellant.

22 1797 26 1803 ·
73 1773 186 1872 itaque
204 1773 387 1846 industrios
403 1774 555 1847 homines
570 1772 618 1847 illi
634 1773 814 1863 studiosos,
838 1774 889 1848 vel
902 1775 1015 1874 potius
1031 1804 1143 1849 amau-

72 1875 134 1964 tis,
160 1873 286 1949 doloris
312 1874 495 1976 appellant:
520 1904 584 1949 nos
604 1876 811 1950 commodius
833 1876 1028 1957 laboriosos.
1055 1877 1146 1951 aliud

140 2078 258 2136 3Bentl.
275 2077 341 2131 coni.
356 2076 485 2129 videbam.
504 2079 542 2130 Cs.
557 2079 588 2130 V.
597 2083 640 2141 27,
656 2084 698 2138 77.
734 2080 752 2137 4
768 2079 810 2131 sic
820 2083 883 2139 011.
897 2078 996 2131 etEdd.
1006 2089 1068 2130 vett.
1085 2080 1145 2147 ple-

72 2163 182 2224 raeque..
193 2146 231 2196 Cf.
248 2148 350 2208 nnat,
375 2147 417 2204 84.
442 2173 477 2184 ·-
500 2145 580 2196 Codd.
597 2146 714 2225 meliores
739 2157 765 2197 et
779 2148 911 2216 plerique,
929 2149 960 2198 V.
977 2147 1059 2199 Gebh.
1077 2147 1144 2199 Lall.

71 2216 132 2264 Ern.
152 2213 259 2280 differt5
275 2213 320 2263 aed
335 2223 405 2263 recte
421 2223 508 2263 monet
530 2216 592 2278 Or.‚
611 2213 690 2265 videri
713 2215 816 2266 verbum
839 2214 1056 2267 accommodatum
1074 2214 1107 2271 ad
1119 2231 1144 2267 r.

72 2281 188 2350 aequm
201 2368 204 2373 ,

70 2418 100 2480 Ι,
117 2420 161 2474 22.
195 2388 280 2477 mim.
304 2414 337 2464 se'
353 2415 382 2464 in
402 2422 504 2466 antrum
524 2414 592 2465 lovis
625 2425 677 2466 tem
703 2413 790 2476 πόνος
810 2430 992 2487 saepenumero
1016 2426 1147 2495 potestate

70 2481 231 2534 recondebat
244 2491 271 2532 et
283 2481 319 2532 ibi
334 2481 378 2532 diu
393 2492 505 2533 moratus
522 2481 592 2548 leges
626 2483 695 2533 vocis
716 2481 799 2548 ἄλγος
820 2483 938 2557 ponitur,
962 2483 1043 2535 itam
1064 2484 1147 2536 latina

70 2561 196 2618 tanquam
210 2549 258 2600 sibi
275 2553 363 2601 alove
373 2549 484 2600 traditas
499 2548 593 2599 affere-
626 2568 726 2618 quoque
747 2551 834 2617 lingua
854 2551 922 2600 haud
940 2567 997 2601 raro
1021 2551 1144 2604 laborare

72 2619 126 2669 bat.
626 2617 836 2684 significationem
858 2618 941 2668 induit
957 2618 1076 2668 vocabuli
1093 2619 1146 2670 do·-

124 2705 140 2735 e
153 2683 309 2751 visceribus)
331 2684 447 2735 Davisius
474 2683 593 2751 apposite
626 2686 709 2737 leodi.
745 2688 778 2736 V.
801 2685 940 2736 Forcelliui
956 2686 1033 2736 Thes.
1059 2687 1149 2738 Latin.

72 2753 163 2805 attulit
175 2753 264 2802 lsidor.
283 2753 351 2818 Orig.
363 2754 410 2814 XI,
429 2757 453 2809 1.
472 2752 594 2814 „Viscera
627 2772 648 2804 s.
671 2771 694 2803 v.
717 2753 847 2804 laborare.
890 2755 964 2804 Hanc
995 2758 1079 2804 a'utem
1100 2753 1146 2804 ci.

72 2839 125 2873 non
142 2830 242 2870 tautum
264 2819 385 2870 intestina
410 2819 531 2882 dicimus,
549 2818 594 2868 sed
629 2820 726 2875 coronis
742 2820 922 2887 gloriationem
937 2821 1065 2887 attigimus
1081 2820 1144 2872 inl.

73 2887 197 2956 quicquid
212 2888 257 2938 sub
277 2887 347 2938 corio
366 2896 412 2948 est,
430 2887 507 2949 visco,
525 2886 595 2953 quod
627 2888 652 2938 d.
668 2888 701 2939 de
719 2889 833 2938 ciceron.
848 2888 911 2956 phil.
921 2908 951 2956 P·
974 2894 1016 2948 82.
1032 2889 1068 2956 6).
1142 2922 1148 2933 .

73 2967 112 3007 est
128 2955 292 3006 intercutem
314 2964 341 3005 et
356 2957 482 3004 caruem.“
523 2955 594 3003 ldem
671 2954 779 3024 functio
796 2957 938 3024 quaedam)
956 2958 989 3006 ll.
1007 2975 1029 3006 e.
1047 2953 1166 3009 unctio.

73 3033 185 3074 testatur
203 3023 303 3073 Servius
329 3022 361 3072 ad
382 3022 453 3088 Virg.
469 3025 532 3071 Aen.
549 3023 593 3081 Vl,
627 3023 751 3091 quaedam
768 3023 890 3089 gravioris
914 3023 997 3090 operis
1014 3033 1040 3073 et
1053 3039 1145 3073 mune-

74 3096 136 3150 253.
154 3119 189 3130 —
225 3090 339 3140 Eundem
361 3092 541 3157 Spartanorum
561 3088 594 3138 ad
626 3091 669 3153 ris,
685 3108 749 3158 quae
766 3090 850 3140 animo
865 3092 904 3141 vel
922 3109 1028 3158 corpore
1042 3090 1146 3158 peragi-

74 3176 144 3210 aram
158 3157 256 3208 Dianae
271 3157 373 3207 Orthiae
395 3173 487 3225 pueros
502 3156 594 3206 verbe-
625 3168 716 3208 tun-
734 3157 888 3208 Observaudi
901 3168 959 3208 suut
972 3158 1021 3209 duo
1040 3157 1147 3224 genitivi

75 3225 148 3277 randi
164 3242 261 3275 morem
277 3225 343 3275 infra
356 3224 388 3276 V.
403 3230 445 3286 27,
462 3229 503 3282 77.
529 3222 594 3274 teti-
627 3243 684 3276 cum
692 3225 726 3274 dt
744 3225 788 3275 lici
803 3225 942 3276 relatione:
958 3225 1055 3276 functio
1065 3232 1147 3293 qude-

74 3295 111 3361 git
124 3293 225 3343 Tullus.
626 3293 684 3343 dam
701 3244 743 3343 vel
758 3293 833 3343 animi
857 3293 897 3343 vel
914 3293 1026 3360 corporis
1042 3291 1148 3358 gravio-

126 3361 188 3410 011.
205 3360 265 3410 XV.
281 3365 325 3418 35.
358 3358 484 3419 Quoniam
505 3357 593 3425 paullo
626 3361 661 3410 ris
680 3360 770 3427 operis.
804 3361 873 3410 Infra
888 3362 932 3410 Ill.
953 3364 999 3421 18,
1017 3363 1059 3418 39.
1090 3361 1147 3408 lla-

74 3439 136 3480 ante
154 3428 187 3478 de
207 3427 297 3477 dolore
312 3434 338 3476 et
353 3425 455 3487 labore,
474 3434 595 3492 tanquam
627 3429 671 3477 bes
688 3428 794 3477 formam
818 3427 928 3494 Epicuri
949 3428 1023 3477 vitae
1044 3424 1146 3485 beatae,

74 3515 128 3546 una
143 3494 281 3562 eademque
296 3511 340 3556 re,
358 3493 453 3543 dictum
473 3502 527 3554 est,
544 3492 594 3541 iam
626 3497 670 3546 IV.
688 3499 720 3554 6,
738 3499 776 3551 13.
812 3493 954 3544 Praesentis
979 3503 1064 3542 autem
1077 3491 1147 3554 mali,

57 3588 58 3595 ¹
73 3563 178 3624 Tullus,
195 3560 351 3630 aproposito
366 3560 516 3627 digrediens,
535 3559 595 3637 quid
628 3561 749 3628 sapientis
765 3560 868 3611 allectio
883 3560 954 3611 nulla
970 3569 1016 3609 est.
1033 3561 1147 3612 V.Goe·.

71 3632 145 3682 inter
167 3640 301 3696 utrumque
315 3629 450 3679 interesset
468 3625 595 3676 discrrmi·
628 3646 688 3679 renz
705 3627 738 3677 ad
758 3629 844 3694 Legg.
862 3631 893 3677 Il.
918 3633 966 3689 17,
982 3628 1025 3685 42.
1040 3645 1070 3744 p.
1090 3630 1148 3685 169.

72 3699 123 3761 nis,
142 3697 318 3764 explicandum
330 3696 436 3763 putavit.
463 3693 538 3755 Quod
548 3711 596 3743 au·
631 3696 673 3763 qui
696 3704 767 3745 recte
789 3705 876 3745 monet
899 3706 1024 3745 commata
1058 3692 1149 3746 elendta'

70 3778 128 3817 tem
145 3764 366 3844 graecae'linguae
387 3763 521 3842 verborum
536 3760 597 3839 inq-
631 3780 702 3823 esse,
725 3772 755 3812 ut
778 3762 840 3813 fecit
863 3762 950 3813 Orelli.
984 3762 1057 3812 Adde
1075 3762 1149 3842 'iufrta

72 3842 273 3962 ἓὲἓωοὲἳὲἔῗ
288 3839 596 3959 tittt‘ttttttt
629 3831 1149 3966 lltit‘diatttlttsstttttttttff

75 3986 130 4020 uno
145 3968 247 4018 nomine
270 3968 356 4026 πόνος
377 3965 486 4027 afficiat,
511 3965 596 4032 inique
629 3966 700 4015 tione
714 3965 858 4032 gignuntur.
891 3969 930 4016 De
943 3965 1038 4033 duplici
1054 3964 1149 4031 geniti÷

78 4046 106 4087 et
129 4035 284 4085 malefecit.
319 4036 385 4084 Nam
407 4033 484 4082 etiam
501 4034 598 4082 Graeca
630 4036 664 4084 vo'
686 4033 754 4101 apud
775 4036 888 4084 Graecos
913 4051 936 4083 r.
954 4032 1079 4083 Matthiae
1103 4032 1149 4080 Gr.

77 4103 167 4170 lingua
181 4103 232 4153 duo
250 4101 329 4151 habet
352 4100 450 4150 diversa
465 4099 598 4163 vocabula,
632 4102 678 4151 Gr.
691 4105 715 4170 ᾗ.
730 4106 790 4160 380.
809 4107 882 4159 Anm.
902 4105 924 4158 1.
943 4119 969 4167 p.
984 4104 1042 4158 699.
1059 4097 1149 4149 Ildll.

76 4172 183 4236 πόνος,
202 4169 270 4238 quod
292 4177 331 4218 est
346 4165 437 4227 labor,
462 4176 489 4216 et
507 4165 597 4235 ἄλγος,
682 4169 815 4220 studiosos
838 4169 885 4219 vel
907 4169 996 4236 potius
1030 4176 1150 4216 notantes

78 4239 148 4305 quod
164 4249 205 4290 est
218 4237 309 4294 dolorr
326 4233 536 4303 quemadmodum
551 4251 599 4287 au·
635 4235 753 4306 doloris)
768 4237 830 4289 scil.
846 4232 1035 4305 φιλοπὺνοος.
