<?xml version="1.0" encoding="UTF-8"?>
<!DOCTYPE html PUBLIC "-//W3C//DTD XHTML 1.0 Transitional//EN"
    "http://www.w3.org/TR/xhtml1/DTD/xhtml1-transitional.dtd">
<html xmlns="http://www.w3.org/1999/xhtml" xml:lang="en" lang="en">
 <head>
  <title>
</title>
<meta http-equiv="Content-Type" content="text/html;charset=utf-8" />
  <meta name='ocr-system' content='tesseract 3.04.00' />
  <meta name='ocr-capabilities' content='ocr_page ocr_carea ocr_par ocr_line ocrx_word'/>
</head>
<body>
  <div class='ocr_page' id='page_1' title='image "./mtulliiciceroni18cicegoog_0319.png"; bbox 0 0 2640 4626; ppageno 0'>
   <div class='ocr_carea' id='block_1_1' title="bbox 464 184 1193 250">
    <p class='ocr_par' dir='ltr' id='par_1_1' title="bbox 464 184 1193 250">
     <span class='ocr_line' id='line_1_1' title="bbox 464 184 1193 250; baseline 0.018 -13"><span class='ocrx_word' id='word_1_1' title='bbox 464 232 467 237; x_wconf 93' lang='lat'><strong>.</strong></span> <span class='ocrx_word' id='word_1_2' title='bbox 535 187 663 239; x_wconf 83' lang='lat' dir='ltr'><strong>LIBER</strong></span> <span class='ocrx_word' id='word_1_3' title='bbox 679 191 724 240; x_wconf 83' lang='lat' dir='ltr'><strong>IV·</strong></span> <span class='ocrx_word' id='word_1_4' title='bbox 741 193 786 248; x_wconf 80' lang='lat'><strong>32·</strong></span> <span class='ocrx_word' id='word_1_5' title='bbox 1129 184 1193 250; x_wconf 72' lang='lat'><strong>299</strong></span> 
     </span>
    </p>
   </div>
   <div class='ocr_carea' id='block_1_2' title="bbox 162 278 1192 455">
    <p class='ocr_par' dir='ltr' id='par_1_2' title="bbox 162 278 1192 455">
     <span class='ocr_line' id='line_1_2' title="bbox 163 278 1192 394; baseline 0.008 -23"><span class='ocrx_word' id='word_1_6' title='bbox 163 310 281 371; x_wconf 81' lang='lat' dir='ltr'><strong>Alacris</strong></span> <span class='ocrx_word' id='word_1_7' title='bbox 304 310 424 371; x_wconf 89' lang='lat' dir='ltr'><strong>obviam</strong></span> <span class='ocrx_word' id='word_1_8' title='bbox 444 308 521 370; x_wconf 90' lang='lat' dir='ltr'><strong>mihi</strong></span> <span class='ocrx_word' id='word_1_9' title='bbox 548 309 666 386; x_wconf 88' lang='lat' dir='ltr'><strong>veniet,</strong></span> <span class='ocrx_word' id='word_1_10' title='bbox 698 278 889 391; x_wconf 74' lang='lat' dir='ltr'><strong>complexum</strong></span> <span class='ocrx_word' id='word_1_11' title='bbox 910 323 1055 394; x_wconf 81' lang='lat' dir='ltr'><strong>exoptans</strong></span> <span class='ocrx_word' id='word_1_12' title='bbox 1076 337 1192 392; x_wconf 90' lang='lat' dir='ltr'><strong>meum,</strong></span> 
     </span>
     <span class='ocr_line' id='line_1_3' title="bbox 162 393 411 455; baseline 0 -1"><span class='ocrx_word' id='word_1_13' title='bbox 162 393 242 455; x_wconf 88' lang='lat' dir='ltr'><strong>Mihi</strong></span> <span class='ocrx_word' id='word_1_14' title='bbox 261 416 293 454; x_wconf 87' lang='lat' dir='ltr'><strong>se</strong></span> <span class='ocrx_word' id='word_1_15' title='bbox 314 394 411 454; x_wconf 86' lang='lat' dir='ltr'><strong>dedet.</strong></span> 
     </span>
    </p>
   </div>
   <div class='ocr_carea' id='block_1_3' title="bbox 119 480 1191 1525">
    <p class='ocr_par' dir='ltr' id='par_1_3' title="bbox 122 480 927 694">
     <span class='ocr_line' id='line_1_4' title="bbox 122 480 927 593; baseline 0.005 -29"><span class='ocrx_word' id='word_1_16' title='bbox 122 480 232 590; x_wconf 85' lang='lat' dir='ltr'><strong>Quam</strong></span> <span class='ocrx_word' id='word_1_17' title='bbox 248 493 330 566; x_wconf 86' lang='lat' dir='ltr'><strong>haec</strong></span> <span class='ocrx_word' id='word_1_18' title='bbox 351 491 490 592; x_wconf 89' lang='lat' dir='ltr'><strong>pulchra</strong></span> <span class='ocrx_word' id='word_1_19' title='bbox 508 508 618 593; x_wconf 90' lang='lat' dir='ltr'><strong>putet,</strong></span> <span class='ocrx_word' id='word_1_20' title='bbox 644 491 716 593; x_wconf 88' lang='lat' dir='ltr'><strong>ipse</strong></span> <span class='ocrx_word' id='word_1_21' title='bbox 737 493 804 566; x_wconf 92' lang='lat' dir='ltr'><strong>iam</strong></span> <span class='ocrx_word' id='word_1_22' title='bbox 821 494 927 568; x_wconf 89' lang='lat' dir='ltr'><strong>dicct:</strong></span> 
     </span>
     <span class='ocr_line' id='line_1_5' title="bbox 163 615 905 694; baseline 0.005 -20"><span class='ocrx_word' id='word_1_23' title='bbox 163 650 205 661; x_wconf 93' lang='lat'>-</span> <span class='ocrx_word' id='word_1_24' title='bbox 227 617 393 674; x_wconf 81' lang='lat' dir='ltr'><strong>Fortunam</strong></span> <span class='ocrx_word' id='word_1_25' title='bbox 413 616 510 694; x_wconf 88' lang='lat' dir='ltr'><strong>ipsam</strong></span> <span class='ocrx_word' id='word_1_26' title='bbox 531 615 650 675; x_wconf 82' lang='lat' dir='ltr'>anteibo</span> <span class='ocrx_word' id='word_1_27' title='bbox 671 617 800 676; x_wconf 83' lang='lat' dir='ltr'><strong>fortunis</strong></span> <span class='ocrx_word' id='word_1_28' title='bbox 821 618 905 678; x_wconf 86' lang='lat' dir='ltr'><strong>meis.</strong></span> 
     </span>
    </p>

    <p class='ocr_par' dir='ltr' id='par_1_4' title="bbox 119 712 1191 1525">
     <span class='ocr_line' id='line_1_6' title="bbox 222 712 1189 815; baseline 0.007 -29"><span class='ocrx_word' id='word_1_29' title='bbox 222 712 366 786; x_wconf 87' lang='lat' dir='ltr'><strong>XXXII.</strong></span> <span class='ocrx_word' id='word_1_30' title='bbox 417 718 473 792; x_wconf 82' lang='lat'><strong>68.</strong></span> <span class='ocrx_word' id='word_1_31' title='bbox 499 713 588 786; x_wconf 86' lang='lat' dir='ltr'><strong>Haec</strong></span> <span class='ocrx_word' id='word_1_32' title='bbox 620 712 742 786; x_wconf 87' lang='lat' dir='ltr'><strong>laetitia</strong></span> <span class='ocrx_word' id='word_1_33' title='bbox 772 743 869 814; x_wconf 92' lang='lat' dir='ltr'><strong>quam</strong></span> <span class='ocrx_word' id='word_1_34' title='bbox 894 716 1009 815; x_wconf 83' lang='lat' dir='ltr'><strong>turpis.</strong></span> <span class='ocrx_word' id='word_1_35' title='bbox 1024 717 1084 806; x_wconf 90' lang='lat' dir='ltr'><strong>sit,</strong></span> <span class='ocrx_word' id='word_1_36' title='bbox 1110 721 1189 793; x_wconf 90' lang='lat' dir='ltr'><strong>satis</strong></span> 
     </span>
     <span class='ocr_line' id='line_1_7' title="bbox 121 815 1191 922; baseline 0.006 -33"><span class='ocrx_word' id='word_1_37' title='bbox 121 831 172 889; x_wconf 84' lang='lat' dir='ltr'><strong>est</strong></span> <span class='ocrx_word' id='word_1_38' title='bbox 192 815 368 912; x_wconf 80' lang='lat' dir='ltr'>diligenter</span> <span class='ocrx_word' id='word_1_39' title='bbox 387 815 607 887; x_wconf 86' lang='lat' dir='ltr'><strong>attendentem</strong></span> <span class='ocrx_word' id='word_1_40' title='bbox 632 817 764 916; x_wconf 90' lang='lat' dir='ltr'><strong>penitus</strong></span> <span class='ocrx_word' id='word_1_41' title='bbox 786 817 904 891; x_wconf 88' lang='lat' dir='ltr'><strong>videre.</strong></span> <span class='ocrx_word' id='word_1_42' title='bbox 953 819 995 891; x_wconf 87' lang='lat' dir='ltr'><strong>Et</strong></span> <span class='ocrx_word' id='word_1_43' title='bbox 1020 835 1056 891; x_wconf 92' lang='lat' dir='ltr'><strong>ut</strong></span> <span class='ocrx_word' id='word_1_44' title='bbox 1076 836 1191 922; x_wconf 78' lang='lat' dir='ltr'><strong>turpes</strong></span> 
     </span>
     <span class='ocr_line' id='line_1_8' title="bbox 120 916 1191 1018; baseline 0.007 -27"><span class='ocrx_word' id='word_1_45' title='bbox 120 933 208 1005; x_wconf 88' lang='lat' dir='ltr'><strong>sunt,</strong></span> <span class='ocrx_word' id='word_1_46' title='bbox 231 919 292 1017; x_wconf 56' lang='lat' dir='ltr'><strong>‚qui</strong></span> <span class='ocrx_word' id='word_1_47' title='bbox 309 917 450 991; x_wconf 83' lang='lat' dir='ltr'><strong>efferunt</strong></span> <span class='ocrx_word' id='word_1_48' title='bbox 466 944 501 989; x_wconf 86' lang='lat' dir='ltr'><strong>se</strong></span> <span class='ocrx_word' id='word_1_49' title='bbox 517 916 640 990; x_wconf 83' lang='lat' dir='ltr'><strong>laetitia</strong></span> <span class='ocrx_word' id='word_1_50' title='bbox 656 935 736 1005; x_wconf 86' lang='lat' dir='ltr'><strong>tum,</strong></span> <span class='ocrx_word' id='word_1_51' title='bbox 753 947 854 1018; x_wconf 91' lang='lat' dir='ltr'><strong>quum</strong></span> <span class='ocrx_word' id='word_1_52' title='bbox 874 919 1026 994; x_wconf 78' lang='lat' dir='ltr'><strong>fruuntur</strong></span> <span class='ocrx_word' id='word_1_53' title='bbox 1033 925 1191 998; x_wconf 84' lang='lat' dir='ltr'><strong>Venereis</strong></span> 
     </span>
     <span class='ocr_line' id='line_1_9' title="bbox 120 1017 1191 1121; baseline 0.007 -29"><span class='ocrx_word' id='word_1_54' title='bbox 120 1018 361 1120; x_wconf 86' lang='lat' dir='ltr'><strong>voluptatibus:</strong></span> <span class='ocrx_word' id='word_1_55' title='bbox 395 1019 443 1093; x_wconf 87' lang='lat' dir='ltr'><strong>sic</strong></span> <span class='ocrx_word' id='word_1_56' title='bbox 476 1017 650 1117; x_wconf 82' lang='lat' dir='ltr'><strong>flagitiosi,</strong></span> <span class='ocrx_word' id='word_1_57' title='bbox 684 1022 742 1121; x_wconf 90' lang='lat' dir='ltr'><strong>qui</strong></span> <span class='ocrx_word' id='word_1_58' title='bbox 775 1051 830 1097; x_wconf 88' lang='lat' dir='ltr'><strong>eas</strong></span> <span class='ocrx_word' id='word_1_59' title='bbox 855 1021 1055 1097; x_wconf 89' lang='lat' dir='ltr'><strong>inflammato</strong></span> <span class='ocrx_word' id='word_1_60' title='bbox 1080 1026 1191 1099; x_wconf 90' lang='lat' dir='ltr'><strong>animo</strong></span> 
     </span>
     <span class='ocr_line' id='line_1_10' title="bbox 121 1122 1191 1225; baseline 0.004 -28"><span class='ocrx_word' id='word_1_61' title='bbox 121 1123 370 1221; x_wconf 86' lang='lat' dir='ltr'><strong>concupiscunt.</strong></span> <span class='ocrx_word' id='word_1_62' title='bbox 396 1122 501 1194; x_wconf 90' lang='lat' dir='ltr'><strong>Totus</strong></span> <span class='ocrx_word' id='word_1_63' title='bbox 517 1150 595 1195; x_wconf 89' lang='lat' dir='ltr'><strong>vero</strong></span> <span class='ocrx_word' id='word_1_64' title='bbox 614 1123 687 1211; x_wconf 90' lang='lat' dir='ltr'><strong>iste,</strong></span> <span class='ocrx_word' id='word_1_65' title='bbox 706 1125 763 1223; x_wconf 91' lang='lat' dir='ltr'><strong>qui</strong></span> <span class='ocrx_word' id='word_1_66' title='bbox 777 1123 876 1222; x_wconf 87' lang='lat' dir='ltr'><strong>volgo</strong></span> <span class='ocrx_word' id='word_1_67' title='bbox 888 1125 1072 1225; x_wconf 88' lang='lat' dir='ltr'><strong>appellatur</strong></span> <span class='ocrx_word' id='word_1_68' title='bbox 1088 1156 1191 1217; x_wconf 85' lang='lat' dir='ltr'><strong>amor,</strong></span> 
     </span>
     <span class='ocr_line' id='line_1_11' title="bbox 120 1223 1191 1330; baseline 0.006 -33"><span class='ocrx_word' id='word_1_69' title='bbox 120 1228 198 1323; x_wconf 85' lang='lat' dir='ltr'><strong>(nec</strong></span> <span class='ocrx_word' id='word_1_70' title='bbox 218 1223 347 1298; x_wconf 80' lang='lat' dir='ltr'>hercule</span> <span class='ocrx_word' id='word_1_71' title='bbox 362 1223 513 1311; x_wconf 88' lang='lat' dir='ltr'><strong>invenio,</strong></span> <span class='ocrx_word' id='word_1_72' title='bbox 539 1253 606 1324; x_wconf 92' lang='lat' dir='ltr'><strong>quo</strong></span> <span class='ocrx_word' id='word_1_73' title='bbox 628 1227 762 1299; x_wconf 88' lang='lat' dir='ltr'><strong>nominc</strong></span> <span class='ocrx_word' id='word_1_74' title='bbox 787 1225 856 1299; x_wconf 91' lang='lat' dir='ltr'><strong>alio</strong></span> <span class='ocrx_word' id='word_1_75' title='bbox 874 1228 983 1326; x_wconf 79' lang='lat' dir='ltr'><strong>possit</strong></span> <span class='ocrx_word' id='word_1_76' title='bbox 1006 1229 1191 1330; x_wconf 72' lang='lat' dir='ltr'><strong>appellari)</strong></span> 
     </span>
     <span class='ocr_line' id='line_1_12' title="bbox 120 1326 1191 1430; baseline -0.005 -31"><span class='ocrx_word' id='word_1_77' title='bbox 120 1343 230 1401; x_wconf 90' lang='lat' dir='ltr'><strong>tantae</strong></span> <span class='ocrx_word' id='word_1_78' title='bbox 245 1326 384 1401; x_wconf 90' lang='lat' dir='ltr'><strong>levitatis</strong></span> <span class='ocrx_word' id='word_1_79' title='bbox 402 1342 468 1413; x_wconf 88' lang='lat' dir='ltr'><strong>est,</strong></span> <span class='ocrx_word' id='word_1_80' title='bbox 494 1342 531 1398; x_wconf 92' lang='lat' dir='ltr'><strong>ut</strong></span> <span class='ocrx_word' id='word_1_81' title='bbox 547 1327 638 1400; x_wconf 86' lang='lat' dir='ltr'><strong>nihil</strong></span> <span class='ocrx_word' id='word_1_82' title='bbox 653 1328 801 1417; x_wconf 88' lang='lat' dir='ltr'><strong>videam,</strong></span> <span class='ocrx_word' id='word_1_83' title='bbox 828 1326 920 1428; x_wconf 86' lang='lat' dir='ltr'><strong>quod</strong></span> <span class='ocrx_word' id='word_1_84' title='bbox 944 1349 1056 1430; x_wconf 87' lang='lat' dir='ltr'><strong>putem</strong></span> <span class='ocrx_word' id='word_1_85' title='bbox 1080 1333 1191 1408; x_wconf 82' lang='lat' dir='ltr'><strong>conse.</strong></span> 
     </span>
     <span class='ocr_line' id='line_1_13' title="bbox 119 1428 611 1525; baseline -0.002 -22"><span class='ocrx_word' id='word_1_86' title='bbox 119 1429 269 1503; x_wconf 87' lang='lat' dir='ltr'><strong>rendum.</strong></span> <span class='ocrx_word' id='word_1_87' title='bbox 321 1428 428 1525; x_wconf 85' lang='lat' dir='ltr'><strong>Quem</strong></span> <span class='ocrx_word' id='word_1_88' title='bbox 450 1428 611 1502; x_wconf 89' lang='lat' dir='ltr'><strong>Caecilius</strong></span> 
     </span>
    </p>
   </div>
   <div class='ocr_carea' id='block_1_4' title="bbox 163 1550 1174 1971">
    <p class='ocr_par' dir='ltr' id='par_1_5' title="bbox 163 1550 1174 1971">
     <span class='ocr_line' id='line_1_14' title="bbox 349 1550 1031 1634; baseline 0.001 -26"><span class='ocrx_word' id='word_1_89' title='bbox 349 1583 392 1600; x_wconf 85' lang='lat'>-</span> <span class='ocrx_word' id='word_1_90' title='bbox 414 1550 503 1609; x_wconf 88' lang='lat' dir='ltr'><strong>deum</strong></span> <span class='ocrx_word' id='word_1_91' title='bbox 525 1551 577 1628; x_wconf 91' lang='lat' dir='ltr'><strong>qui</strong></span> <span class='ocrx_word' id='word_1_92' title='bbox 598 1573 660 1610; x_wconf 88' lang='lat' dir='ltr'><strong>non</strong></span> <span class='ocrx_word' id='word_1_93' title='bbox 681 1573 828 1613; x_wconf 90' lang='lat' dir='ltr'><strong>summum</strong></span> <span class='ocrx_word' id='word_1_94' title='bbox 850 1564 955 1634; x_wconf 88' lang='lat' dir='ltr'><strong>putet,</strong></span> <span class='ocrx_word' id='word_1_95' title='bbox 1029 1604 1031 1609; x_wconf 91' lang='lat'><strong>.</strong></span> 
     </span>
     <span class='ocr_line' id='line_1_15' title="bbox 163 1636 1093 1718; baseline 0.008 -23"><span class='ocrx_word' id='word_1_96' title='bbox 163 1637 228 1695; x_wconf 79' lang='lat' dir='ltr'><strong>Aut</strong></span> <span class='ocrx_word' id='word_1_97' title='bbox 248 1636 392 1707; x_wconf 76' lang='lat' dir='ltr'><strong>stultum,</strong></span> <span class='ocrx_word' id='word_1_98' title='bbox 416 1645 589 1711; x_wconf 83' lang='lat' dir='ltr'><strong>antrorum</strong></span> <span class='ocrx_word' id='word_1_99' title='bbox 611 1644 680 1696; x_wconf 83' lang='lat' dir='ltr'><strong>esse&#39;</strong></span> <span class='ocrx_word' id='word_1_100' title='bbox 693 1639 867 1718; x_wconf 86' lang='lat' dir='ltr'><strong>imperitum</strong></span> <span class='ocrx_word' id='word_1_101' title='bbox 888 1640 1093 1702; x_wconf 77' lang='lat' dir='ltr'><strong>existumat¹z</strong></span> 
     </span>
     <span class='ocr_line' id='line_1_16' title="bbox 165 1714 1174 1799; baseline 0.005 -20"><span class='ocrx_word' id='word_1_102' title='bbox 165 1720 285 1779; x_wconf 74' lang='lat' dir='ltr'><strong>Cuius²</strong></span> <span class='ocrx_word' id='word_1_103' title='bbox 306 1722 339 1780; x_wconf 91' lang='lat' dir='ltr'><strong>in</strong></span> <span class='ocrx_word' id='word_1_104' title='bbox 360 1741 453 1778; x_wconf 89' lang='lat' dir='ltr'><strong>manu</strong></span> <span class='ocrx_word' id='word_1_105' title='bbox 474 1721 528 1794; x_wconf 89' lang='lat' dir='ltr'><strong>sit,</strong></span> <span class='ocrx_word' id='word_1_106' title='bbox 551 1720 640 1798; x_wconf 84' lang='lat' dir='ltr'><strong>quem&#39;</strong></span> <span class='ocrx_word' id='word_1_107' title='bbox 660 1714 726 1781; x_wconf 75' lang='lat' dir='ltr'><strong>esse&#39;</strong></span> <span class='ocrx_word' id='word_1_108' title='bbox 743 1723 907 1782; x_wconf 87' lang='lat' dir='ltr'><strong>dementem</strong></span> <span class='ocrx_word' id='word_1_109' title='bbox 929 1724 1021 1799; x_wconf 84' lang='lat' dir='ltr'><strong>velit,</strong></span> <span class='ocrx_word' id='word_1_110' title='bbox 1171 1792 1174 1797; x_wconf 48' lang='grc'><strong>,</strong></span> 
     </span>
     <span class='ocr_line' id='line_1_17' title="bbox 165 1805 1152 1885; baseline 0.007 -23"><span class='ocrx_word' id='word_1_111' title='bbox 165 1806 262 1878; x_wconf 84' lang='lat' dir='ltr'><strong>Quem</strong></span> <span class='ocrx_word' id='word_1_112' title='bbox 285 1826 405 1885; x_wconf 86' lang='lat' dir='ltr'><strong>sapere,</strong></span> <span class='ocrx_word' id='word_1_113' title='bbox 428 1825 515 1882; x_wconf 86' lang='lat' dir='ltr'><strong>quem</strong></span> <span class='ocrx_word' id='word_1_114' title='bbox 538 1805 698 1883; x_wconf 50' lang='lat' dir='ltr'><strong>sanarum,</strong></span> <span class='ocrx_word' id='word_1_115' title='bbox 721 1828 808 1885; x_wconf 86' lang='lat' dir='ltr'><strong>quem</strong></span> <span class='ocrx_word' id='word_1_116' title='bbox 828 1808 861 1866; x_wconf 89' lang='lat' dir='ltr'><strong>in</strong></span> <span class='ocrx_word' id='word_1_117' title='bbox 882 1810 1019 1868; x_wconf 84' lang='lat' dir='ltr'><strong>morbum</strong></span> <span class='ocrx_word' id='word_1_118' title='bbox 1041 1808 1152 1885; x_wconf 83' lang='lat' dir='ltr'><strong>iniici,</strong></span> 
     </span>
     <span class='ocr_line' id='line_1_18' title="bbox 163 1890 1075 1971; baseline 0.008 -24"><span class='ocrx_word' id='word_1_119' title='bbox 163 1891 261 1964; x_wconf 87' lang='lat' dir='ltr'><strong>Quem</strong></span> <span class='ocrx_word' id='word_1_120' title='bbox 283 1901 387 1949; x_wconf 88' lang='lat' dir='ltr'><strong>contra</strong></span> <span class='ocrx_word' id='word_1_121' title='bbox 409 1890 519 1964; x_wconf 89' lang='lat' dir='ltr'><strong>amari,</strong></span> <span class='ocrx_word' id='word_1_122' title='bbox 542 1911 629 1968; x_wconf 92' lang='lat' dir='ltr'><strong>quem</strong></span> <span class='ocrx_word' id='word_1_123' title='bbox 652 1893 768 1971; x_wconf 85' lang='lat' dir='ltr'><strong>expeti,</strong></span> <span class='ocrx_word' id='word_1_124' title='bbox 791 1913 879 1971; x_wconf 90' lang='lat' dir='ltr'><strong>quem</strong></span> <span class='ocrx_word' id='word_1_125' title='bbox 901 1894 1075 1954; x_wconf 80' lang='lat' dir='ltr'><strong>arcessier⁸.</strong></span> 
     </span>
    </p>
   </div>
   <div class='ocr_carea' id='block_1_5' title="bbox 119 1986 1191 2497">
    <p class='ocr_par' dir='ltr' id='par_1_6' title="bbox 119 1986 1191 2497">
     <span class='ocr_line' id='line_1_19' title="bbox 119 1986 1189 2092; baseline -0.001 -26"><span class='ocrx_word' id='word_1_126' title='bbox 119 1996 178 2068; x_wconf 89' lang='grc'><strong>69.</strong></span> <span class='ocrx_word' id='word_1_127' title='bbox 206 1986 237 2060; x_wconf 94' lang='grc' dir='ltr'><strong>Ο</strong></span> <span class='ocrx_word' id='word_1_128' title='bbox 265 1987 466 2087; x_wconf 87' lang='lat' dir='ltr'><strong>praeclaram</strong></span> <span class='ocrx_word' id='word_1_129' title='bbox 491 1987 745 2062; x_wconf 81' lang='lat' dir='ltr'><strong>emendatricem</strong></span> <span class='ocrx_word' id='word_1_130' title='bbox 770 1989 872 2078; x_wconf 83' lang='lat' dir='ltr'><strong>vitae,</strong></span> <span class='ocrx_word' id='word_1_131' title='bbox 898 1991 1080 2092; x_wconf 87' lang='lat' dir='ltr'><strong>poeticam!</strong></span> <span class='ocrx_word' id='word_1_132' title='bbox 1106 2021 1189 2091; x_wconf 90' lang='lat' dir='ltr'><strong>quae</strong></span> 
     </span>
     <span class='ocr_line' id='line_1_20' title="bbox 119 2088 1189 2188; baseline 0.005 -26"><span class='ocrx_word' id='word_1_133' title='bbox 119 2117 277 2177; x_wconf 85' lang='lat' dir='ltr'><strong>amorem,</strong></span> <span class='ocrx_word' id='word_1_134' title='bbox 303 2088 405 2188; x_wconf 83' lang='lat' dir='ltr'><strong>llagiti</strong></span> <span class='ocrx_word' id='word_1_135' title='bbox 424 2106 456 2162; x_wconf 88' lang='lat' dir='ltr'><strong>et</strong></span> <span class='ocrx_word' id='word_1_136' title='bbox 473 2088 614 2163; x_wconf 81' lang='lat' dir='ltr'><strong>levitatis</strong></span> <span class='ocrx_word' id='word_1_137' title='bbox 639 2107 815 2185; x_wconf 84' lang='lat' dir='ltr'><strong>auctorem,</strong></span> <span class='ocrx_word' id='word_1_138' title='bbox 842 2093 877 2164; x_wconf 91' lang='lat' dir='ltr'><strong>in</strong></span> <span class='ocrx_word' id='word_1_139' title='bbox 895 2093 1034 2166; x_wconf 89' lang='lat' dir='ltr'><strong>concilio</strong></span> <span class='ocrx_word' id='word_1_140' title='bbox 1053 2093 1189 2167; x_wconf 89' lang='lat' dir='ltr'><strong>deorum</strong></span> 
     </span>
     <span class='ocr_line' id='line_1_21' title="bbox 121 2191 1190 2296; baseline 0.007 -32"><span class='ocrx_word' id='word_1_141' title='bbox 121 2191 351 2267; x_wconf 87' lang='lat' dir='ltr'><strong>collocandum</strong></span> <span class='ocrx_word' id='word_1_142' title='bbox 372 2207 472 2292; x_wconf 88' lang='lat' dir='ltr'><strong>putet.</strong></span> <span class='ocrx_word' id='word_1_143' title='bbox 514 2192 555 2266; x_wconf 88' lang='lat' dir='ltr'><strong>de</strong></span> <span class='ocrx_word' id='word_1_144' title='bbox 574 2193 745 2266; x_wconf 83' lang='lat' dir='ltr'><strong>comoedia</strong></span> <span class='ocrx_word' id='word_1_145' title='bbox 762 2193 896 2294; x_wconf 85' lang='lat' dir='ltr'><strong>loquor:</strong></span> <span class='ocrx_word' id='word_1_146' title='bbox 930 2224 1030 2296; x_wconf 88' lang='lat' dir='ltr'><strong>quae,</strong></span> <span class='ocrx_word' id='word_1_147' title='bbox 1056 2197 1085 2268; x_wconf 90' lang='lat' dir='ltr'><strong>si</strong></span> <span class='ocrx_word' id='word_1_148' title='bbox 1109 2198 1190 2271; x_wconf 86' lang='lat' dir='ltr'><strong>haec</strong></span> 
     </span>
     <span class='ocr_line' id='line_1_22' title="bbox 119 2290 1191 2399; baseline 0.005 -33"><span class='ocrx_word' id='word_1_149' title='bbox 119 2293 245 2393; x_wconf 83' lang='lat' dir='ltr'><strong>flagitia</strong></span> <span class='ocrx_word' id='word_1_150' title='bbox 263 2323 332 2366; x_wconf 90' lang='lat' dir='ltr'><strong>non</strong></span> <span class='ocrx_word' id='word_1_151' title='bbox 358 2295 593 2399; x_wconf 74' lang='lat' dir='ltr'><strong>probaremus,</strong></span> <span class='ocrx_word' id='word_1_152' title='bbox 618 2294 709 2370; x_wconf 85' lang='lat' dir='ltr'><strong>nulla</strong></span> <span class='ocrx_word' id='word_1_153' title='bbox 732 2290 818 2372; x_wconf 82' lang='lat' dir='ltr'><strong>esset</strong></span> <span class='ocrx_word' id='word_1_154' title='bbox 841 2298 986 2371; x_wconf 91' lang='lat' dir='ltr'><strong>omnino.</strong></span> <span class='ocrx_word' id='word_1_155' title='bbox 1038 2299 1131 2396; x_wconf 82' lang='lat' dir='ltr'><strong>Quid</strong></span> <span class='ocrx_word' id='word_1_156' title='bbox 1146 2299 1191 2372; x_wconf 91' lang='lat' dir='ltr'><strong>ait</strong></span> 
     </span>
     <span class='ocr_line' id='line_1_23' title="bbox 120 2396 990 2497; baseline 0.002 -27"><span class='ocrx_word' id='word_1_157' title='bbox 120 2424 161 2471; x_wconf 83' lang='lat' dir='ltr'><strong>ex</strong></span> <span class='ocrx_word' id='word_1_158' title='bbox 180 2397 353 2496; x_wconf 83' lang='lat' dir='ltr'><strong>tragoedia</strong></span> <span class='ocrx_word' id='word_1_159' title='bbox 369 2397 525 2497; x_wconf 89' lang='lat' dir='ltr'><strong>princeps</strong></span> <span class='ocrx_word' id='word_1_160' title='bbox 545 2396 598 2471; x_wconf 92' lang='lat' dir='ltr'><strong>ille</strong></span> <span class='ocrx_word' id='word_1_161' title='bbox 612 2397 902 2495; x_wconf 84' lang='lat' dir='ltr'><strong>Argonautarum?</strong></span> <span class='ocrx_word' id='word_1_162' title='bbox 939 2464 942 2469; x_wconf 91' lang='lat'><strong>.</strong></span> <span class='ocrx_word' id='word_1_163' title='bbox 988 2458 990 2462; x_wconf 87' lang='lat'><strong>.</strong></span> 
     </span>
    </p>
   </div>
   <div class='ocr_carea' id='block_1_6' title="bbox 108 2518 1098 2601">
    <p class='ocr_par' dir='ltr' id='par_1_7' title="bbox 108 2518 1098 2601">
     <span class='ocr_line' id='line_1_24' title="bbox 108 2518 1098 2601; baseline 0.004 -25"><span class='ocrx_word' id='word_1_164' title='bbox 108 2576 111 2584; x_wconf 60' lang='lat'><strong>.</strong></span> <span class='ocrx_word' id='word_1_165' title='bbox 163 2518 212 2577; x_wconf 79' lang='lat' dir='ltr'><strong>&#39;l&#39;u</strong></span> <span class='ocrx_word' id='word_1_166' title='bbox 232 2540 279 2578; x_wconf 92' lang='lat' dir='ltr'><strong>me</strong></span> <span class='ocrx_word' id='word_1_167' title='bbox 301 2521 410 2580; x_wconf 85' lang='lat' dir='ltr'><strong>amoris</strong></span> <span class='ocrx_word' id='word_1_168' title='bbox 431 2521 536 2598; x_wconf 89' lang='lat' dir='ltr'><strong>magi’,</strong></span> <span class='ocrx_word' id='word_1_169' title='bbox 558 2541 647 2598; x_wconf 84' lang='lat' dir='ltr'><strong>quam</strong></span> <span class='ocrx_word' id='word_1_170' title='bbox 668 2519 793 2581; x_wconf 81' lang='lat' dir='ltr'><strong>bonoria</strong></span> <span class='ocrx_word' id='word_1_171' title='bbox 814 2521 973 2582; x_wconf 81' lang='lat' dir='ltr'><strong>servavisti</strong></span> <span class='ocrx_word' id='word_1_172' title='bbox 993 2523 1098 2601; x_wconf 85' lang='lat' dir='ltr'><strong>gratia.</strong></span> 
     </span>
    </p>
   </div>
   <div class='ocr_carea' id='block_1_7' title="bbox 118 2699 1191 2975">
    <p class='ocr_par' dir='ltr' id='par_1_8' title="bbox 118 2699 1191 2975">
     <span class='ocr_line' id='line_1_25' title="bbox 191 2699 1191 2772; baseline 0.005 -21"><span class='ocrx_word' id='word_1_173' title='bbox 191 2699 266 2759; x_wconf 76' lang='lat' dir='ltr'><strong>18ic</strong></span> <span class='ocrx_word' id='word_1_174' title='bbox 285 2703 367 2752; x_wconf 88' lang='lat' dir='ltr'><strong>EMD.</strong></span> <span class='ocrx_word' id='word_1_175' title='bbox 384 2726 419 2741; x_wconf 84' lang='lat'>-</span> <span class='ocrx_word' id='word_1_176' title='bbox 435 2704 492 2753; x_wconf 83' lang='lat' dir='ltr'><strong>Em.</strong></span> <span class='ocrx_word' id='word_1_177' title='bbox 518 2721 539 2753; x_wconf 92' lang='lat' dir='ltr'><strong>c.</strong></span> <span class='ocrx_word' id='word_1_178' title='bbox 563 2703 632 2769; x_wconf 85' lang='lat' dir='ltr'><strong>vulg.</strong></span> <span class='ocrx_word' id='word_1_179' title='bbox 656 2704 796 2755; x_wconf 79' lang='lat' dir='ltr'><strong>existimet.</strong></span> <span class='ocrx_word' id='word_1_180' title='bbox 830 2704 907 2762; x_wconf 78' lang='lat' dir='ltr'><strong>2Sic</strong></span> <span class='ocrx_word' id='word_1_181' title='bbox 930 2704 975 2754; x_wconf 91' lang='lat' dir='ltr'><strong>W.</strong></span> <span class='ocrx_word' id='word_1_182' title='bbox 995 2703 1026 2754; x_wconf 81' lang='lat' dir='ltr'><strong>de</strong></span> <span class='ocrx_word' id='word_1_183' title='bbox 1047 2705 1106 2754; x_wconf 86' lang='lat' dir='ltr'><strong>Em.</strong></span> <span class='ocrx_word' id='word_1_184' title='bbox 1123 2715 1191 2772; x_wconf 82' lang='lat' dir='ltr'><strong>susp.</strong></span> 
     </span>
     <span class='ocr_line' id='line_1_26' title="bbox 118 2769 1191 2836; baseline 0.005 -19"><span class='ocrx_word' id='word_1_185' title='bbox 118 2797 149 2808; x_wconf 90' lang='lat'>-</span> <span class='ocrx_word' id='word_1_186' title='bbox 171 2771 214 2818; x_wconf 87' lang='lat' dir='ltr'><strong>Or.</strong></span> <span class='ocrx_word' id='word_1_187' title='bbox 237 2785 258 2818; x_wconf 92' lang='lat' dir='ltr'><strong>c.</strong></span> <span class='ocrx_word' id='word_1_188' title='bbox 276 2770 344 2836; x_wconf 82' lang='lat' dir='ltr'><strong>vulg.</strong></span> <span class='ocrx_word' id='word_1_189' title='bbox 368 2771 426 2820; x_wconf 81' lang='lat' dir='ltr'><strong>Coi.</strong></span> <span class='ocrx_word' id='word_1_190' title='bbox 460 2769 501 2828; x_wconf 74' lang='lat'><strong>2*</strong></span> <span class='ocrx_word' id='word_1_191' title='bbox 517 2771 560 2820; x_wconf 80' lang='lat' dir='ltr'><strong>Sic</strong></span> <span class='ocrx_word' id='word_1_192' title='bbox 583 2772 666 2822; x_wconf 86' lang='lat' dir='ltr'><strong>MLD.</strong></span> <span class='ocrx_word' id='word_1_193' title='bbox 684 2772 751 2822; x_wconf 85' lang='lat' dir='ltr'><strong>Loll.</strong></span> <span class='ocrx_word' id='word_1_194' title='bbox 768 2802 800 2811; x_wconf 94' lang='lat'>-</span> <span class='ocrx_word' id='word_1_195' title='bbox 818 2772 884 2823; x_wconf 77' lang='lat' dir='ltr'><strong>Bsss.</strong></span> <span class='ocrx_word' id='word_1_196' title='bbox 910 2788 1017 2822; x_wconf 77' lang='lat' dir='ltr'><strong>conare.</strong></span> <span class='ocrx_word' id='word_1_197' title='bbox 1034 2800 1067 2810; x_wconf 94' lang='lat'><em>-</em></span> <span class='ocrx_word' id='word_1_198' title='bbox 1083 2771 1143 2823; x_wconf 84' lang='lat' dir='ltr'><strong>llrn.</strong></span> <span class='ocrx_word' id='word_1_199' title='bbox 1168 2789 1191 2822; x_wconf 84' lang='lat' dir='ltr'><strong>o.</strong></span> 
     </span>
     <span class='ocr_line' id='line_1_27' title="bbox 119 2836 1190 2915; baseline 0.004 -30"><span class='ocrx_word' id='word_1_200' title='bbox 119 2836 190 2902; x_wconf 85' lang='lat' dir='ltr'><strong>vulg.</strong></span> <span class='ocrx_word' id='word_1_201' title='bbox 216 2836 346 2888; x_wconf 81' lang='lat' dir='ltr'><strong>insanire.</strong></span> <span class='ocrx_word' id='word_1_202' title='bbox 375 2838 452 2888; x_wconf 89' lang='lat' dir='ltr'><strong>Male.</strong></span> <span class='ocrx_word' id='word_1_203' title='bbox 486 2836 564 2895; x_wconf 80' lang='lat' dir='ltr'><strong>3Sio</strong></span> <span class='ocrx_word' id='word_1_204' title='bbox 585 2838 611 2888; x_wconf 85' lang='lat' dir='ltr'><strong>b.</strong></span> <span class='ocrx_word' id='word_1_205' title='bbox 635 2840 721 2889; x_wconf 89' lang='lat' dir='ltr'><strong>ED.e</strong></span> <span class='ocrx_word' id='word_1_206' title='bbox 745 2839 824 2915; x_wconf 68' lang='lat' dir='ltr'><strong>(lodi.</strong></span> <span class='ocrx_word' id='word_1_207' title='bbox 843 2839 909 2890; x_wconf 87' lang='lat' dir='ltr'><strong>Lull.</strong></span> <span class='ocrx_word' id='word_1_208' title='bbox 927 2868 960 2878; x_wconf 92' lang='lat'><em>-</em></span> <span class='ocrx_word' id='word_1_209' title='bbox 977 2837 1030 2889; x_wconf 83' lang='lat' dir='ltr'><strong>Alii</strong></span> <span class='ocrx_word' id='word_1_210' title='bbox 1053 2839 1190 2889; x_wconf 69' lang='lat' dir='ltr'><strong>mauriti.</strong></span> 
     </span>
     <span class='ocr_line' id='line_1_28' title="bbox 118 2904 1011 2975; baseline 0.004 -21"><span class='ocrx_word' id='word_1_211' title='bbox 118 2904 179 2954; x_wconf 82' lang='lat' dir='ltr'><strong>Em.</strong></span> <span class='ocrx_word' id='word_1_212' title='bbox 198 2921 273 2972; x_wconf 83' lang='lat' dir='ltr'><strong>quem</strong></span> <span class='ocrx_word' id='word_1_213' title='bbox 289 2906 438 2966; x_wconf 73' lang='lat' dir='ltr'><strong>arcessiat,</strong></span> <span class='ocrx_word' id='word_1_214' title='bbox 456 2906 544 2975; x_wconf 72' lang='lat' dir='ltr'><strong>expeti</strong></span> <span class='ocrx_word' id='word_1_215' title='bbox 559 2923 641 2975; x_wconf 87' lang='lat' dir='ltr'><strong>quem.</strong></span> <span class='ocrx_word' id='word_1_216' title='bbox 658 2908 756 2974; x_wconf 87' lang='lat' dir='ltr'><strong>Inepte.</strong></span> <span class='ocrx_word' id='word_1_217' title='bbox 1008 2943 1011 2947; x_wconf 63' lang='grc'><strong><em>«</em></strong></span> 
     </span>
    </p>
   </div>
   <div class='ocr_carea' id='block_1_8' title="bbox 103 3037 1194 4261">
    <p class='ocr_par' dir='ltr' id='par_1_9' title="bbox 103 3037 1194 3716">
     <span class='ocr_line' id='line_1_29' title="bbox 118 3037 1192 3109; baseline 0.002 -21"><span class='ocrx_word' id='word_1_218' title='bbox 118 3037 237 3088; x_wconf 88' lang='lat' dir='ltr'><strong>Bentleio</strong></span> <span class='ocrx_word' id='word_1_219' title='bbox 249 3039 384 3106; x_wconf 89' lang='lat' dir='ltr'><strong>legendum</strong></span> <span class='ocrx_word' id='word_1_220' title='bbox 392 3049 444 3090; x_wconf 89' lang='lat' dir='ltr'><strong>est:</strong></span> <span class='ocrx_word' id='word_1_221' title='bbox 468 3040 542 3089; x_wconf 86' lang='lat' dir='ltr'><strong>Fori&#39;</strong></span> <span class='ocrx_word' id='word_1_222' title='bbox 557 3051 639 3109; x_wconf 79' lang='lat' dir='ltr'><strong>pate-</strong></span> <span class='ocrx_word' id='word_1_223' title='bbox 672 3039 749 3090; x_wconf 87' lang='lat' dir='ltr'><strong>Unde</strong></span> <span class='ocrx_word' id='word_1_224' title='bbox 763 3039 898 3092; x_wconf 74' lang='lat' dir='ltr'><strong>Caecilium</strong></span> <span class='ocrx_word' id='word_1_225' title='bbox 911 3059 956 3092; x_wconf 88' lang='lat' dir='ltr'><strong>sua</strong></span> <span class='ocrx_word' id='word_1_226' title='bbox 971 3039 1098 3101; x_wconf 82' lang='lat' dir='ltr'><strong>hausisse,</strong></span> <span class='ocrx_word' id='word_1_227' title='bbox 1121 3038 1192 3093; x_wconf 82' lang='lat' dir='ltr'><strong>arbi·</strong></span> 
     </span>
     <span class='ocr_line' id='line_1_30' title="bbox 120 3104 1193 3173; baseline 0.003 -17"><span class='ocrx_word' id='word_1_228' title='bbox 120 3105 168 3168; x_wconf 79' lang='lat' dir='ltr'><strong>bic,</strong></span> <span class='ocrx_word' id='word_1_229' title='bbox 183 3116 265 3155; x_wconf 85' lang='lat' dir='ltr'><strong>metro</strong></span> <span class='ocrx_word' id='word_1_230' title='bbox 279 3107 420 3173; x_wconf 84' lang='lat' dir='ltr'><strong>flagitante.</strong></span> <span class='ocrx_word' id='word_1_231' title='bbox 623 3104 626 3110; x_wconf 73' lang='lat'>&#39;</span> <span class='ocrx_word' id='word_1_232' title='bbox 672 3107 806 3158; x_wconf 83' lang='lat' dir='ltr'><strong>trabuntur</strong></span> <span class='ocrx_word' id='word_1_233' title='bbox 814 3109 941 3161; x_wconf 82' lang='lat' dir='ltr'><strong>Ciceronis</strong></span> <span class='ocrx_word' id='word_1_234' title='bbox 949 3106 1074 3168; x_wconf 61' lang='lat' dir='ltr'><strong>editorem</strong></span> <span class='ocrx_word' id='word_1_235' title='bbox 1088 3117 1115 3158; x_wconf 90' lang='lat' dir='ltr'><strong>at</strong></span> <span class='ocrx_word' id='word_1_236' title='bbox 1122 3119 1193 3159; x_wconf 75' lang='lat' dir='ltr'><strong>recte</strong></span> 
     </span>
     <span class='ocr_line' id='line_1_31' title="bbox 170 3174 1192 3241; baseline 0.003 -19"><span class='ocrx_word' id='word_1_237' title='bbox 170 3175 324 3239; x_wconf 71' lang='lat' dir='ltr'><strong>Fortunam)</strong></span> <span class='ocrx_word' id='word_1_238' title='bbox 360 3177 431 3224; x_wconf 86' lang='lat' dir='ltr'><strong>llaec</strong></span> <span class='ocrx_word' id='word_1_239' title='bbox 452 3174 581 3241; x_wconf 88' lang='lat' dir='ltr'><strong>pertinent</strong></span> <span class='ocrx_word' id='word_1_240' title='bbox 607 3175 640 3224; x_wconf 78' lang='lat' dir='ltr'><strong>arl</strong></span> <span class='ocrx_word' id='word_1_241' title='bbox 670 3175 788 3235; x_wconf 79' lang='lat' dir='ltr'><strong>Davisius</strong></span> <span class='ocrx_word' id='word_1_242' title='bbox 797 3186 892 3238; x_wconf 89' lang='lat' dir='ltr'><strong>monet,</strong></span> <span class='ocrx_word' id='word_1_243' title='bbox 909 3176 1044 3226; x_wconf 87' lang='lat' dir='ltr'><strong>Caecilium</strong></span> <span class='ocrx_word' id='word_1_244' title='bbox 1056 3193 1107 3226; x_wconf 90' lang='lat' dir='ltr'><strong>non</strong></span> <span class='ocrx_word' id='word_1_245' title='bbox 1117 3175 1192 3225; x_wconf 87' lang='lat' dir='ltr'><strong>Euri-</strong></span> 
     </span>
     <span class='ocr_line' id='line_1_32' title="bbox 103 3240 1192 3310; baseline 0.002 -20"><span class='ocrx_word' id='word_1_246' title='bbox 103 3241 215 3298; x_wconf 72' lang='lat' dir='ltr'><strong>¹verba:</strong></span> <span class='ocrx_word' id='word_1_247' title='bbox 242 3240 315 3292; x_wconf 77' lang='lat' dir='ltr'><strong>Mili</strong></span> <span class='ocrx_word' id='word_1_248' title='bbox 331 3260 360 3292; x_wconf 81' lang='lat' dir='ltr'><strong>se</strong></span> <span class='ocrx_word' id='word_1_249' title='bbox 379 3241 471 3305; x_wconf 78' lang='lat' dir='ltr'><strong>dedet,</strong></span> <span class='ocrx_word' id='word_1_250' title='bbox 494 3252 524 3292; x_wconf 88' lang='lat' dir='ltr'><strong>ut</strong></span> <span class='ocrx_word' id='word_1_251' title='bbox 539 3242 641 3310; x_wconf 83' lang='lat' dir='ltr'><strong>integer</strong></span> <span class='ocrx_word' id='word_1_252' title='bbox 672 3241 758 3308; x_wconf 90' lang='lat' dir='ltr'><strong>pidem</strong></span> <span class='ocrx_word' id='word_1_253' title='bbox 773 3245 807 3294; x_wconf 94' lang='lat' dir='ltr'><strong>ob</strong></span> <span class='ocrx_word' id='word_1_254' title='bbox 829 3243 1055 3306; x_wconf 85' lang='lat' dir='ltr'><strong>oculoshabuisse,</strong></span> <span class='ocrx_word' id='word_1_255' title='bbox 1073 3242 1118 3293; x_wconf 87' lang='lat' dir='ltr'><strong>sed</strong></span> <span class='ocrx_word' id='word_1_256' title='bbox 1132 3244 1192 3292; x_wconf 85' lang='lat' dir='ltr'><strong>Me-</strong></span> 
     </span>
     <span class='ocr_line' id='line_1_33' title="bbox 120 3309 1192 3379; baseline 0.002 -22"><span class='ocrx_word' id='word_1_257' title='bbox 120 3325 210 3358; x_wconf 85' lang='lat' dir='ltr'><strong>versus</strong></span> <span class='ocrx_word' id='word_1_258' title='bbox 225 3309 370 3359; x_wconf 84' lang='lat' dir='ltr'><strong>trochaicus</strong></span> <span class='ocrx_word' id='word_1_259' title='bbox 390 3309 431 3360; x_wconf 89' lang='lat' dir='ltr'><strong>sit.</strong></span> <span class='ocrx_word' id='word_1_260' title='bbox 673 3311 804 3371; x_wconf 84' lang='lat' dir='ltr'><strong>nandrmn,</strong></span> <span class='ocrx_word' id='word_1_261' title='bbox 823 3311 892 3361; x_wconf 89' lang='lat' dir='ltr'><strong>cuius</strong></span> <span class='ocrx_word' id='word_1_262' title='bbox 911 3309 1135 3379; x_wconf 73' lang='grc' dir='ltr'><strong><em>Συναριστώσας.</em></strong></span> <span class='ocrx_word' id='word_1_263' title='bbox 1149 3319 1192 3359; x_wconf 86' lang='lat' dir='ltr'><strong>te-</strong></span> 
     </span>
     <span class='ocr_line' id='line_1_34' title="bbox 171 3376 1193 3447; baseline 0 -22"><span class='ocrx_word' id='word_1_264' title='bbox 171 3377 231 3425; x_wconf 77' lang='lat' dir='ltr'><strong>(lar.</strong></span> <span class='ocrx_word' id='word_1_265' title='bbox 247 3377 361 3426; x_wconf 86' lang='lat' dir='ltr'><strong>XXXII.</strong></span> <span class='ocrx_word' id='word_1_266' title='bbox 379 3381 420 3435; x_wconf 82' lang='grc'><strong>68.</strong></span> <span class='ocrx_word' id='word_1_267' title='bbox 437 3407 471 3416; x_wconf 92' lang='grc'>-</span> <span class='ocrx_word' id='word_1_268' title='bbox 489 3377 566 3427; x_wconf 84' lang='lat' dir='ltr'><strong>deum</strong></span> <span class='ocrx_word' id='word_1_269' title='bbox 585 3377 640 3447; x_wconf 62' lang='lat' dir='ltr'><strong>qus]</strong></span> <span class='ocrx_word' id='word_1_270' title='bbox 673 3391 727 3428; x_wconf 86' lang='lat' dir='ltr'><strong>stae</strong></span> <span class='ocrx_word' id='word_1_271' title='bbox 742 3376 844 3440; x_wconf 84' lang='lat' dir='ltr'><strong>Nonio,</strong></span> <span class='ocrx_word' id='word_1_272' title='bbox 859 3378 1065 3431; x_wconf 83' lang='lat' dir='ltr'><strong>latineverterst.</strong></span> <span class='ocrx_word' id='word_1_273' title='bbox 1082 3378 1193 3426; x_wconf 83' lang='lat' dir='ltr'><strong>Menan-</strong></span> 
     </span>
     <span class='ocr_line' id='line_1_35' title="bbox 119 3443 1194 3524; baseline 0.001 -31"><span class='ocrx_word' id='word_1_274' title='bbox 119 3446 184 3493; x_wconf 86' lang='lat' dir='ltr'><strong>Snnt</strong></span> <span class='ocrx_word' id='word_1_275' title='bbox 197 3443 288 3493; x_wconf 88' lang='lat' dir='ltr'><strong>senarii</strong></span> <span class='ocrx_word' id='word_1_276' title='bbox 297 3443 405 3494; x_wconf 87' lang='lat' dir='ltr'><strong>iambici.</strong></span> <span class='ocrx_word' id='word_1_277' title='bbox 424 3445 540 3494; x_wconf 87' lang='lat' dir='ltr'><strong>Ceterum</strong></span> <span class='ocrx_word' id='word_1_278' title='bbox 549 3445 641 3512; x_wconf 87' lang='lat' dir='ltr'><strong>gemini</strong></span> <span class='ocrx_word' id='word_1_279' title='bbox 673 3445 719 3496; x_wconf 85' lang='lat' dir='ltr'><strong>der</strong></span> <span class='ocrx_word' id='word_1_280' title='bbox 725 3456 807 3496; x_wconf 88' lang='lat' dir='ltr'><strong>autem</strong></span> <span class='ocrx_word' id='word_1_281' title='bbox 817 3444 969 3524; x_wconf 82' lang='lat' dir='ltr'><strong>Euripidem,</strong></span> <span class='ocrx_word' id='word_1_282' title='bbox 977 3444 1100 3495; x_wconf 85' lang='lat' dir='ltr'><strong>Caecilius</strong></span> <span class='ocrx_word' id='word_1_283' title='bbox 1109 3453 1194 3494; x_wconf 85' lang='lat' dir='ltr'><strong>autem</strong></span> 
     </span>
     <span class='ocr_line' id='line_1_36' title="bbox 118 3511 1192 3581; baseline 0.001 -22"><span class='ocrx_word' id='word_1_284' title='bbox 118 3527 207 3560; x_wconf 79' lang='lat' dir='ltr'><strong>versus</strong></span> <span class='ocrx_word' id='word_1_285' title='bbox 227 3528 257 3560; x_wconf 86' lang='lat' dir='ltr'><strong>ex</strong></span> <span class='ocrx_word' id='word_1_286' title='bbox 276 3511 395 3578; x_wconf 86' lang='lat' dir='ltr'><strong>Euripide</strong></span> <span class='ocrx_word' id='word_1_287' title='bbox 415 3512 550 3562; x_wconf 88' lang='lat' dir='ltr'><strong>laudantur</strong></span> <span class='ocrx_word' id='word_1_288' title='bbox 573 3512 641 3581; x_wconf 83' lang='lat' dir='ltr'><strong>apud</strong></span> <span class='ocrx_word' id='word_1_289' title='bbox 673 3514 839 3565; x_wconf 84' lang='lat' dir='ltr'><strong>Menandrum</strong></span> <span class='ocrx_word' id='word_1_290' title='bbox 846 3511 968 3563; x_wconf 81' lang='lat' dir='ltr'><strong>imitando</strong></span> <span class='ocrx_word' id='word_1_291' title='bbox 978 3511 1108 3579; x_wconf 80' lang='lat' dir='ltr'><strong>expressit.</strong></span> <span class='ocrx_word' id='word_1_292' title='bbox 1125 3512 1192 3560; x_wconf 86' lang='lat' dir='ltr'><strong>Nam</strong></span> 
     </span>
     <span class='ocr_line' id='line_1_37' title="bbox 118 3577 1193 3647; baseline -0.001 -18"><span class='ocrx_word' id='word_1_293' title='bbox 118 3578 257 3629; x_wconf 73' lang='lat' dir='ltr'><strong>stobaeum</strong></span> <span class='ocrx_word' id='word_1_294' title='bbox 273 3581 353 3628; x_wconf 76' lang='lat' dir='ltr'><strong>Serui.</strong></span> <span class='ocrx_word' id='word_1_295' title='bbox 369 3578 440 3630; x_wconf 84' lang='lat' dir='ltr'><strong>LXI.</strong></span> <span class='ocrx_word' id='word_1_296' title='bbox 463 3598 488 3647; x_wconf 91' lang='lat' dir='ltr'><strong>p.</strong></span> <span class='ocrx_word' id='word_1_297' title='bbox 510 3584 575 3638; x_wconf 80' lang='lat'><strong>387:</strong></span> <span class='ocrx_word' id='word_1_298' title='bbox 597 3579 641 3647; x_wconf 88' lang='lat' dir='ltr'><strong>qui</strong></span> <span class='ocrx_word' id='word_1_299' title='bbox 673 3581 750 3632; x_wconf 90' lang='lat' dir='ltr'><strong>etiam</strong></span> <span class='ocrx_word' id='word_1_300' title='bbox 764 3581 790 3631; x_wconf 89' lang='lat' dir='ltr'><strong>in</strong></span> <span class='ocrx_word' id='word_1_301' title='bbox 805 3580 849 3630; x_wconf 89' lang='lat' dir='ltr'><strong>illa</strong></span> <span class='ocrx_word' id='word_1_302' title='bbox 864 3578 997 3630; x_wconf 83' lang='lat' dir='ltr'><strong>Menandri</strong></span> <span class='ocrx_word' id='word_1_303' title='bbox 1013 3577 1100 3629; x_wconf 79' lang='lat' dir='ltr'><strong>fabula</strong></span> <span class='ocrx_word' id='word_1_304' title='bbox 1112 3582 1193 3628; x_wconf 83' lang='lat' dir='ltr'><strong>Amo-</strong></span> 
     </span>
     <span class='ocr_line' id='line_1_38' title="bbox 118 3644 1193 3716; baseline 0.001 -22"><span class='ocrx_word' id='word_1_305' title='bbox 118 3644 156 3695; x_wconf 88' lang='lat' dir='ltr'><strong>sic</strong></span> <span class='ocrx_word' id='word_1_306' title='bbox 171 3663 198 3695; x_wconf 85' lang='lat' dir='ltr'><strong>se</strong></span> <span class='ocrx_word' id='word_1_307' title='bbox 212 3645 323 3695; x_wconf 83' lang='lat' dir='ltr'><strong>habent:</strong></span> <span class='ocrx_word' id='word_1_308' title='bbox 673 3647 708 3698; x_wconf 86' lang='lat' dir='ltr'><strong>ris</strong></span> <span class='ocrx_word' id='word_1_309' title='bbox 723 3658 838 3716; x_wconf 84' lang='lat' dir='ltr'><strong>potestas</strong></span> <span class='ocrx_word' id='word_1_310' title='bbox 865 3647 1022 3709; x_wconf 85' lang='lat' dir='ltr'><strong>celebratur,</strong></span> <span class='ocrx_word' id='word_1_311' title='bbox 1045 3644 1083 3696; x_wconf 86' lang='lat' dir='ltr'><strong>uti</strong></span> <span class='ocrx_word' id='word_1_312' title='bbox 1106 3644 1193 3696; x_wconf 81' lang='lat' dir='ltr'><strong>vidoro</strong></span> 
     </span>
    </p>

    <p class='ocr_par' dir='ltr' id='par_1_10' title="bbox 148 3709 1194 3986">
     <span class='ocr_line' id='line_1_39' title="bbox 148 3709 1095 3782; baseline -0.003 -17"><span class='ocrx_word' id='word_1_313' title='bbox 148 3709 395 3781; x_wconf 71' lang='lat' dir='ltr'><strong>”Eourub&#39;borce</strong></span> <span class='ocrx_word' id='word_1_314' title='bbox 413 3711 537 3782; x_wconf 74' lang='grc' dir='ltr'><strong><em>μὴθεὸν</em></strong></span> <span class='ocrx_word' id='word_1_315' title='bbox 552 3713 641 3782; x_wconf 78' lang='grc' dir='ltr'><strong><em>κρίνει</em></strong></span> <span class='ocrx_word' id='word_1_316' title='bbox 673 3715 779 3766; x_wconf 85' lang='lat' dir='ltr'><strong>licetex</strong></span> <span class='ocrx_word' id='word_1_317' title='bbox 795 3716 904 3767; x_wconf 79' lang='lat' dir='ltr'><strong>stobaeo</strong></span> <span class='ocrx_word' id='word_1_318' title='bbox 921 3715 940 3764; x_wconf 93' lang='lat' dir='ltr'><strong>l.</strong></span> <span class='ocrx_word' id='word_1_319' title='bbox 956 3713 982 3763; x_wconf 88' lang='lat' dir='ltr'><strong>d.</strong></span> <span class='ocrx_word' id='word_1_320' title='bbox 1018 3724 1021 3729; x_wconf 83' lang='lat'><em>·</em></span> <span class='ocrx_word' id='word_1_321' title='bbox 1092 3758 1095 3763; x_wconf 84' lang='lat'><strong>.</strong></span> 
     </span>
     <span class='ocr_line' id='line_1_40' title="bbox 475 3779 1193 3849; baseline 0.001 -18"><span class='ocrx_word' id='word_1_322' title='bbox 475 3781 560 3848; x_wconf 79' lang='grc' dir='ltr'><strong><em>μέγαν</em></strong></span> <span class='ocrx_word' id='word_1_323' title='bbox 724 3784 808 3833; x_wconf 83' lang='lat' dir='ltr'><strong>Cuiin</strong></span> <span class='ocrx_word' id='word_1_324' title='bbox 817 3781 1008 3846; x_wconf 66' lang='lat' dir='ltr'><strong>mascusium.)</strong></span> <span class='ocrx_word' id='word_1_325' title='bbox 1023 3779 1193 3849; x_wconf 84' lang='lat' dir='ltr'><strong>Inouiuspo-¹</strong></span> 
     </span>
     <span class='ocr_line' id='line_1_41' title="bbox 155 3845 1193 3918; baseline -0.004 -16"><span class='ocrx_word' id='word_1_326' title='bbox 155 3846 213 3902; x_wconf 76' lang='grc' dir='ltr'><strong>Καὶ</strong></span> <span class='ocrx_word' id='word_1_327' title='bbox 246 3849 302 3902; x_wconf 74' lang='grc' dir='ltr'><strong>τῶν</strong></span> <span class='ocrx_word' id='word_1_328' title='bbox 335 3845 467 3901; x_wconf 74' lang='grc' dir='ltr'><strong><em>ἁπάντων</em></strong></span> <span class='ocrx_word' id='word_1_329' title='bbox 498 3847 641 3916; x_wconf 76' lang='grc' dir='ltr'><strong><em>δαιμόνων</em></strong></span> <span class='ocrx_word' id='word_1_330' title='bbox 672 3859 766 3901; x_wconf 86' lang='lat' dir='ltr'><strong>testate</strong></span> <span class='ocrx_word' id='word_1_331' title='bbox 779 3849 821 3911; x_wconf 84' lang='lat' dir='ltr'><strong>sit,</strong></span> <span class='ocrx_word' id='word_1_332' title='bbox 836 3868 911 3918; x_wconf 87' lang='lat' dir='ltr'><strong>quem</strong></span> <span class='ocrx_word' id='word_1_333' title='bbox 927 3849 1069 3899; x_wconf 87' lang='lat' dir='ltr'><strong>dementem</strong></span> <span class='ocrx_word' id='word_1_334' title='bbox 1084 3866 1193 3899; x_wconf 86' lang='lat' dir='ltr'><strong>esseve-</strong></span> 
     </span>
     <span class='ocr_line' id='line_1_42' title="bbox 231 3915 1194 3986; baseline -0.008 -13"><span class='ocrx_word' id='word_1_335' title='bbox 231 3940 234 3945; x_wconf 90' lang='lat'>·</span> <span class='ocrx_word' id='word_1_336' title='bbox 462 3915 640 3986; x_wconf 64' lang='lat' dir='ltr'><strong>,betacaren</strong></span> <span class='ocrx_word' id='word_1_337' title='bbox 673 3917 712 3980; x_wconf 85' lang='lat' dir='ltr'><strong>lit,</strong></span> <span class='ocrx_word' id='word_1_338' title='bbox 729 3935 785 3967; x_wconf 88' lang='lat' dir='ltr'><strong>eum</strong></span> <span class='ocrx_word' id='word_1_339' title='bbox 802 3917 945 3973; x_wconf 84' lang='lat' dir='ltr'><strong>dementem</strong></span> <span class='ocrx_word' id='word_1_340' title='bbox 959 3935 1013 3967; x_wconf 84' lang='lat' dir='ltr'><strong>esse</strong></span> <span class='ocrx_word' id='word_1_341' title='bbox 1028 3916 1069 3968; x_wconf 89' lang='lat' dir='ltr'><strong>vel</strong></span> <span class='ocrx_word' id='word_1_342' title='bbox 1079 3935 1136 3969; x_wconf 89' lang='lat' dir='ltr'><strong>eum</strong></span> <span class='ocrx_word' id='word_1_343' title='bbox 1145 3916 1194 3966; x_wconf 88' lang='lat' dir='ltr'><strong>de-</strong></span> 
     </span>
    </p>

    <p class='ocr_par' dir='ltr' id='par_1_11' title="bbox 136 3981 1194 4261">
     <span class='ocr_line' id='line_1_43' title="bbox 136 3981 890 4051; baseline -0.001 -15"><span class='ocrx_word' id='word_1_344' title='bbox 136 3981 194 4036; x_wconf 83' lang='grc' dir='ltr'><strong>’Ἢ</strong></span> <span class='ocrx_word' id='word_1_345' title='bbox 206 3981 302 4046; x_wconf 74' lang='grc' dir='ltr'><strong><em>σκαιός</em></strong></span> <span class='ocrx_word' id='word_1_346' title='bbox 318 3981 441 4051; x_wconf 42' lang='grc' dir='ltr'><strong><em>ἐστιν,ὶῆ</em></strong></span> <span class='ocrx_word' id='word_1_347' title='bbox 458 3986 549 4038; x_wconf 77' lang='grc' dir='ltr'><strong><em>καλῶν</em></strong></span> <span class='ocrx_word' id='word_1_348' title='bbox 565 3983 642 4038; x_wconf 77' lang='lat' dir='ltr'><strong>duec-</strong></span> <span class='ocrx_word' id='word_1_349' title='bbox 674 3994 784 4037; x_wconf 88' lang='lat' dir='ltr'><strong>mentem</strong></span> <span class='ocrx_word' id='word_1_350' title='bbox 797 3986 890 4037; x_wconf 81' lang='lat' dir='ltr'><strong>facere.</strong></span> 
     </span>
     <span class='ocr_line' id='line_1_44' title="bbox 476 4050 1194 4119; baseline -0.008 -13"><span class='ocrx_word' id='word_1_351' title='bbox 476 4070 525 4119; x_wconf 71' lang='lat' dir='ltr'><strong>poe</strong></span> <span class='ocrx_word' id='word_1_352' title='bbox 538 4050 578 4106; x_wconf 73' lang='lat' dir='ltr'><strong>olo</strong></span> <span class='ocrx_word' id='word_1_353' title='bbox 725 4056 767 4112; x_wconf 85' lang='grc'><strong>69.</strong></span> <span class='ocrx_word' id='word_1_354' title='bbox 786 4055 824 4103; x_wconf 81' lang='lat' dir='ltr'><strong>Tu</strong></span> <span class='ocrx_word' id='word_1_355' title='bbox 841 4054 893 4118; x_wconf 82' lang='lat' dir='ltr'><strong>me)</strong></span> <span class='ocrx_word' id='word_1_356' title='bbox 913 4055 959 4103; x_wconf 84' lang='lat' dir='ltr'><strong>Est</strong></span> <span class='ocrx_word' id='word_1_357' title='bbox 976 4051 1098 4103; x_wconf 84' lang='lat' dir='ltr'><strong>iambicus</strong></span> <span class='ocrx_word' id='word_1_358' title='bbox 1117 4068 1194 4101; x_wconf 85' lang='lat' dir='ltr'><strong>sena-</strong></span> 
     </span>
     <span class='ocr_line' id='line_1_45' title="bbox 157 4115 1194 4189; baseline -0.004 -15"><span class='ocrx_word' id='word_1_359' title='bbox 157 4115 220 4174; x_wconf 74' lang='lat' dir='ltr'><strong>otu</strong></span> <span class='ocrx_word' id='word_1_360' title='bbox 239 4115 300 4174; x_wconf 78' lang='lat' dir='ltr'><strong>alta</strong></span> <span class='ocrx_word' id='word_1_361' title='bbox 316 4117 377 4174; x_wconf 61' lang='grc' dir='ltr'><strong>τὸν</strong></span> <span class='ocrx_word' id='word_1_362' title='bbox 388 4117 517 4188; x_wconf 77' lang='grc' dir='ltr'><strong><em>μέγιστον</em></strong></span> <span class='ocrx_word' id='word_1_363' title='bbox 532 4117 642 4189; x_wconf 75' lang='grc' dir='ltr'><strong><em>ἀνθρώ·</em></strong></span> <span class='ocrx_word' id='word_1_364' title='bbox 674 4119 734 4172; x_wconf 87' lang='lat' dir='ltr'><strong>rius.</strong></span> <span class='ocrx_word' id='word_1_365' title='bbox 751 4121 826 4188; x_wconf 80' lang='lat' dir='ltr'><strong>Apud</strong></span> <span class='ocrx_word' id='word_1_366' title='bbox 841 4119 901 4181; x_wconf 76' lang='lat' dir='ltr'><strong>Euri</strong></span> <span class='ocrx_word' id='word_1_367' title='bbox 921 4120 1012 4170; x_wconf 87' lang='lat' dir='ltr'><strong>.Med.</strong></span> <span class='ocrx_word' id='word_1_368' title='bbox 1028 4125 1086 4179; x_wconf 81' lang='lat'><strong>530.</strong></span> <span class='ocrx_word' id='word_1_369' title='bbox 1104 4118 1140 4170; x_wconf 90' lang='lat' dir='ltr'><strong>sic</strong></span> <span class='ocrx_word' id='word_1_370' title='bbox 1151 4120 1194 4170; x_wconf 83' lang='lat' dir='ltr'><strong>la-</strong></span> 
     </span>
     <span class='ocr_line' id='line_1_46' title="bbox 321 4139 1024 4261; baseline -0.009 -19"><span class='ocrx_word' id='word_1_371' title='bbox 321 4250 324 4261; x_wconf 47' lang='lat'><strong>,</strong></span> <span class='ocrx_word' id='word_1_372' title='bbox 368 4218 380 4235; x_wconf 82' lang='lat'><strong>·.</strong></span> <span class='ocrx_word' id='word_1_373' title='bbox 476 4204 540 4250; x_wconf 77' lang='grc' dir='ltr'><strong><em>ποις</em></strong></span> <span class='ocrx_word' id='word_1_374' title='bbox 555 4187 634 4242; x_wconf 77' lang='grc' dir='ltr'><strong><em>θεόν.</em></strong></span> <span class='ocrx_word' id='word_1_375' title='bbox 676 4205 723 4239; x_wconf 89' lang='lat' dir='ltr'><strong>son</strong></span> <span class='ocrx_word' id='word_1_376' title='bbox 741 4187 858 4239; x_wconf 82' lang='lat' dir='ltr'><strong>Medeam</strong></span> <span class='ocrx_word' id='word_1_377' title='bbox 872 4139 1024 4257; x_wconf 77' lang='lat' dir='ltr'><strong>alibquitnr:</strong></span> 
     </span>
    </p>
   </div>
   <div class='ocr_carea' id='block_1_9' title="bbox 0 0 1324 4626">
    <p class='ocr_par' dir='ltr' id='par_1_12' title="bbox 0 0 1324 4626">
     <span class='ocr_line' id='line_1_47' title="bbox 0 0 1324 4626; baseline 0 0"><span class='ocrx_word' id='word_1_378' title='bbox 0 0 1324 4626; x_wconf 95' lang='lat' dir='ltr'><strong> </strong></span> 
     </span>
    </p>
   </div>
  </div>
 </body>
</html>
