2640 4626
482 223 607 275 uranu
624 224 643 272 1.
664 227 703 281 12.
1087 219 1129 288 67

56 345 149 430 neri,
175 343 223 415 uti
242 341 378 441 optimis
398 368 596 441 possumus3
623 341 715 439 quod
728 340 764 414 in
781 342 938 416 omnihus
956 346 1083 429 caussis
1099 365 1131 420 et

59 446 160 520 debet
170 461 203 518 et
219 443 419 518 soletvalere
432 442 630 543 plurimum:
657 459 689 515 et
706 443 852 543 primum
867 444 1013 545 quidem,
1039 449 1131 522 omni

13 634 18 646 ι
59 548 275 647 antiquitate3
301 574 384 647 quae
407 575 474 646 quo
501 545 643 646 propius
666 545 779 619 aberat
804 548 847 619 ab
869 565 945 625 ortu
967 565 998 621 et
1019 549 1132 630 divina

57 650 239 752 progenie,
265 648 330 722 hoc
345 648 462 723 melius
484 676 523 721 ea
544 646 703 735 fortasse,
729 676 813 748 quae
836 667 930 724 erant
943 679 1036 740 vera,
1063 682 1132 729 cer.
1156 697 1163 720 .

56 753 168 828 nebat.
210 826 212 830 .

18 863 21 868 ’
161 863 220 934 27.
244 853 295 926 Ita
318 881 360 926 ue
370 881 474 925 unum
482 850 566 925 illud
579 868 649 926 erat
658 852 795 925 insitum
805 852 927 953 priscis
946 853 1021 944 illis,
1048 886 1132 957 quos
1157 926 1160 931 .

59 985 184 1032 costos
205 881 349 1057 appellet
362 955 501 1054 Ennius,
527 981 599 1028 esse
613 954 649 1026 in
663 971 769 1031 neone
788 983 932 1046 sensum,
957 987 1065 1058 neque
1080 989 1134 1035 er-

60 1088 159 1135 cessu
174 1058 258 1132 vitae
269 1057 317 1131 sie
328 1056 620 1144 delerihorninem,
636 1073 673 1130 ut
682 1057 832 1132 funditus
841 1058 1005 1135 interiret:
1033 1062 1134 1162 idque

60 1158 291 1263 quammultis
306 1158 379 1233 aliis
392 1159 506 1247 rebus,
532 1175 604 1232 tum
621 1188 639 1232 e
654 1159 825 1260 pontificio
842 1161 913 1235 iure
929 1179 961 1237 et
974 1164 1134 1239 caerimo-

59 1264 130 1339 niis
159 1261 388 1380 sepulcrorum
412 1260 550 1360 intelligi
578 1260 669 1349 lieet;
709 1290 792 1362 quas
811 1264 966 1338 maximis
990 1266 1135 1365 ingeniis

60 1365 206 1468 praediti
231 1393 292 1438 nee
321 1380 412 1438 tanta
437 1393 514 1438 cura
543 1363 738 1452 coluissent,
763 1393 825 1440 nec
841 1365 980 1441 molatae
994 1383 1062 1440 tam
1084 1370 1136 1441 in·

61 1467 222 1569 expiabili
244 1466 405 1564 religione
429 1467 633 1554 sanxissent,
667 1467 734 1540 nisi
759 1466 937 1542 haereret⁶
961 1468 997 1540 in
1021 1498 1136 1556 eorum

61 1570 250 1656 mentibus,
274 1585 415 1643 mortem
435 1597 515 1643 -non
543 1568 711 1643 interitum
736 1597 809 1645 esse
832 1569 944 1645 omnia
968 1569 1136 1647 tollentem

62 1691 162 1772 atque
187 1670 366 1758 delentem,
392 1671 453 1744 sed
470 1671 636 1770 quandam
684 1672 757 1745 uasi
773 1671 1021 1769 migrationem,
1047 1701 1137 1746 com-

61 1775 346 1873 mutationemque
367 1772 470 1861 vitae,
496 1801 581 1873 quae
600 1772 636 1846 in
650 1700 747 1848 claris
767 1774 847 1847 viris
870 1791 901 1848 et
918 1774 1051 1847 {hminis
1069 1775 1136 1848 dur

132 1949 150 2002 6
167 1943 209 1996 Sic
227 1944 404 2013 rossellano
427 1941 491 2010 Reg.
508 1942 614 2010 ahisque
635 1943 721 1994 multis
745 1941 825 1995 codd.
841 1960 889 2012 pro
912 1942 979 2010 vulg.
989 1902 1137 2008 tenuat,

63 2012 136 2081 quod
148 2011 254 2062 retinuit
267 2013 327 2061 Ern.
343 2012 375 2062 V.
392 2010 458 2081 Adn.

118 2147 279 2225 antiquitate
304 2163 372 2214 quae
387 2174 424 2211 ¹—
454 2144 586 2213 cernebat)
621 2146 731 2226 Religio
744 2146 858 2198 enimest
871 2147 954 2217 culpa,
972 2163 1045 2215 quae,
1062 2150 1138 2216 quun'r

63 2221 200 2276 Sententra
215 2223 254 2263 est
269 2212 348 2262 haec:
373 2212 478 2263 Animos
501 2230 588 2263 remu-
620 2213 756 2278 religrones
769 2213 906 2277 violantur,
923 2215 1087 2267 connuhitnr.
1104 2216 1138 2266 N.

64 2300 130 2334 nere
144 2291 204 2349 post
219 2291 342 2342 mortem,
359 2280 471 2348 probare
486 2280 588 2330 videtur
621 2282 652 2330 D.
668 2282 700 2329 ΙΙ.
716 2282 741 2337 4.
758 2281 796 2330 vir
812 2281 1010 2348 sapientissimus
1026 2313 1059 2322 --
1075 2269 1138 2351 peoL

65 2349 223 2417 antiquitas,
253 2365 318 2414 quae
346 2347 396 2397 hac
424 2348 597 2414 persuasione·
622 2349 950 2399 catumsuum-ooufiteri
958 2349 1138 2417 meluit‚quen1

64 2418 165 2468 imbuta
181 2425 251 2476 erat,
275 2426 317 2477 et,
343 2433 393 2482 quo
406 2415 509 2482 propius
524 2416 587 2465 abe-
620 2414 725 2464 haerere
738 2415 765 2464 in
779 2415 917 2482 republica
931 2415 1088 2480 religionem.
1106 2418 1138 2468 V.

64 2495 108 2536 rut
125 2485 158 2534 uh
173 2493 272 2533 ortuet
287 2482 410 2550 progenie
425 2482 519 2545 divina,
537 2483 587 2533 hoc
620 2481 720 2531 Ernesti
733 2481 810 2532 clav.
826 2501 845 2533 s.
862 2499 886 2532 v.
900 2491 930 2533 ‚et
945 2481 1061 2532 Schuetz.
1076 2484 1138 2534 Lex.

64 2552 151 2604 minus
166 2560 286 2618 corrupta
306 2561 376 2610 erat,
402 2549 540 2600 etidcirco
554 2550 587 2599 ad
621 2548 672 2599 Cic.
687 2562 706 2597 s.
721 2566 745 2598 v.

65 2618 264 2674 verecemenda
279 2618 358 2684 magis
374 2628 442 2685 apta.
460 2619 539 2684 Legg.
555 2619 586 2667 11.
671 2616 803 2682 lroereret)
821 2616 978 2683 Praegressis
994 2617 1138 2677 coluissent

66 2693 119 2749 11,ι
137 2691 180 2743 27.
205 2686 329 2753 quoniam
354 2685 504 2753 antiquitas
520 2701 588 2754 pro-
622 2685 817 2745 assurexissent,
826 2684 991 2751 exspectabas
1000 2684 1139 2747 haesisset,

65 2757 140 2805 aime
163 2752 267 2802 accedit
287 2754 325 2802 ad
347 2754 426 2803 deos:
450 2751 493 2802 ubi
514 2753 588 2820 plura
621 2767 704 2817 neque
716 2751 791 2802 aliter
804 2751 882 2817 vulgo
891 2751 985 2818 legitur
1000 2757 1034 2817 (v.
1045 2753 1076 2800 V.
1084 2752 1138 2821 L.);

65 2822 103 2873 sd
122 2838 176 2871 rem
197 2820 317 2870 facientia
331 2820 456 2870 ‘collecta
479 2831 540 2871 sunt
556 2819 588 2869 ab
622 2828 649 2867 at
664 2818 737 2868 male.
762 2817 866 2868 Scilicet
879 2819 905 2868 iu
921 2818 1059 2869 enunciatis
1074 2823 1140 2869 coni-

65 2887 261 2955 Interpretibus.
280 2906 304 2955 p.
321 2892 379 2944 237.
395 2904 433 2954 sq.
450 2886 489 2937 Gr.
622 2885 787 2935 ditionalibus
807 2885 836 2935 in
853 2887 950 2952 protasi
972 2886 1076 2953 ponitur
1089 2886 1141 2936 im-

122 2959 167 3017 27.
200 2971 291 3004 cascos
322 2955 442 3023 appellat
477 2953 590 3019 Ennius)
621 2953 772 3020 perlectum,
791 2962 818 3002 et
833 2952 977 3020 iuapodosi
991 2953 1141 3020 plusquam·-

61 3026 153 3091 vano
169 3023 199 3084 L,
214 3023 244 3072 L.
262 3040 287 3090 p.
294 3026 334 3080 86.
350 3022 390 3071 ed.
399 3021 454 3088 Bip.
488 3023 521 3071 Et
534 3019 591 3088 pn'-
622 3020 779 3136 perfectum,
797 3036 873 3088 quum
890 3037 930 3070 res
949 3020 1048 3087 protasi
1059 3019 1141 3086 signi·-

66 3108 140 3143 mum
154 3107 258 3140 cascum
277 3089 403 3154 significet
426 3099 512 3138 vetus:
538 3087 591 3137 eius
641 3096 698 3136 cata
715 3086 748 3136 ad
768 3104 885 3153 praesens
901 3104 1001 3155 quoque
1024 3097 1050 3137 et
1068 3088 1141 3137 futu-

67 3159 146 3225 origo
163 3156 259 3219 sabina,
276 3173 341 3223 quae
356 3173 434 3223 usque
451 3155 549 3206 radices
564 3154 592 3204 in
624 3171 679 3203 rum
693 3163 792 3221 tempus
837 3165 913 3204 eceat.
949 3145 1034 3205 Facile
1051 3153 1079 3203 id
1092 3153 1141 3204 erit

68 3241 159 3278 oscam
175 3224 288 3290 linguam
305 3223 365 3289 egit.
392 3227 504 3274 (lassum
519 3233 592 3272 vetus
625 3221 658 3272 ad
677 3220 810 3287 intelligen
829 3239 886 3284 um,
904 3221 1091 3273 coessentiam
1104 3222 1141 3270 ite

30 3355 32 3358 Ι
68 3310 143 3355 esse,
166 3291 292 3358 siguificat
313 3290 422 3352 Ennius,
447 3308 524 3357 quum
540 3290 591 3340 ait:
626 3289 842 3340 conformaveris:
886 3304 964 3357 Quin
994 3289 1021 3339 in
1042 3295 1141 3338 ¹eorum

68 3361 281 3428 Quamprimum
292 3359 365 3408 caeci
370 3359 464 3427 populi
478 3374 593 3428 genuere
626 3356 752 3409 mentibus
768 3356 893 3418 haereret,
905 3358 1018 3407 rhoiten
1031 3373 1085 3410 nou
1098 3355 1141 3404 in-

67 3427 174 3480 Latini.
199 3426 297 3478 Gellius
312 3427 346 3476 N.
363 3428 394 3475 A.
407 3428 433 3486 1,
454 3430 494 3482 10.
519 3424 592 3475 Ado·-
625 3423 728 3474 teritum
750 3441 818 3487 esse,
854 3420 1017 3476 oemimoniae
1047 3439 1142 3472 summa

68 3497 172 3547 lescens
188 3511 261 3546 caece
282 3493 356 3544 nimis
381 3504 407 3543 et
432 3502 530 3543 vetuste
547 3491 592 3542 lo-
626 3508 686 3540 cura
704 3491 846 3542 coluerunt.
880 3488 952 3540 Leel.
976 3507 999 3539 c.
1011 3490 1055 3538 IV.
1076 3489 1142 3555 (ma-

68 3579 161 3631 quens.
554 3591 556 3595 >
625 3558 691 3608 iores
711 3558 801 3623 nostri)
827 3555 933 3607 mortuis
952 3565 1005 3606 tem
1024 3555 1143 3622 religioso

125 3649 141 3680 e
152 3629 295 3698 pontificio
315 3629 374 3678 iure
395 3639 421 3678 et
437 3644 507 3677 caer.
527 3626 591 3696 sep.)
626 3625 681 3675 iura
699 3625 855 3674 tribuerunt:
874 3623 942 3692 quod
956 3641 1008 3674 non
1023 3623 1143 3674 fecissent

69 3701 137 3750 Des
171 3696 299 3746 uictorum
312 3694 436 3761 religione
456 3694 512 3745 vide
528 3702 593 3761 quae
626 3693 757 3760 proiecto,
782 3692 804 3742 si
821 3691 890 3741 nihil
906 3691 939 3742 ad
955 3708 998 3742 eos
1014 3691 1143 3759 pertinere

70 3774 136 3817 cont
164 3781 206 3814 ere
222 3764 335 3815 Creuzer·
351 3763 385 3813 ad
401 3763 451 3813 Cic.
469 3761 593 3828 deLegg.
626 3759 815 3810 arbitrarentur.
824 3758 1050 3810 Doctissimehnnc
1057 3775 1144 3824 gram-

69 3836 93 3883 1.
107 3839 159 3896 2⁴2,
183 3839 225 3890 56.
242 3850 267 3899 p.
283 3835 346 3889 321.
371 3840 398 3880 et
420 3829 537 3880 Davisius
561 3828 594 3879 ad
627 3828 735 3877 maricae
756 3827 852 3877 latinae
871 3827 956 3877 locum
976 3824 1144 3894 pertractavit

70 3900 101 3951 h.
118 3899 137 3950 l.
629 3897 661 3945 G.
680 3896 711 3944 T.
733 3897 763 3944 A.
778 3895 896 3962 Krueger
915 3894 956 3943 in:
984 3893 1142 3944 Untersuclt.

124 3983 174 4016 nec
187 3967 304 4016 violatas
318 3966 351 4005 -⁸
374 3965 505 4035 religione
529 3980 595 4014 san-
629 3961 692 4013 r'iher
705 3960 857 4032 ri.lot.Spr.
872 3963 1035 4015 II.Hest.Cf.
1052 3963 1145 4012 Rarus-
1233 3959 1237 3962 ’

72 4033 189 4100 xiesent)
208 4035 240 4083 H.
266 4051 287 4084 e.
307 4051 355 4084 nee
376 4033 534 4095 sanxissent,
558 4040 595 4093 ut,
628 4029 694 4080 horu
706 4033 767 4080 Irat.
777 4031 824 4080 Gr.
837 4033 860 4100 §.
875 4033 930 4088 190.
948 4047 974 4097 p.
983 4034 1043 4089 586.
1062 4028 1145 4079 Oche-

72 4103 95 4153 si
111 4101 156 4170 qui
169 4100 344 4168 sepulcrorum
360 4100 525 4153 caerimonias
536 4099 596 4149 vio-
628 4115 675 4148 ner
696 4096 750 4148 Ecl.
770 4097 823 4147 Cic.
843 4117 870 4166 p.
885 4102 944 4156 229.
965 4107 992 4147 et
1011 4095 1145 4147 Ruhnken.

72 4168 388 4240 lassent,'culpau1,-quae
404 4168 475 4218 nullo
493 4166 596 4234 piaculo
630 4164 663 4215 ed
676 4166 735 4215 Ter.
750 4165 829 4215 Andr.
846 4167 865 4214 l.
883 4172 915 4226 5,
931 4169 974 4223 23,
999 4164 1041 4214 sic
1056 4176 1145 4228 graece
1222 4219 1226 4227 Ι

73 4236 142 4288 solvi
155 4245 251 4304 posset,
269 4235 424 4286 contraxisse
438 4245 597 4304 putarentur.
630 4232 729 4283 diversa
750 4232 876 4282 sententie
899 4231 1005 4338 digitur:
1035 4231 1061 4282 sl
1083 4228 1146 4280 rori·

875 4305 894 4346 'i
