2640 4626
532 239 793 293 ruotruouurs.
869 208 874 215 ¹
1158 233 1201 302 37

122 362 313 438 antiquitate,
337 361 432 438 deque
446 362 541 440 ipsius
557 362 688 421 nominis
704 363 828 441 origine.
852 384 877 422 c.
892 367 922 430 3.
958 365 1001 424 De
1018 365 1199 447 Pythagora,
1234 360 1241 375 '

122 484 186 521 non
196 462 327 520 nominis
343 465 441 521 solum
456 464 625 538 inventore,
644 463 697 523 sed
712 485 813 523 rerum
828 465 918 524 etiam
937 467 1071 545 ipsarum
1087 469 1198 546 ampli-

89 563 92 569 ’
121 566 255 623 ficatore.
299 565 342 622 De
362 564 480 623 Socrati
501 565 535 623 in
558 564 783 644 philosophiam
807 570 950 628 moralem
971 569 1086 629 meritis
1103 569 1199 647 deque

122 667 188 726 eius
206 666 382 744 disputandi
397 667 622 725 consuetudine.
645 689 671 725 c.
692 664 722 734 4.

208 767 247 826 11.
270 769 387 826 Tussis.
422 771 497 827 'Non
518 769 640 827 videtur
661 770 707 828 ad
725 770 809 828 beate
830 770 994 830 vivendum
1015 777 1095 831 satis
1108 794 1198 852 posse

124 875 234 927 virtus.
287 890 321 927 ε..-
344 870 513 929 Sententiae
534 870 707 948 propositae
729 870 773 929 sic
794 873 1010 950 respondetur:
1050 875 1137 932 Certe
1158 872 1196 931 ad

123 972 195 1028 besse
220 967 252 1049 (i.
282 990 307 1028 e.
330 967 469 1049 honeste)
491 970 659 1030 vivendum
683 972 754 1030 satis
778 982 824 1030 est
844 973 989 1051 praesidii
1015 974 1048 1033 in
1071 975 1195 1034 virtute.

123 1071 386 1144 Quemadmodum
417 1074 548 1148 autem,
574 1073 627 1150 qui
655 1073 733 1132 mele
756 1073 854 1148 vivit,
896 1075 986 1133 miser
1010 1075 1049 1134 sit
1078 1094 1197 1137 necesse

122 1182 186 1232 est:
215 1173 259 1231 ita
266 1198 277 1247 ,·
297 1173 351 1251 q‘ui
380 1169 456 1232 bene
481 1173 576 1257 vivit,
606 1173 685 1233 idem
712 1175 798 1235 beate
826 1175 911 1235 vivat
940 1196 1060 1236 neeesse
1080 1185 1133 1237 est.
1154 1208 1196 1226 -
1270 1176 1277 1195 '

122 1273 160 1332 ld
193 1284 284 1352 negat
307 1274 512 1350 adversarius,
542 1274 662 1351 diceus,
692 1276 763 1334 bene
788 1272 819 1357 (i.
841 1296 865 1336 e.
888 1275 1024 1358 honeste)
1047 1278 1136 1338 etiam
1162 1280 1196 1339 in

122 1375 264 1434 maximis
285 1375 470 1435 cruciatibus
493 1375 559 1434 vivi
584 1397 687 1456 posse,
708 1397 772 1435 non
794 1376 867 1435 item
883 1379 975 1437 beate.
998 1381 1070 1449 aa
1094 1382 1121 1457 §.
1145 1383 1194 1447 12.

122 1477 243 1535 Tullius
258 1486 362 1536 contra
374 1477 469 1554 affert,
489 1477 585 1537 vitam
600 1478 717 1538 beatam
728 1498 797 1537 cum
806 1478 972 1537 virtutibus
984 1479 1027 1538 ita
1042 1500 1104 1540 esse
1120 1501 1195 1539 con-

123 1579 275 1654 sociatam,
297 1588 334 1636 ut
347 1599 504 1657 nunquam
521 1600 579 1654 ess,
600 1599 640 1638 ne
655 1579 681 1638 si
690 1579 729 1638 ad
741 1588 885 1638 tortorem
897 1579 1018 1658 quidem
1028 1580 1195 1660 rapiantur,

123 1705 140 1739 a
164 1702 196 1738 se
212 1679 309 1738 deseri
331 1681 474 1758 patiatur.
490 1711 532 1726 -
546 1680 754 1739 Adrersarius¹
768 1681 922 1757 concedit,
944 1680 1024 1741 hanc
1046 1681 1195 1741 virtutum

122 1783 187 1841 vital
202 1783 289 1840 beata
299 1781 530 1840 coniunctarum
544 1782 695 1860 picturam
710 1783 922 1861 amplissimam
938 1804 1009 1860 csse,
1030 1804 1125 1862 quum
1138 1805 1194 1843 au-

122 1896 184 1942 tem
200 1884 315 1941 animus
334 1883 371 1940 ab
384 1883 442 1942 ista
459 1883 579 1961 pictura
587 1883 826 1962 imaginibusque
836 1873 992 1945 'virtutum
1005 1885 1044 1945 ad
1061 1906 1125 1945 rem
1138 1905 1194 1944 ve-

121 1987 304 2061 ritatemque
317 1985 512 2060 traducatur,
533 1985 661 2063 probari·
676 2007 738 2045 non
752 2007 850 2064 posse,
873 2007 958 2062 eum,
980 1988 1033 2066 qui
1049 1994 1193 2063 torquea-

120 2099 184 2162 tur,
206 2088 328 2145 beatum
346 2106 416 2144 esse.
458 2087 559 2144 Novas
578 2087 672 2165 igitur
686 2087 826 2162 rationes,
849 2088 959 2165 quibus
977 2087 1030 2147 illa
1048 2088 1194 2147 sententia

125 2188 331 2262 confirmetur,
354 2187 576 2264 conquirendas
595 2208 667 2248 esse.
690 2187 715 2266 §
734 2191 783 2258 13.
801 2185 849 2259 14.

208 2290 239 2349 b.
260 2289 324 2348 lam
341 2288 445 2348 Cicero
462 2288 667 2349 adversarium
680 2288 799 2349 reducit
812 2289 851 2350 ad
868 2290 923 2366 id,
937 2290 1020 2369 quod
1034 2299 1135 2351 actum
1150 2300 1195 2351 est

121 2391 330 2471 superioribus
354 2390 637 2469 disputationibus.·'
660 2391 703 2449 Ut
727 2390 820 2450 animi
838 2392 1080 2470 perturbationes
1099 2391 1194 2450 vitam

122 2496 242 2572 beatam
264 2493 393 2552 tollunt:
431 2493 475 2550 sic
507 2492 540 2550 iu
569 2491 663 2550 animi
689 2490 792 2569 quicto
819 2502 849 2551 et
877 2489 995 2570 placato
1024 2500 1106 2552 statu
1131 2492 1194 2550 vita

121 2597 210 2665 beata
233 2594 377 2654 cernitur.
430 2593 524 2672 Atqui
548 2594 663 2653 virtute
689 2574 818 2652 efficitur
839 2592 914 2653 haec
936 2593 1029 2654 animi
1051 2600 1194 2653 constan-

122 2697 182 2755 tia:
212 2716 282 2774 ergo
303 2697 402 2755 virtus
422 2696 489 2774 ipsa
511 2716 567 2774 per
587 2716 618 2754 se
646 2694 739 2754 efficit
760 2695 856 2755 vitam
876 2696 1003 2755 beatam.
1028 2716 1053 2755 c.
1075 2693 1105 2761 6.
1148 2695 1194 2754 lta

122 2799 247 2856 videtur
270 2797 308 2856 ad
334 2797 449 2857 exitum
472 2797 597 2862 venisse,
612 2797 756 2873 quaestio.
798 2796 1030 2872 Verumtamen,
1052 2795 1193 2875 quoniam

122 2899 198 2958 haee
219 2901 284 2978 ipsa
305 2920 352 2957 res
369 2897 542 2977 gravissima
561 2907 624 2974 est,
645 2918 710 2957 eam
731 2898 850 2958 Tullius
866 2898 999 2977 propriis
1014 2907 1045 2957 et
1061 2897 1123 2958 suis
1141 2918 1194 2956 ar-

121 3000 273 3079 gumentis
289 3011 327 3060 et
348 2998 602 3059 admonitionibus
614 2999 804 3061 tractandam
827 3000 980 3079 suscipere
997 3020 1028 3061 se
1044 2999 1124 3060 velle
1143 2997 1193 3059 di·
1294 3085 1295 3089 Ἰ

123 3104 174 3163 cit.
198 3123 224 3162 c.
247 3103 276 3170 7.

208 3225 234 3263 c.
256 3203 454 3263 Adversarius
479 3203 658 3280 assentitur,
689 3223 793 3263 eorum
819 3222 896 3281 quae
928 3203 1033 3264 Cicero
1059 3201 1194 3282 posuerit

123 3306 254 3365 alterum
271 3305 359 3365 alteri
379 3325 564 3383 consequens
588 3326 668 3382 esse,
689 3315 741 3381 ut,
764 3305 1031 3384 quemadmodum,
1053 3303 1088 3379 si,
1112 3302 1197 3381 qood

121 3407 284 3465 honestum
294 3407 343 3482 sit,
365 3406 399 3464 id
408 3407 507 3465 solum
520 3407 697 3483 sitbonum,
719 3416 871 3486 sequatur,
892 3407 985 3467 vitam
1000 3406 1119 3464 beatam
1126 3403 1194 3462 vir-

123 3519 187 3571 tute
204 3509 330 3584 confici3
351 3510 403 3584 sic,
425 3509 451 3567 si
468 3508 533 3567 rita
543 3508 631 3569 beata
641 3508 676 3567 iu
690 3507 806 3568 virtute
818 3509 867 3586 sit,
888 3505 968 3566 nihil
984 3526 1047 3566 esse
1055 3505 1114 3564 nisi
1127 3505 1193 3564 vir-

119 3620 218 3672 tutem
242 3611 374 3685 bonum3
395 3608 448 3668 sed
466 3629 497 3668 se
516 3629 580 3668 non
596 3609 768 3680 intelligere
783 3602 872 3685 dicit,
894 3628 955 3686 quo
973 3608 1063 3668 modo
1080 3607 1103 3666 ii
1120 3605 1194 3686 phi-

120 3711 243 3791 losophi
259 3713 317 3771 sibi
341 3721 497 3785 constent,
526 3710 596 3788 qui,
621 3711 738 3771 afiamsi
754 3709 794 3769 sit
807 3711 922 3771 bouum
936 3709 1060 3787 aliquod
1076 3717 1196 3788 praeter

119 3815 284 3888 virtutem,
312 3823 413 3873 tamen
434 3814 548 3873 virtute
573 3813 669 3872 vitam
691 3813 815 3872 beatam
835 3812 913 3872 effici
938 3820 1087 3871 censeant.
1116 3832 1141 3870 c.
1163 3812 1194 3879 8.

120 3918 147 3995 §.
165 3918 217 3983 21.
259 3916 431 3975 Assentitur
447 3914 552 3975 Cicero
574 3913 679 3975 inhoc
696 3915 876 3992 adversario,
899 3923 929 3974 et
944 3913 1084 3992 ostendit,
1106 3933 1195 3990 quam

118 4020 326 4077 inconstantes
348 4018 398 4076 isti
420 4014 597 4097 philosophi
618 4017 686 4077 sint.
731 4016 823 4093 Nam,
846 4017 898 4095 qui
914 4017 1020 4076 beatus
1036 4025 1096 4091 est,
1118 4013 1197 4074 nihil

117 4120 267 4198 requirit,
289 4127 325 4177 ut
347 4119 386 4177 sit
410 4120 542 4194 beatiam
557 4119 597 4181 ¹si
623 4128 667 4178 est
694 4118 790 4193 enim,
821 4118 904 4196 quod
932 4117 1027 4191 desit,
1056 4135 1094 4174 ne
1122 4116 1195 4175 bea-

118 4234 171 4280 tus
190 4220 312 4298 quidem
331 4230 384 4280 est.
427 4221 530 4295 Quum
548 4241 622 4281 vero
636 4220 697 4283 tria
712 4240 820 4298 genera
837 4220 984 4278 malorum
1000 4237 1063 4277 esse
1078 4216 1194 4283 dicant:
