2640 4626
534 254 661 304 urana
679 255 722 304 m.
742 256 782 312 ra
1047 232 1049 237 ’
1129 243 1190 309 921

120 367 348 443 consolatione
371 386 520 444 sanetur:
548 370 711 469 primum,
737 370 828 469 quod
854 398 954 468 posse
971 370 1119 443 accidere
1136 371 1195 443 diu

120 472 364 570 cogitaverit43
390 500 475 570 quae
493 472 648 570 cogitatio
663 500 729 544 una
745 472 887 545 maxime
901 472 1068 544 molestias
1085 474 1193 546 omnis

119 590 324 648 extenuat'et
340 574 452 648 diluit:
480 575 617 662 deinde,
644 574 736 674 quod
752 575 926 646 humanat
946 575 1082 648 ferenda
1099 575 1194 648 intel-

118 676 210 774 ligit:
237 692 425 776 postremo,
450 679 542 776 quod
576 677 666 749 videt
699 677 821 749 malum
853 676 980 750 nullum
1014 705 1103 765 esse,
1128 678 1194 751 nisi

120 778 272 878 culpam3
298 777 428 879 culpam
453 797 559 852 autem
587 777 710 851 nullam
726 807 814 866 esse,
841 807 942 878 quum
962 780 1016 866 id,
1042 781 1134 877 quod
1152 780 1193 852 ab

118 880 258 954 homine
285 909 353 953 non
380 883 525 981 potuerit
553 881 731 981 praestari,
757 882 925 954 evenerit..
958 889 1015 960 35.
1040 883 1125 954 Nam
1143 910 1194 955 re

118 983 250 1056 vocatio
272 982 336 1071 illa,
362 1012 461 1082 quam
485 984 610 1057 alfert⁶
622 1039 632 1071 ,
658 1011 759 1082 quum
785 1013 803 1055 a
826 983 1022 1056 contuendis
1040 1011 1103 1057 nos
1123 1003 1193 1056 m'a-

119 1085 161 1159 lis
191 1102 321 1171 avocat,
345 1085 435 1159 nulla
460 1103 517 1159 est.
549 1115 617 1158 non
646 1102 695 1158 est
718 1086 807 1183 eni·
829 1086 864 1157 in
886 1102 1000 1158 nostra
1022 1102 1194 1186 potestate,

119 1188 348 1288 fodicantibus
374 1188 416 1262 iis
430 1189 548 1276 rebus,
574 1216 655 1287 quas
672 1187 775 1260 malas
785 1215 862 1260 ⁴esse
879 1189 1070 1287 opinemur,
1095 1189 1194 1262 dissi·

120 1290 258 1363 mulatio
276 1289 327 1363 vel
343 1289 484 1364 oblivio:
511 1291 664 1377 lacerant,
689 1307 815 1378 vexant,
841 1290 992 1362 stimulos
1010 1290 1194 1384 admovent,
1274 1369 1276 1379 ¹

119 1392 210 1490 iguis
226 1392 395 1481 adhibent,
409 1393 573 1493 respirare
590 1422 659 1465 non
669 1393 790 1465 sinunt.
817 1409 848 1464 et
860 1409 896 1465 tu
913 1392 1064 1465 oblivisci
1079 1393 1193 1480 iubes;

189 1579 208 1636 4
225 1580 256 1630 V.
266 1576 332 1629 Adn.
367 1586 383 1636 5
401 1579 439 1631 Cf.
449 1580 482 1631 ad
489 1585 543 1632 Att.
553 1580 612 1641 XV,
629 1584 672 1638 20.
690 1578 744 1628 Sed
759 1579 876 1629 humana
884 1576 1012 1647 serendo.
1031 1579 1082 1628 Alii
1097 1579 1193 1631 humo-

120 1663 163 1714 ne.
182 1647 241 1696 Ern.
260 1664 281 1696 c.
296 1646 327 1696 D.
344 1646 453 1699 evasio.
472 1647 588 1698 burtona
603 1647 717 1697 humane
725 1644 753 1724 s.
795 1651 812 1705 6
826 1649 889 1698 Em.
900 1665 915 1696 e
930 1646 996 1696 coni.
1014 1645 1104 1716 affers
1113 1677 1145 1686 -
1160 1677 1192 1687 -

119 1731 231 1765 avocas.
949 1736 957 1745 ·

119 1826 299 1882 eos‘uavisius
321 1838 347 1878 et
364 1831 494 1880 Ernestius
515 1849 641 1900 recepere.
676 1831 892 1900 praepositionem
908 1830 957 1881 bei.
990 1834 1071 1899 Supra
1084 1834 1104 1882 1.
1121 1838 1148 1895 1·,
1169 1838 1192 1891 1.

119 1900 180 1949 Huc
194 1898 641 1951 acceditauctoritasCodd.Balliol.
676 1900 773 1968 graecis
807 1909 833 1949 et
859 1900 953 1949 litteris
985 1908 1011 1948 et
1037 1900 1192 1951 doctoribus.

120 1964 217 2016 Eliens.
232 1967 264 2014 II.
282 1965 366 2014 Guelf.
386 1975 412 2014 et
429 1969 493 2022 03x.
510 1967 536 2016 in
553 1967 641 2034 quibus
677 1966 785 2017 Consule
808 1966 840 2015 de
862 1967 912 2016 boc
936 1966 1041 2017 ablativi
1061 1985 1107 2016 usu
1129 1970 1193 2017 Bre-

120 2033 186 2082 baec
203 2033 292 2082 eadem
306 2032 384 2082 lectio
401 2044 539 2100 comparet.
569 2035 642 2084 Unde
676 2036 752 2083 mium
763 2034 795 2083 ad
803 2032 878 2083 Corn.
888 2035 954 2100 Nep.
962 2032 1084 2084 Themist.
1092 2036 1159 2095 VIII,
1167 2040 1191 2092 2.

121 2111 208 2150 autem
224 2100 348 2166 genuinae
362 2101 480 2151 lectionis
499 2102 643 2168 corruptela
675 2120 700 2169 p.
711 2105 753 2159 31.
771 2101 847 2152 Held.
863 2101 895 2150 ad
910 2103 1010 2151 Caesar.
1025 2103 1054 2150 B.
1071 2103 1098 2150 G.
1112 2105 1133 2161 Ι,
1149 2106 1191 2160 85.

120 2176 182 2217 nata
198 2166 247 2230 sit,
271 2167 347 2216 facile
369 2169 529 2234 perspicitur.
565 2169 642 2218 Scili-
675 2187 701 2236 p.
716 2172 756 2226 91.
778 2171 883 2234 August.
899 2167 931 2217 ad
942 2167 1027 2218 Eiusd.
1037 2171 1065 2219 B.
1077 2170 1108 2219 G.
1121 2171 1152 2231 ΙΙ,
1166 2173 1191 2228 9.

121 2244 173 2297 cet,
192 2251 269 2301 quum
283 2234 351 2284 haud
364 2236 400 2284 ita
416 2236 494 2301 longo
509 2237 642 2286 verborum
674 2254 700 2302 p.
720 2236 776 2292 119.

121 2311 209 2352 tractu
224 2303 360 2351 antecedat
373 2320 422 2352 vox
430 2301 575 2373 fungitur,
593 2323 641 2354 ne-
722 2303 921 2372 primumquod
936 2321 965 2352 co
985 2304 1110 2370 iteraverit)
1143 2307 1192 2354 Er-

121 2369 177 2419 scio
203 2371 258 2435 quis
285 2369 427 2419 delicatiori
453 2389 526 2420 sensu
553 2372 641 2421 eodem
674 2371 741 2419 nesti
755 2388 810 2419 cum
819 2371 914 2420 Davisii
927 2322 989 2420 eod.
1004 2372 1104 2437 scripsit
1117 2374 1193 2441 eogi-

120 2453 183 2487 mox
198 2437 290 2486 iterato
306 2437 430 2487 vocabulo
450 2438 558 2488 oll'eusus
569 2438 641 2507 sun-
675 2438 759 2499 tavit,
792 2438 852 2504 quia
877 2439 989 2504 sequitur
1011 2439 1143 2516 intelligit
1167 2450 1192 2488 et

119 2516 204 2576 gatar
219 2502 371 2572 infricatur
387 2507 535 2555 mutandum
552 2508 641 2556 existi·
675 2505 756 2555 uidet.
790 2511 825 2554 At
844 2504 922 2555 lectio
942 2505 1011 2554 haud
1032 2506 1193 2556 sollicitanda

120 2570 210 2623 mavit.
245 2572 342 2634 Quodsi
364 2572 442 2638 igitur
455 2571 593 2642 fungatur
614 2584 643 2623 ut
675 2583 737 2622 erat.
756 2572 880 2622 Nimirum
895 2573 1193 2643 cogitaueritnonsub-

120 2639 197 2690 unice
216 2655 300 2688 veram
315 2640 451 2690 lectionem
467 2641 589 2704 sistimus,
616 2652 642 2690 et
675 2640 800 2689 iunctivus
815 2641 922 2706 perfecti
937 2650 990 2702 est,
1015 2640 1060 2690 sed
1080 2641 1192 2691 futurum

120 2707 218 2757 latinae
239 2707 351 2757 orationi
368 2718 394 2755 et
409 2709 551 2759 sententiae
567 2727 642 2775 egre-
675 2709 805 2768 eiectum,
831 2709 900 2777 quod
923 2708 982 2757 huic
1004 2709 1064 2759 loco
1089 2709 1192 2776 aptissi-

121 2774 165 2841 gie
188 2773 330 2824 consultum
351 2775 407 2830 erit.
448 2776 538 2840 Voluit
558 2787 642 2826 autem
674 2793 742 2824 mum
760 2785 806 2824 est.
848 2776 979 2826 Sententia
1003 2786 1043 2825 est
1065 2776 1146 2825 enim:
1171 2775 1192 2825 si

121 2842 213 2892 Cicero
229 2841 313 2892 dicere
326 2841 389 2892 hoe:
414 2843 464 2903 Qui
477 2843 642 2894 imbecillita—
675 2843 736 2910 quid
754 2842 868 2906 accidet,
886 2843 913 2893 id
928 2843 1043 2894 accidere
1057 2859 1133 2912 posse
1150 2844 1193 2895 diu

120 2920 177 2959 tem
201 2908 299 2974 generis
325 2909 428 2958 humani
452 2911 563 2975 cogitat,
589 2928 642 2961 noa
676 2910 835 2975 cogitaverit.
926 2930 932 2939 κ

120 2986 227 3038 maeret,
245 2977 356 3026 sedtum
368 2977 409 3026 vel
420 2979 526 3026 maxime
539 2979 642 3044 sapien·
712 2995 779 3026 ,ιιηα
794 2979 913 3045 maxime)
933 2981 964 3030 V.
977 2978 1107 3030 Adnotatu
1118 2979 1146 3029 in
1163 2980 1192 3029 11.

120 3045 176 3094 tiae
190 3044 305 3110 fungitur
319 3061 436 3101 munere;
454 3063 512 3095 nam
528 3062 580 3096 nou
597 3063 643 3095 so-
674 3050 723 3108 26,
740 3047 782 3101 64.
959 3058 962 3063 ’

120 3113 176 3162 lum
191 3111 382 3161 considerandis
398 3112 472 3162 rebus
487 3112 601 3171 humanis
616 3112 643 3161 id
725 3129 778 3160 nou
798 3113 915 3181 posuerit
930 3112 1087 3182 praestari)
1114 3117 1148 3164 H.
1169 3131 1191 3163 e.

122 3178 238 3231 officium
252 3179 411 3244 exsequitur,
431 3181 499 3246 quod
510 3181 642 3247 proprium
674 3196 728 3231 non
752 3181 866 3247 potuerit
889 3181 1026 3247 impedire,
1059 3182 1193 3248 quominus

122 3256 163 3297 est
194 3245 368 3314 hilosophiae,
387 3247 432 3295 sed
445 3247 518 3303 simul
532 3248 642 3297 adversis
674 3247 796 3299 eveniret.
836 3250 983 3297 Praestare
1002 3267 1058 3298 rem
1076 3250 1193 3317 aliquam

122 3265 223 3364 casibus
235 3313 331 3381 triplici
343 3315 517 3364 consolatione
529 3327 641 3364 sanatur.
674 3314 820 3375 isdicitur‚
846 3315 888 3381 qui
903 3314 979 3364 fidem
993 3316 1126 3366 faciteam
1141 3333 1193 3366 non

174 3381 299 3431 adversis
310 3381 424 3445 casibus)
437 3382 574 3447 Eleganter
584 3383 642 3448 qui-
676 3392 838 3442 eventuram,
863 3382 905 3431 vel
930 3383 982 3431 eius
1006 3383 1144 3449 periculum
1166 3382 1192 3432 in

120 3448 180 3498 dem
198 3448 326 3498 Bentleius
340 3448 506 3498 'scribendum
528 3451 643 3516 suspica·
675 3466 702 3499 se
717 3449 816 3515 recipit.
852 3449 894 3499 Sic
909 3449 941 3498 de
956 3453 1025 3499 Orat.
1038 3451 1058 3498 I.
1075 3450 1119 3512 24,
1135 3454 1191 3508 113.

120 3525 181 3566 tur:
207 3516 338 3566 adversus
357 3534 437 3566 casus
458 3508 561 3585 triplici
578 3535 642 3566 con·
675 3519 751 3566 Istam
768 3516 882 3584 oulpam‚
911 3534 985 3583 quam
1009 3517 1126 3578 vereris,
1143 3534 1192 3582 ego

122 3583 255 3633 solatione
278 3596 396 3633 armetur
423 3584 469 3649 (cf.
494 3603 516 3633 c.
537 3590 583 3644 15,
600 3589 641 3642 31.
675 3584 819 3650 praestabo.
849 3584 965 3634 Davisius
980 3593 1110 3650 comparat
1123 3585 1193 3633 Fam.

113 3665 203 3700 'amsa
216 3663 309 3701 contra
324 3668 403 3702 casus
417 3663 443 3700 et
458 3652 598 3716 euentus),·
615 3661 644 3701 at
676 3653 720 3711 Vr
733 3656 773 3708 17.
809 3652 899 3701 Casum
915 3669 989 3717 quem
1009 3668 1092 3718 neque
1114 3652 1194 3701 vitare

122 3717 189 3768 nihil
202 3719 362 3768 movendum.
375 3750 377 3755 ‹
391 3722 473 3786 Saepe
489 3719 556 3769 enim
570 3719 643 3768 abla-
676 3718 806 3784 quisquam
818 3729 932 3768 nostrum
942 3737 991 3768 neo
1000 3729 1129 3785 praestare
1139 3719 1192 3769 ullo

121 3785 191 3836 tirus
207 3785 371 3849 substantivi,
389 3796 434 3836 aut
450 3786 538 3837 addito
556 3786 579 3834 ei
594 3787 642 3835 ad·
675 3795 753 3852 pacto
775 3796 868 3853 potest.
903 3786 961 3836 Alia
983 3787 1098 3853 exempla
1123 3787 1194 3852 larga

121 3851 219 3904 iectivo
231 3863 276 3905 aut
289 3871 350 3917 uon,
367 3854 404 3903 ita
414 3855 528 3920 ponitur,
546 3862 575 3903 ut
587 3864 643 3903 sta-
676 3869 752 3901 manu
769 3853 915 3920 suppeditat
929 3853 1046 3904 Schuetz.
1064 3855 1091 3903 in
1108 3855 1192 3904 Lexic.

121 3931 179 3971 tum
201 3921 421 3983 conditionemve,
447 3939 498 3988 qua
520 3920 580 3988 quid
601 3921 644 3969 fa·
677 3920 792 3973 Cioeron.
809 3939 828 3970 s.
845 3939 867 3970 v.
1040 3970 1043 3975 ,

125 3998 197 4039 ctam
211 3999 264 4051 est,
282 3988 395 4038 denotet.
424 3991 557 4039 Adversis
570 3989 644 4038 cosi-
726 3992 768 4046 35.
786 3988 864 4058 ignes
880 3988 1016 4056 adhibent)
1041 3989 1194 4055 Exquisitius

122 4055 172 4106 bus
189 4055 336 4122 igiturest:
362 4073 438 4134 quum
455 4057 555 4107 adversi
572 4073 644 4106 castis
677 4054 773 4106 dictum
786 4073 834 4123 pro
849 4055 1033 4124 vulgarifaees
1045 4057 1193 4105 admovere.

121 4122 253 4175 accidunt.
287 4121 418 4173 Ablatarus
431 4132 530 4193 tempus
546 4122 644 4189 signifi-
690 4174 694 4179 ,
728 4135 754 4172 et
770 4135 799 4173 tu
816 4122 937 4174 oblivisci
952 4123 1035 4185 iubes)
1058 4127 1194 4173 Ettamen

122 4200 175 4242 cat
208 4191 264 4240 Nos
286 4189 387 4257 quidem
408 4190 486 4241 talem
505 4191 644 4243 ablativum
677 4201 719 4253 tu,
744 4191 790 4260 qui
807 4209 825 4240 a
840 4203 938 4241 notura
956 4187 1049 4242 dacum
1064 4191 1199 4240 auxilium.

122 4257 269 4337 absolutum
299 4256 407 4319 reddere
431 4275 565 4327 muamus
595 4275 644 4326 per
677 4259 825 4311 inveterati
852 4259 957 4312 doloris
982 4262 1055 4326 isos,
1077 4267 1114 4306 ut
1135 4271 1219 4320 sunm
