2640 4626
537 210 799 264 Pnonnconrns.
1159 201 1204 272 Ἃ

127 352 219 411 quem
234 334 358 412 provisa
371 343 401 393 et
414 333 643 413 praemeditata,
666 331 692 408 §.
707 336 758 400 28.
775 341 822 408 et,
843 332 961 392 etiamsi
975 353 1037 392 non
1050 331 1126 401 haec
1139 354 1203 396 una

125 454 177 495 res
198 434 308 495 efficiat
325 435 484 495 maximam
505 434 739 514 aegritudinem,
769 444 885 509 tamen,
907 435 1051 513 quonism
1070 435 1204 497 multum

125 536 228 608 valeat
248 537 383 617 provisio
407 537 500 596 animi
522 546 552 597 et
573 521 764 617 praeparatio
782 536 822 595 ad
840 536 1037 595 minuendum
1057 536 1202 616 dolorem,

126 639 324 716 aegritudinis
345 639 542 714 medicinam,
575 658 665 716 quam
690 637 738 698 illi
762 636 943 713 adhibeant,
960 638 1202 718 praecipientes,

126 760 246 819 semper
266 741 367 801 omnia
385 739 503 800 homini
524 739 656 800 humana
674 740 816 800 meditata
838 759 900 799 esse
920 738 1044 814 debere,
1064 740 1201 818 proben-

126 840 197 899 dam
225 840 349 902 iudicet.
379 862 404 902 c.
429 840 548 910 1115.
580 843 606 921 §.
628 845 680 910 31.
734 842 798 901 lam
827 841 866 900 ad
894 841 1053 918 utriusque
1081 840 1203 904 scholas
1302 919 1306 929 Ι

126 943 306 1003 sententiam
336 943 458 1004 uberius
486 943 695 1024 exponendam
716 943 952 1022 diligentiusque
973 943 1202 1006 examinandam

125 1043 255 1104 transit.'

211 1142 241 1226 a)
277 1149 433 1211 Sententia
457 1148 688 1227 Epicureorum.
741 1147 896 1226 Epicurus
919 1144 1009 1221 dicit,
1041 1166 1142 1207 omnes
1166 1144 1202 1206 in

125 1247 315 1325 aegritudine
344 1227 421 1324 edne,
452 1249 504 1326 qui
530 1270 561 1309 se
581 1249 614 1307 in
635 1248 721 1331 malis
743 1268 806 1306 esse
827 1247 1031 1323 arbitrentur,
1061 1248 1125 1306 sive
1145 1247 1201 1308 ills

125 1358 198 1408 ante
214 1350 336 1429 provisa
355 1359 388 1408 et
411 1360 582 1429 exspectata
602 1351 681 1424 sint,
704 1350 767 1410 sive
781 1349 1035 1423 inveteraverim,
1058 1368 1129 1408 nam
1143 1370 1201 1410 ne-

125 1470 186 1528 que
200 1460 350 1511 vetustate
363 1451 461 1510 minui
473 1452 568 1527 mala,
589 1472 646 1513 nec
659 1448 725 1511 fieri
738 1449 952 1530 praemeditata
966 1449 1099 1524 leviora,
1120 1452 1200 1510 stul-

124 1559 247 1629 tamque
266 1553 354 1612 etiam
372 1573 436 1612 esse
455 1553 680 1615 meditationem
697 1553 795 1612 futuri
816 1551 908 1628 mali,
936 1559 989 1610 aut
1013 1552 1139 1611 fortasse
1161 1572 1200 1613 ne

124 1653 224 1712 futuri
246 1654 385 1732 quidem:
416 1655 492 1715 satis.
510 1675 573 1714 csse
592 1654 730 1714 odiosum
749 1654 864 1717 malum
885 1673 989 1728 omne,
1011 1672 1200 1731 quumeve-

124 1754 223 1831 nerit;
253 1757 307 1834 qui
327 1758 565 1836 autem'semper
588 1730 794 1835 cogitavisset,
824 1755 960 1815 accidere
977 1775 1065 1834 posse
1083 1754 1200 1833 aliquid

124 1855 262 1932 adversi,
292 1859 319 1916 ei
335 1857 401 1918 fieri
417 1857 497 1917 illud
515 1859 731 1938 sempiternum
749 1857 880 1933 malum;
908 1856 934 1916 si
955 1876 1030 1917 vero
1051 1856 1199 1917 neiutu-

123 1977 195 2017 rum
219 1958 341 2037 quidem
365 1959 420 2036 sit,
451 1960 565 2020 frustra
590 1960 705 2041 suscipi
728 1959 879 2018 miseriam
906 1945 1125 2027 voluntariam:
1155 1958 1200 2019 ita

123 2079 245 2138 semper
260 2061 331 2139 angi
348 2045 403 2120 aut*
417 2061 592 2141 accipiendo
609 2073 661 2123 aut
677 2060 836 2140 cogitando
852 2061 940 2119 malo.
963 2059 990 2136 §.
1006 2061 1057 2126 32.
1101 2060 1199 2119 Leva-

123 2161 239 2240 tionem
256 2173 354 2222 autem
369 2163 564 2240 aegritudinis
580 2164 668 2243 ponit
681 2164 715 2221 in
731 2161 907 2222 avocatione
924 2183 941 2219 a
957 2161 1115 2239 cogitanda
1130 2182 1199 2221 mo-

123 2260 210 2321 lestia
231 2273 261 2322 ct
276 2265 467 2324 revocatione
484 2265 523 2323 ad
542 2263 787 2343 contemplandas
805 2263 988 2343 voluptates.
1010 2264 1036 2342 §.
1051 2265 1103 2333 33.

209 2364 272 2424 Has
286 2366 411 2445 Epicuri
424 2366 585 2426 sententias
599 2366 735 2425 refellere
749 2374 877 2443 conatur
887 2365 1001 2424 Cicero.
1017 2402 1019 2407 -
1044 2361 1078 2442 n)
1097 2363 1198 2424 Primo

121 2464 319 2543 reprehendit
334 2468 515 2546 Epicureos,
547 2467 630 2546 quod
648 2465 944 2546 praemeditationem
960 2484 1062 2524 rerum
1078 2465 1200 2525 sutura-

99 2595 102 2599 *
122 2586 193 2626 rum
209 2568 357 2627 reiiciant.
376 2568 422 2614 -·'
461 2566 499 2649 β)
524 2569 637 2628 Deinde
660 2568 809 2644 ostendit,
830 2550 1165 2631 revocationemillam
1180 2589 1200 2628 e

122 2669 305 2729 contuendis
325 2670 413 2730 malis
436 2682 542 2731 contra
560 2683 700 2732 namnam
719 2691 790 2729 esse.
813 2671 967 2743 c.16.·-,
1006 2665 1040 2750 γ)
1064 2668 1200 2747 Denique

120 2772 248 2850 probat,
271 2791 361 2849 quam
378 2793 556 2853 perversum
574 2773 630 2848 sit,
652 2771 735 2851 quod
750 2771 892 2850 Epicurei
911 2770 1106 2849 cogitationes
1124 2771 1198 2848 eiua,

123 2872 178 2950 qui
197 2883 354 2953 prematur
377 2874 669 2951 aegritudine,.non
690 2873 729 2934 ad
750 2872 842 2932 animi
860 2872 958 2948 bona,
979 2872 1124 2948 virtutes,
1146 2872 1202 2933 sed

121 2974 162 3032 ad
185 2975 322 3054 corporis
343 2976 516 3054 voluptates
537 2975 708 3035 traducant.
732 2995 757 3034 c.
780 2975 928 3042 17-19.
972 2974 1066 3034 Porro
1091 2984 1200 3037 contra

122 3096 174 3135 eos
188 3075 342 3156 disputat,
365 3078 418 3154 qui
430 3078 599 3157 Epicurum
615 3075 791 3149 defendant,
814 3075 963 3151 dicentes,
984 3077 1117 3155 primum
1130 3099 1199 3138 mo-

120 3197 170 3237 res
193 3177 257 3237 eius
280 3199 342 3238 esse
364 3179 514 3256 integros,
541 3179 612 3239 dein
634 3177 823 3257 voluptatem
839 3176 964 3256 Epicuri
984 3197 1124 3238 essenon
1142 3180 1199 3239 do-

122 3280 203 3347 lere,
233 3279 363 3358 denique
387 3301 474 3360 saepe
496 3301 563 3343 eum
584 3280 709 3341 laudare
728 3279 881 3360 virtutem.
904 3300 929 3338 c.
948 3281 998 3348 20.
1043 3280 1197 3340 Postremo

120 3400 153 3439 sc
171 3390 311 3455 excusat,
334 3382 417 3459 quod
433 3380 520 3460 saepe
537 3382 701 3462 Epicureos
720 3381 920 3458 aggrediatur.
943 3400 969 3438 c.
985 3383 1036 3448 21.

205 3479 238 3561 b)
266 3486 422 3543 Sententia
441 3485 699 3562 C'prenaicorums
729 3482 830 3541 Primo
848 3481 958 3560 repetit
974 3502 1023 3554 ea,
1046 3500 1123 3558 quae
1138 3481 1206 3541 iam,

120 3582 333 3662 supraflpaucis
347 3585 577 3664 perstrinxerat.
618 3582 765 3642 Concedit
780 3583 868 3657 enim,
891 3581 1108 3659 aegritudinem
1124 3604 1199 3662 par-

119 3685 177 3744 tim
206 3685 349 3745 exsistere
371 3707 410 3745 ex
433 3687 513 3745 malo
536 3686 743 3764 inexspectato
769 3692 800 3744 et
821 3684 1019 3762 necopinato,
1049 3693 1094 3760 et,
1116 3685 1199 3763 quod

118 3787 279 3866 provisum
298 3797 369 3848 ante
383 3809 446 3847 non
461 3789 516 3863 sit,
538 3787 572 3846 id
587 3785 677 3846 ferire
693 3782 918 3861 vehementius,
941 3774 994 3844 sed
1009 3796 1114 3863 negat,
1136 3806 1200 3846 esse

118 3887 152 3946 in
167 3886 230 3946 hoc
243 3889 360 3966 omnia,
383 3890 541 3968 additque,
563 3888 590 3948 si
606 3888 767 3965 diligenter
786 3886 1037 3966 necopinatorum
1059 3897 1200 3947 naturam

119 3988 309 4065 consideres,
338 3991 485 4068 intelligi,
513 4011 577 4050 non
598 3989 699 4048 subita
719 3988 784 4067 ipsa
806 3989 899 4067 magis
918 3989 1116 4064 conturbare,
1146 3987 1200 4049 sed

118 4090 204 4168 qnod
221 4092 323 4150 omnia
341 4093 443 4152 subita
462 4092 576 4151 maiora
594 4091 773 4166 videantur,
794 4090 926 4170 primum
936 4134 945 4165 ,
986 4091 1065 4165 uod,
1087 4097 1199 4168 quanta

117 4193 180 4253 sint
201 4213 278 4270 quae
295 4194 457 4269 accidunt,
476 4191 688 4257 considerandi
708 4192 842 4271 spatium
864 4211 927 4250 non
950 4110 1058 4268 itur,
1080 4189 1200 4266 deinde,
