2640 4626
131 133 196 200 360
379 137 661 192 ruscunsuauuu
677 130 958 192 nnrmsrrouuu

135 261 284 335 dolorem
326 257 505 357 suscipiat,
529 257 704 330 'maiorem
749 255 945 333 efficientem
969 259 1211 360 *voluptatem

136 364 312 462 omniaque
330 360 485 446 iucunda,
511 387 711 459 quamquam
733 387 832 434 seusu
846 361 997 462 corporis
1010 360 1213 453 iudicentur,

136 467 179 541 ad
202 467 348 539 animum
376 461 491 537 referri
515 479 632 540 tamen.
667 471 724 542 96.
752 464 910 561 quocirca
930 492 1051 565 corpus
1065 467 1213 564 gaudere

136 568 290 654 tamdiu,
316 567 396 639 dum
411 582 617 666 praesentem
631 565 795 638 sentiret²
819 566 1036 667 voluptatem
1062 569 1212 644 animum

137 688 168 745 et
184 685 390 771 praesentem
406 669 577 769 percipere
597 668 723 767 pariter
737 695 811 741 cunr
837 698 995 768 corpore,
1021 686 1052 744 et
1076 672 1213 772 prospi-

137 801 211 847 cere
228 773 429 859 venientem,
454 799 515 844 nec
532 771 742 870 praeteritam
761 771 991 871 praeterfluere
1011 773 1130 847 sinere.
1169 775 1213 847 ita

131 892 313 981 perpetuas
331 891 363 947 et
378 890 545 947 contextas
562 873 745 973 voluptates
763 874 797 946 iu
815 874 962 974 sapiente
979 875 1052 949 sore
1069 903 1212 977 semper,

114 1038 116 1043 .
137 1007 240 1078 quum
256 976 455 1076 exspectatio
472 993 676 1076 speratarum
685 975 889 1077 voluptatum
898 972 1131 1079 perceptarum
1146 1009 1212 1054 me-

138 1081 292 1155 moriae³
311 1080 509 1177 iungeretur.
1153 1149 1155 1155 .

239 1183 398 1256 XXXIV.
449 1190 506 1260 97.
531 1179 641 1279 Atque
658 1179 740 1253 his⁴
758 1179 878 1255 similia
899 1181 942 1254 ad
965 1181 1089 1255 victum
1113 1183 1211 1257 etiam

138 1285 397 1372 transferuutur,
424 1299 701 1382 extenuanturque
726 1283 971 1382 magnificentia
998 1301 1031 1358 et
1058 1305 1210 1387 sumptus

139 1385 327 1487 epularum,
354 1386 445 1486 quod
461 1414 563 1486 parvo
582 1384 670 1458 cultu
685 1402 803 1458 natura
822 1403 974 1460 contenta
994 1388 1045 1462 sit.
1091 1388 1210 1475 etenim

140 1491 215 1588 quis
234 1490 297 1562 boc
312 1517 381 1562 non
395 1488 494 1575 videt,
516 1487 696 1564 desideriis
712 1487 775 1560 ista
791 1484 920 1583 cbndiri
938 1489 1050 1576 omnia
1062 1492 1106 1564 ⁵?
1146 1492 1210 1564 Da-

138 1592 208 1665 rius
226 1591 261 1663 in
276 1592 371 1689 fuga,
397 1619 498 1690 quum
524 1618 641 1689 aquam
665 1589 832 1691 turbidam
859 1607 891 1665 et
918 1592 1136 1665 cadaveribus
1164 1594 1211 1666 in-

140 1695 308 1794 quinatam
322 1693 478 1779 bibisset,
503 1693 633 1789 negavit
649 1720 804 1792 umquam
824 1722 859 1767 se
873 1694 1000 1768 bibisse
1023 1695 1209 1768 iucundius.

140 1824 320 1894 numquam
341 1794 502 1897 videlicet!
515 1794 630 1866 sitiens
653 1794 792 1868 biberat.
842 1796 911 1869 Nec
936 1796 1084 1870 esuriens
1102 1797 1210 1872 Ptole-

139 1925 253 1971 maeus
276 1897 405 1971 ederat:
431 1897 484 1968 cui
508 1923 609 1996 quum
631 1896 820 1994 peragranti
846 1900 1055 2002 Aegyptum,
1081 1901 1210 1973 comiti-

140 2001 203 2072 bus
223 2028 292 2072 nou
309 2000 513 2087 consecutis,
539 1996 684 2072 cibarius
711 1999 747 2071 in
770 2027 845 2072 casa
867 2002 964 2100 panjs
990 2002 1087 2075 datus
1118 2019 1210 2090 esset,

140 2102 225 2177 nibil
247 2103 354 2176 visum
379 2118 429 2177 est
453 2099 509 2174 illo
532 2128 621 2201 ¹pune
645 2101 831 2174 iucundius.
892 2103 1064 2177 Socratem
1090 2104 1209 2190 ferunt,

141 2233 243 2304 quum
262 2231 366 2303 usque
388 2204 431 2276 ad
447 2214 620 2303 vesperum
644 2204 829 2277 contentius
856 2205 1055 2292 ambularet,
1081 2208 1209 2307 quaesi-

140 2324 275 2404 tumque
298 2322 384 2379 esset
410 2333 448 2378 er
474 2333 533 2393 eo,
560 2333 659 2405 quare
684 2305 720 2378 id
744 2306 881 2401 faceret,
906 2304 1143 2408 respondisse,
1169 2339 1209 2396 se,

142 2437 207 2508 quo
236 2405 354 2484 melius
384 2423 532 2497 cenaret,
558 2436 723 2509 opsonare
748 2409 947 2483 ambulando
972 2412 1103 2485 famem.
1158 2418 1210 2491 98.

116 2608 120 2613 ’
206 2612 273 2672 Π.
290 2612 356 2665 Ado.
389 2612 463 2671 38ic
481 2615 543 2670 02x.
560 2622 586 2663 ct
600 2614 658 2667 Em.
668 2630 689 2663 c.
699 2613 731 2662 D.
740 2629 788 2680 pro
805 2613 874 2680 vulg.
894 2613 1033 2665 memorid:
1052 2616 1125 2682 quod
1144 2615 1210 2682 opti-

62 2720 65 2731 ,
142 2697 183 2732 mo
199 2680 253 2733 iure
266 2679 354 2733 redux.
375 2685 433 2741 0r.,
453 2694 573 2740 mouens,
590 2678 736 2747 saepissime
759 2697 816 2730 vere
833 2681 968 2733 tullianam
992 2683 1211 2734 constructionem

140 2751 267 2828 iungere,
293 2751 452 2819 coniungere
474 2748 565 2816 aliqua
584 2765 613 2796 re
639 2747 778 2798 concedere
805 2747 923 2800 debuisse
939 2750 1038 2818 vulgari
1063 2751 1152 2800 alicui
1167 2751 1211 2800 rei.

140 2816 218 2873 4810
232 2816 277 2933 ILd
280 2816 305 2866 b.
323 2819 392 2869 SED.
408 2845 440 2859 ··-
461 2817 520 2866 Em.
542 2834 564 2866 c.
582 2813 650 2880 vulg.
670 2814 714 2864 iis.
732 2814 809 2866 Male.
860 2821 937 2874 50r.
959 2834 981 2868 c.
1001 2818 1034 2867 u.
1049 2819 1106 2870 VD.
1126 2820 1213 2868 omnia

140 2895 196 2934 zeta
209 2901 256 2934 con
277 2902 321 2934 tri.

191 3005 232 3059 96.
250 3001 369 3068 sentiret)
393 3001 532 3061 Ernestius,
554 3011 658 3054 auctore
691 2999 873 3067 istocondiri)
891 3002 923 3052 de
936 3001 991 3052 rin.
1007 3003 1039 3062 Π,
1056 3006 1099 3061 28.
1120 3007 1212 3055 Socru-

139 3069 264 3130 Bentleio,
279 3069 350 3119 dedit
364 3069 470 3130 sentiat,
487 3068 557 3117 nulla
573 3079 659 3119 tamen
691 3078 744 3120 tem
761 3068 834 3122 cnidio
843 3070 975 3131 dicentem,
996 3069 1046 3120 cibi
1061 3071 1212 3122 condimen·

139 3146 247 3201 urgente
262 3136 426 3194 necessitate3
443 3136 584 3185 uamfacile
598 3154 659 3186 sex·
691 3146 745 3191 tum
765 3154 818 3186 esse
835 3138 934 3199 samem,
951 3137 1066 3205 potionis
1082 3138 1165 3189 sitim.

141 3212 216 3253 ocrrta
231 3203 334 3252 excitari
355 3213 460 3271 possunt
478 3203 608 3270 exemplu,
631 3204 658 3252 in
740 3220 873 3290 videlicet)
898 3221 966 3273 haud
981 3220 1064 3285 dubie,
1082 3239 1144 3274 cum
1160 3224 1211 3274 iro,

141 3270 231 3338 quibus
252 3280 312 3337 post
328 3287 460 3336 praesens,
479 3270 547 3336 quod
569 3272 658 3339 perfe—
691 3287 733 3341 ni,
749 3288 865 3356 quadam·

115 3337 177 3388 ‘cti
193 3337 261 3387 vices
278 3339 399 3400 sustinet,
416 3336 522 3405 primum
545 3355 657 3406 sequun-
763 3372 783 3422 ,ὁ
822 3375 827 3384 .
949 3375 953 3385 .
1023 3373 1075 3424 Γᾶ
1146 3376 1188 3427 0.

139 3415 182 3454 tur
200 3405 357 3472 praesentia,
375 3414 429 3454 tum
449 3404 591 3455 inferuntur
606 3407 657 3455 im·
690 3391 859 3497 x'Xc'carssm
895 3372 1137 3493 afflgibarffz‘st
1168 3392 1211 3511 355

747 3476 754 3489 ⁴
789 3476 795 3490 ⁸
832 3477 839 3490 ⁴
1147 3482 1154 3504 s

140 3473 270 3540 perfectu,
288 3490 318 3522 uc
334 3472 355 3522 si
373 3473 547 3552 antecessisset
568 3473 657 3540 perfe-
691 3507 724 3557 ad
738 3507 820 3561 cibum
837 3509 914 3559 wis
929 3509 1005 3559 datur
1048 3527 1096 3561 nec
1113 3511 1211 3561 delicu-

141 3550 217 3590 ctum.
259 3540 328 3589 Idem
352 3540 479 3590 Bentlerus
508 3540 595 3590 eadem
625 3540 658 3591 de
690 3584 739 3631 tus.
773 3577 805 3626 v·
822 3575 944 3627 Davisius·
1014 3547 1021 3573 '

141 3625 228 3657 natissa
248 3625 307 3663 mox
333 3624 379 3674 pro
396 3608 551 3678 tangeretur
566 3608 657 3675 legen-

141 3674 200 3723 dum
229 3684 314 3724 censet
337 3677 469 3743 iungetur.
510 3680 544 3727 At
573 3675 657 3743 lapsus
740 3659 888 3727 swam)
922 3659 1043 3729 X⁸¹¹⁰Ph·
1069 3661 1210 3713 M⁰¹¹¹⁰f³b·

140 3740 357 3806 est'uirmagnus.
381 3744 657 3794 Nunstotaenuncia-
690 3729 768 3811 1¹„32
788 3735 813 3785 5·
847 3726 895 3780 ’mi
913 3725 1074 3811 ἐπὶξθῦῖθν
1092 3731 1212 3812 (σῖξθῖ)

125 3808 177 3858 'tio
195 3826 210 3858 a
227 3810 324 3859 verbis:
343 3809 383 3858 ita
396 3823 539 3880 perpetuas
557 3813 656 3861 -iun-
690 3812 763 3879 ΟΨ)
780 3810 1033 3878 παρθθκῑυαθμῑῖθῖ
1049 3793 1115 3882 dns
1143 3811 1211 3850 (Νη

138 3874 656 3946 gereturr‘moosmmfiselatuest:quod
689 3860 923 3944 ''ivfuffivilsa'
949 3881 998 3916 ων
1030 3878 1111 3917 ὅπου
1138 3863 1212 3932 ὄψον

140 3945 193 4010 vel·
205 3945 315 3993 futurum
327 3942 407 4013 sore,
432 3945 500 4012 quod
520 3945 656 3995 infinitivus
690 3926 765 3998 αὕῑῳ
782 3926 862 3982 εἶναι·

134 4021 179 4060 est
200 4009 338 4078 praesentis
356 4010 551 4074 conditionalis,
569 4023 656 4083 aperte
741 4031 869 4094 opsonare
878 4011 996 4082 fanum)
1022 4017 1054 4065 H.
1077 4033 1100 4068 e.
1120 4016 1210 4068 famem

138 4079 305 4136 demonstrat.
691 4099 760 4149 quasi
775 4081 873 4132 obsonii
880 4083 938 4133 loco
948 4082 1077 4136 adhibere.
1091 4083 1210 4136 Schuetz.

188 4146 246 4199 Cir.
270 4127 396 4198 xxxiv.
430 4148 470 4208 97.
512 4146 657 4200 desideriis
689 4148 715 4198 iu
730 4149 791 4202 Lex.
809 4149 925 4221 Cicerou.
944 4168 965 4203 s.
983 4167 1007 4203 r.
1025 4168 1165 4221 opsonare.
