2640 4626
198 209 263 278 936
446 182 1023 275 rosemaranunmsrorsnonvu

204 355 242 412 ut
269 365 369 413 nemo
390 338 426 411 iu
450 354 648 438 perpetuum
664 365 735 411 esse
755 353 870 437 posset
887 364 1005 439 expers
1019 337 1116 428 mali,
1142 338 1275 438 gravius

201 442 300 514 etiam
315 438 439 513 tulisse.
518 524 521 529 ,

300 544 407 614 XXV.
433 538 602 638 Quocirca
624 540 828 629 Carneades,
851 558 889 613 ut
910 541 1007 635 video
1024 560 1179 630 nostrum
1194 542 1273 616 scri-

204 646 284 717 bere
325 643 547 729 Antiochum,
583 641 841 742 reprehendere
869 643 1099 746 Chrysippum
1139 642 1272 732 solebat,

206 746 393 820 laudantem
412 744 632 845 Euripideum
649 772 780 818 carmen
797 744 898 832 illud,

286 867 424 928 Mortalis
445 887 533 927 nemo
555 875 618 943 est,
641 887 732 944 quem
752 887 815 927 non
834 866 982 944 attingit⁷
1004 866 1110 944 dolor,

286 953 480 1030 Morbusque.
502 951 630 1011 multis⁸
652 960 725 1010 suut
743 951 891 1011 humandi
911 952 1017 1027 liberi,

287 1038 418 1097 Rursum
442 1037 580 1112 creandi3
601 1056 742 1114 morsque
763 1045 808 1096 est
827 1036 912 1098 finita
934 1037 1090 1112 omnibus,

289 1121 374 1194 Quae
395 1122 496 1199 generi
516 1120 650 1180 humano
672 1140 811 1198 angorem
832 1120 1037 1200 nequidquam
1058 1121 1201 1181 afferunt
1308 1118 1314 1205 ξ

287 1205 451 1265 Reddenda
471 1215 569 1265 terrae
590 1204 658 1264 est⁹
680 1214 780 1264 terra:
802 1215 868 1264 tum
887 1204 953 1267 vita
975 1206 1116 1266 omnibus
1305 1210 1314 1303 J

287 1290 444 1368 Metenda‚
466 1300 502 1350 ut
522 1291 631 1369 fruges.
653 1289 697 1349 sio
715 1289 801 1348 iubet
821 1289 996 1350 Necessitas.

207 1394 264 1468 60.
289 1387 441 1486 Negabat
469 1414 573 1485 genus
597 1387 661 1460 hoc
682 1386 842 1460 orationis
866 1387 1047 1486 quidquam
1072 1386 1214 1459 omuino
1238 1386 1272 1458 ad

207 1489 379 1563 levandam
408 1489 646 1586 aegritudinem
674 1489 846 1589 pertinere.
872 1488 908 1561 id
923 1489 1010 1562 enim
1028 1490 1142 1589 ipsum
1164 1487 1271 1562 dolen-

207 1592 288 1665 dum
315 1619 388 1665 esse
409 1590 557 1678 dicebat,
584 1591 676 1690 qnod
700 1591 736 1662 in
759 1607 827 1663 tam
855 1589 1021 1679 crudelem
1047 1591 1272 1665 necessitatem

207 1693 449 1767 incidissemus.
474 1721 552 1765 nam
565 1691 653 1766 illam
671 1692 806 1792 quidem
822 1692 1005 1767 orationem
1024 1721 1062 1767 ex
1077 1720 1272 1767 commemo

206 1797 334 1869 ratione
345 1793 526 1868 alienorum
539 1794 700 1868 malorum
716 1796 760 1869 ad
774 1794 946 1869 malivolos
963 1794 1192 1871 consolandos
1210 1823 1272 1869 esse

207 1890 499 1972 accommodatam.

233 2030 238 2041 ’
303 1998 396 2071 ‘Mihi
424 2025 501 2072 vero
524 1997 623 2097 longe
648 1998 778 2089 videtur
806 2027 910 2072 secus.
935 2027 1012 2084 nam
1044 2016 1075 2072 et
1098 1998 1272 2083 necessitas

207 2101 363 2186 serendae
384 2099 586 2183 conditionis
609 2101 787 2189 humanae,
811 2101 905 2200 quasi
932 2130 1006 2175 cum
1036 2102 1112 2175 deo‘
1131 2128 1273 2200 pugnare

207 2203 414 2304 prohibet¹‚
448 2202 667 2303 admonetque
698 2231 769 2277 esse
794 2203 981 2291 hominem3
1014 2228 1098 2302 quae
1123 2202 1274 2301 cogitatio

210 2332 412 2405 magnopere
428 2303 551 2378 luctum
567 2303 669 2379 levat:
696 2321 728 2378 et
744 2306 945 2380 enumeratio
960 2304 1190 2406 exemplorum
1203 2333 1275 2390 non,

125 2470 127 2475 .
206 2424 245 2479 ut
272 2406 419 2481 animum
440 2406 669 2495 malivolorum
692 2405 849 2495 oblectet,
881 2408 1034 2495 affertur,
1060 2407 1122 2481 sed
1152 2406 1275 2492 utillo,

195 2509 266 2609 qui
289 2526 429 2597 maeret,
453 2508 626 2587 serendum
649 2509 714 2613 silsi
734 2509 774 2582 'id
791 2523 937 2598 censeat,
962 2510 1054 2609 quod
1068 2509 1183 2584 videat
1198 2507 1275 2583 mul·

207 2628 261 2684 tos
284 2612 455 2685 moderate
481 2626 513 2684 et
536 2610 710 2710 tranquille
729 2610 851 2685 tulisse.
903 2618 960 2692 61.
994 2610 1165 2684 Omnibus
1194 2610 1275 2685 enim

210 2713 320 2787 modis
331 2712 490 2786 fulciendi
499 2729 587 2803 sunt,
601 2714 658 2811 qui
669 2731 769 2808 ruunt
778 2738 838 2817 nec
856 2714 1031 2787 cohaerere
1045 2730 1191 2814 possunt
1205 2741 1277 2814 pro

209 2832 284 2916 pter
303 2812 565 2913 magnitudinem
589 2815 813 2913 aegritudinis.
840 2844 878 2889 ex
894 2844 959 2916 quo
979 2816 1086 2916 ipsam
1102 2814 1277 2914 aegritudi-

314 2987 332 3043 7
348 2983 392 3035 sic
413 2985 444 3035 lt.
460 2982 487 3036 b.
503 2982 587 3037 Gebln
602 2985 635 3036 D.
653 2983 719 3035 Lall.
736 3013 769 3024 ·-
789 2985 847 3035 Ern.
866 3002 887 3034 o.
905 2984 972 3051 vulg.
990 2985 1119 3055 attingat.
1156 2987 1177 3044 8
1193 2983 1237 3035 sie
1250 2981 1277 3033 L

210 3051 295 3103 Reutl.
311 3068 327 3102 e
345 3050 412 3102 coni.
429 3080 462 3092 -
479 3052 539 3104 Em.
557 3069 580 3104 o.
595 3053 664 3119 vulg.
681 3052 766 3103 multi.
799 3049 875 3109 98ic
894 3069 950 3102 oum
974 3052 1054 3103 codd.
1075 3053 1149 3102 SED.
1167 3081 1203 3092 -
1219 3052 1278 3102 Em.

210 3138 235 3172 o.
254 3120 322 3186 vulg.
339 3131 379 3169 est
395 3131 491 3171 terroe.
527 3116 601 3179 18io
622 3138 645 3170 c.
664 3119 745 3171 codd.
770 3119 830 3186 aliq.
847 3119 921 3170 ELD.
936 3121 995 3170 Eru.
1012 3149 1046 3160 -
1062 3118 1148 3185 Vulgo
1164 3117 1279 3173 cohibet:

211 3186 300 3267 „qnod
325 3186 428 3237 defendi
443 3196 543 3255 potest:
572 3196 695 3251 ‚,coercet
719 3186 843 3253 impetum
864 3204 921 3237 cum
936 3185 984 3238 deo
1009 3186 1172 3254 pugnandi.“
1190 3185 1280 3253 singu-

211 3253 274 3305 larrs
296 3263 381 3304 manen
401 3265 472 3311 esset,
483 3264 576 3306 constr.
602 3272 624 3306 o.
651 3252 699 3305 inf.
706 3291 714 3320 ,
728 3253 803 3306 coins
818 3253 960 3322 exemplum
982 3271 1059 3305 unum
1075 3255 1156 3305 affert
1173 3251 1279 3306 Forcell.

213 3339 244 3373 ex
266 3321 334 3373 Hirr.
351 3324 381 3372 B.
397 3322 451 3373 Afr.
468 3340 494 3373 c.
517 3325 579 3381 23.“
596 3325 640 3373 Or.

264 3422 322 3472 Cae.
332 3423 420 3474 XXV.
436 3421 729 3491 nostrumAnnoctum)
796 3420 850 3484 Ele
872 3422 925 3489 γῆν
947 3417 1081 3490 φέροντες
1103 3421 1174 3490 γῆν
1202 3418 1281 3490 deor

214 3489 253 3540 Cf.
268 3507 315 3540 nos
330 3488 357 3540 in
372 3490 438 3542 libro
454 3490 479 3540 d.
494 3491 527 3542 de
541 3490 622 3542 Cicer.
635 3489 729 3558 philos.
1030 3489 1119 3550 καίως
1136 3485 1165 3561 ‘l'
1181 3487 1235 3557 ἔχει

212 3574 239 3625 p·
256 3560 314 3615 159·
797 3555 867 3611 Blov
886 3554 1022 3626 θερίζειν,
1047 3554 1117 3609 dors
1138 3554 1282 3626 κάρπιμον

264 3625 438 3694 Euripideum
458 3626 577 3693 nomnen)
599 3627 638 3676 Ex
654 3623 734 3675 Euri-
1065 3621 1182 3692 oraim.

214 3690 280 3758 pidis
295 3693 381 3744 fabula
395 3693 541 3761 deperdita,
558 3710 623 3760 quae
638 3691 731 3743 insesi-

215 3766 261 3826 pta
283 3769 338 3811 erat
363 3763 410 3828 Hy
429 3762 520 3832 sipyla
540 3761 580 3876 (p.
605 3760 666 3819 449.
689 3759 730 3809 ed.
813 3762 855 3817 61.
879 3756 1033 3822 cohaerere)
1058 3757 1209 3810 consistere.
1226 3759 1281 3809 nte-

215 3826 321 3892 nectit).
355 3831 394 3881 Ve
424 3845 544 3895 agraeos
577 3836 705 3878 aeosnnt:
764 3825 873 3892 taphorn
894 3826 921 3875 ln
942 3825 992 3875 hoc
1009 3824 1068 3875 loco
1085 3826 1172 3893 petita
1186 3826 1282 3877 videtur

243 3889 323 3962 Ἔφν
336 3892 387 3963 μὲν
399 3893 501 3961 oddele,
519 3892 593 3955 ὅστις
605 3891 640 3948 ost
652 3895 734 3948 πονεῖ
763 3895 796 3946 ab
810 3892 949 3943 aedificiisr
961 3894 1035 3971 quae,
1051 3909 1178 3962 compage
1193 3894 1279 3955 soluta,

188 3969 190 3974 '
525 3961 633 4030 figuti!
763 3978 798 4012 ne
813 3972 894 4010 ruant
900 3958 1046 4029 fulocenda
1060 3970 1129 4012 snnt.
1165 3961 1210 4013 Sic
1223 3963 1279 4011 Har.

253 4028 360 4083 etms
388 4045 418 4083 rs
447 4025 543 4092 τέκνα,
569 4047 591 4149 [²

517 4110 567 4150 m

593 4026 664 4096 (ἕτερ’
694 4021 731 4083 nd
764 4031 842 4095 Resp.
866 4031 909 4085 Ἠ.
942 4027 964 4078 si
989 4026 1106 4146 undiqpe
1123 4027 1279 4109 sultianme,

273 4161 342 4226 dro'e
369 4178 399 4215 re
426 4163 467 4218 ds
486 4178 560 4216 nass·
581 4094 732 4216 ⁰:22⁹le
764 4094 1059 4214 litheieiiiiilleatinilia
1073 4101 1278 4230 colii'eriielli

250 4167 271 4216 Α
467 4160 606 4300 dgdonns
620 4224 717 4300 βροτοὶ
764 4239 879 4300 possunt,
897 4247 945 4282 nec
959 4229 1013 4282 sine
1026 4229 1275 4285 virtutevitabsuts
