2640 4626
487 198 615 249 urana
634 200 676 248 ru.
693 204 735 259 tt·
1079 189 1142 256 939

173 323 232 395 65.
258 313 352 413 Quid
370 315 423 389 ille
438 316 657 392 Terentianus
671 316 744 416 ipse
758 344 794 388 sc
810 315 994 416 poeniens?
1022 316 1078 417 [id
1094 337 1143 391 cst

70 418 189 495 ἑαυτὸν
206 419 439 518 τιμωρούμενος
450 421 490 520 ⁷]

154 541 284 598 Decrevi
306 543 453 620 tantisper
473 561 520 599 me
540 541 640 599 minus
662 541 806 610 iniuriae,

155 623 338 701 Chremee⁸,
360 647 426 684 meo
447 634 536 703 gnato
557 626 672 701 facere,
695 626 766 684 dum
787 625 857 685 liam
878 624 976 684 miser.

71 722 125 796 hie
142 721 308 810 decernit,
333 740 372 795 ut
389 723 489 811 miser
507 723 558 795 sit.
583 751 664 796 num
679 723 754 823 quis
770 721 871 820 igitur
886 721 1067 821 quidquam
1084 725 1141 798 de-

40 844 47 855 ‘
70 825 178 898 cernit
194 825 341 914 invitus?

153 947 235 1006 Malo
257 947 378 1025 quidem
399 967 446 1006 me
467 947 722 1025 quovisdignum
745 946 893 1025 deputem.

69 1044 159 1117 malo
181 1072 217 1118 se
240 1046 378 1143 dignum
403 1046 557 1144 deputat,
582 1045 648 1117 nisi
666 1044 768 1117 miser
783 1045 833 1116 sit.
859 1044 951 1117 vides
967 1072 1046 1142 ergo
1067 1046 1141 1146 opi-

69 1147 182 1241 nionis
197 1175 286 1234 esse,
312 1177 381 1219 non
396 1163 531 1220 naturae
547 1146 677 1220 malum.
728 1147 839 1243 Quid,
865 1159 979 1246 qnos⁹
997 1176 1050 1221 res
1067 1148 1140 1248 ipsa

69 1249 181 1348 lugere
206 1249 386 1349 prohibet?
416 1265 453 1322 nt
478 1250 569 1350 apud
591 1251 771 1335 Homerum
797 1248 1008 1348 quotidianae
1033 1279 1142 1340 neces,

68 1351 286 1451 interitusque
318 1351 515 1440 multorum,
548 1352 752 1425 sedationem
783 1352 953 1424 maerendi
988 1352 1141 1442 afferunt;

33 1468 36 1481 ¹
69 1454 161 1554 apud
179 1483 276 1553 mem
292 1452 338 1526 ita
351 1454 488 1527 dicitur:

153 1577 289 1655 Namque
310 1576 400 1635 nirnis
420 1578 550 1650 multos,
573 1584 662 1653 atque
685 1575 766 1633 omni
788 1575 874 1647 luce,
898 1574 1033 1634 cadentis

153 1661 335 1735 Cernimus3'
349 1670 383 1719 ut
403 1682 491 1720 nemo
513 1661 607 1741 possit
627 1680 761 1719 maerore
782 1679 898 1720 vacare.

154 1746 224 1819 Quo
244 1745 338 1824 magis
359 1756 403 1804 est
424 1767 550 1824 aequom
570 1745 695 1804 tumulis
716 1744 858 1803 mandare
879 1754 1049 1824 peremptos

152 1830 255 1889 Firmo
278 1832 394 1906 animo,
416 1842 445 1890 et
466 1832 580 1917 luctum
602 1830 744 1910 lacrymis
765 1829 852 1886 finus
874 1831 1000 1899 diurnis.

10 2002 30 2017 ,
69 1936 127 2007 66.
152 1927 242 2025 Ergo
267 1923 302 1999 iri
326 1944 487 2027 potestate
513 1944 560 2000 est
579 1927 721 2001 abiicere
739 1926 906 2013 dolorem,
933 1955 1035 2026 quum
1050 1927 1140 2016 velis,

67 2029 210 2129 tempori
243 2029 447 2103 servientem.
497 2031 553 2102 An
588 2047 637 2102 est
662 2029 765 2101 ullum
793 2044 941 2127 tempus,
967 2029 1139 2128 (quoniam

10 2216 17 2225 .
69 2132 205 2232 quidem
230 2160 283 2209 res
308 2131 343 2203 in
367 2149 479 2204 nostra
502 2148 663 2232 potestate
688 2135 769 2228 cst,)
796 2130 849 2201 cui
873 2158 942 2202 non
965 2131 1140 2230 ponendae

69 2263 167 2308 curae
185 2251 215 2308 et
234 2234 450 2333 aegritudinis
467 2262 582 2307 caussa
597 2231 802 2306 serviamus?
1231 2240 1234 2248 '

10 2404 14 2415 .
172 2336 353 2409 Constabat
396 2365 469 2424 eos,
503 2337 559 2435 qui
593 2332 821 2409 concidentem
856 2332 1046 2405 volneribus
1081 2334 1138 2406 Cn.

10 2482 24 2541 ἱ
67 2438 266 2539 Pompeium
301 2439 480 2525 vidissent,
506 2466 606 2537 quum
639 2439 703 2509 in1
734 2435 792 2531 illo
816 2436 891 2535 ipso
921 2434 1138 2507 acerbissimo

10 2590 16 2611 .
67 2541 321 2641 miserrimoque
346 2531 533 2640 spectaculo
564 2540 630 2612 sibi
655 2540 825 2643 timerent,
851 2536 942 2636 quod
970 2564 1005 2609 se
1034 2535 1138 2611 classe

67 2644 215 2716 hostium
250 2643 468 2717 circumfusos
503 2642 669 2730 viderent,
695 2641 779 2714 nihil
811 2656 881 2712 tum
907 2638 998 2711 aliud
1021 2639 1139 2736 egisse,

10 2776 17 2829 ς
65 2747 133 2818 nisi
156 2763 192 2817 ut
216 2746 357 2842 remiges
374 2745 600 2832 hortarentur,
627 2761 658 2817 et
672 2761 707 2816 ut
724 2742 862 2818 salutem
876 2740 1139 2841 adipiscerentur
1211 2824 1214 2829 .
1283 2796 1286 2817 .

64 2849 162 2947 luga:
188 2864 403 2949 posteaquam
420 2850 450 2918 T
450 2877 546 2950 yrum
562 2847 739 2948 venissent,
762 2861 834 2921 tum
848 2842 998 2918 alllictari
1013 2843 1137 2916 lamen-

133 3021 152 3076 7
176 3019 215 3067 De
237 3018 268 3067 L.
290 3016 417 3067 sententia
443 3017 488 3069 W.
505 3033 584 3066 uncos
605 3014 722 3066 eddidit:
764 3020 813 3067 non
837 3013 942 3064 sustulit
966 3016 1007 3063 Or.
1033 3013 1136 3064 dicens:

64 3083 234 3152 „significare
255 3086 324 3146 vult,
342 3084 489 3134 Terentium
505 3083 596 3133 melius
612 3084 739 3132 facturum
781 3080 840 3143 isse,
857 3081 879 3131 si
897 3080 999 3131 tabulae
1015 3099 1074 3131 suae
1091 3081 1136 3132 in-

63 3152 151 3203 dicem
167 3151 270 3202 fecisset
286 3155 349 3221 Ipse
365 3170 394 3202 se
405 3153 551 3220 poeniene‚·
566 3167 618 3201 nou
632 3150 700 3200 enim
714 3148 824 3201 defuisse
837 3147 988 3199 vocabulum
1002 3148 1076 3200 latin.
1094 3149 1137 3200 ste
1185 3171 1188 3176 ⁷

65 3219 87 3270 si
106 3219 212 3287 ceperis,
231 3219 329 3270 videbis
345 3221 387 3271 vix
403 3219 478 3269 aliter
491 3218 601 3270 scribere
611 3217 730 3286 ,potuisse
743 3217 900 3269 Ciceronem.
911 3215 1030 3266 Putidum
1040 3215 1136 3282 sedetet,

64 3288 108 3337 his
121 3304 175 3338 non
191 3287 298 3349 additis,
319 3287 437 3338 omittere
452 3287 534 3354 ipsum
550 3284 690 3336 indicem.“
705 3315 738 3324 —
763 3286 823 3335 Ern.
841 3285 872 3334 de
895 3282 976 3333 Bouh.
994 3282 1136 3335 sententie:

64 3355 137 3420 Quid
152 3355 178 3407 ι’..
191 3356 220 3404 Τ.
237 3353 338 3408 ἑαυτὸν
355 3373 427 3422 sep..
445 3355 537 3414 idest,
553 3355 612 3470 q'pse
628 3371 658 3404 se
669 3354 795 3432 puniens.
812 3351 888 3402 Male.
906 3352 970 3399 Dav.
987 3351 1054 3414 vulg.
1068 3349 1136 3400 tueri

63 3423 167 3485 studet,
188 3422 310 3489 exemplis
331 3420 483 3489 comparatis
505 3420 555 3471 hau
594 3439 655 3471 sane
667 3419 777 3473 idoneis.
825 3423 843 3477 8
866 3422 909 3468 Or.
935 3433 957 3466 c.
975 3421 1041 3476 0111,
1056 3419 1092 3468 M.
1110 3427 1136 3466 et

63 3490 151 3540 Bentl.
169 3489 196 3540 in
216 3491 321 3540 Terent.
338 3489 454 3540 Chreme.
499 3488 577 3548 9Sic
597 3490 630 3538 D.
650 3486 761 3538 eVatic.
778 3485 859 3536 Pelet.
883 3493 942 3535 tert.
960 3493 986 3534 et
1008 3483 1077 3534 Med.
1110 3493 1136 3534 et

63 3557 134 3609 Lull.
153 3587 185 3596 -
202 3559 262 3608 Em.
281 3576 302 3608 c.
320 3557 388 3624 vulg.
406 3557 482 3626 quod.
520 3558 651 3612 1Ern.c.
671 3552 897 3604 Gebh.omis.s'n.
966 3550 970 3560 '

114 3663 157 3717 65.
189 3660 380 3725 Terentianus)
415 3657 587 3718 Menedemus,
653 3654 823 3707 Himeram·
848 3651 916 3705 πότε
932 3649 980 3704 uio
1002 3669 1045 3712 τις
1068 3647 1135 3704 rivu-

27 3760 31 3768 ι
62 3727 108 3796 qni
125 3727 160 3777 ob
176 3727 222 3775 filii
244 3727 382 3778 absentiam
405 3744 432 3776 se
453 3725 585 3776 excrucia·
844 3716 991 3773 ,πνεύσειε
1004 3719 1117 3781 arduom
1194 3748 1197 3753 ¹

62 3798 118 3847 bet.
155 3796 249 3846 Heaut.
264 3797 322 3845 Act.
335 3796 358 3845 l.
374 3813 409 3845 sc.
424 3797 445 3844 1.
459 3798 501 3852 95.
519 3797 562 3851 83.
651 3788 727 3842 Ἀλλὰ
739 3786 791 3857 χρὴ
805 3785 855 3842 τὸν
868 3784 920 3872 reip
933 3785 1135 3847 καταθάπτειν,

114 3929 189 4000 apud
215 3932 372 3996 Homerum)
406 3928 480 3980 Iliad.
505 3928 582 3989 XIX,
650 3923 747 3993 Νηλέα
755 3856 1134 4007 tontetziieiiqiilimpi'ee

59 4001 122 4058 226·
140 4013 195 4066 ⁸qq·
895 3990 1099 4070 ffuuppouvtue.

96 4132 170 4201 Λίην
188 4132 243 4201 γὰρ
261 4130 358 4184 πολλοὶ
372 4128 421 4207 aad
436 4127 583 4198 ἐπήτριμοι
616 4057 1064 4198 Prugsdiqqqqn)vauqquqqitpges
1078 4058 1133 4173 iii-

351 4197 443 4266 ἥματα
457 4198 550 4251 πάντα
616 4205 720 4247 servatt.
734 4198 754 4246 l.
770 4199 811 4253 13.
827 4212 853 4262 p.
866 4193 909 4258 44
