2640 4626
540 189 671 242 LIBER
687 190 720 243 n.
735 192 780 250 27.
1137 184 1198 257 191

120 325 218 385 vacet
238 307 382 410 populo,
407 335 515 408 neque
537 306 692 409 plausum
717 321 871 408 captans,
896 335 932 385 se
946 319 1105 384 tantum⁵
1123 314 1198 416 ipsa

120 411 271 487 delectet
321 409 416 508 Quin
443 411 543 484 etiam
556 409 640 483 mihi
654 408 790 511 quidem
806 408 1027 486 laudabiliora
1044 412 1198 493 videntur
1255 490 1259 500 ,

121 513 255 603 omnia,
279 540 366 613 quae
386 513 459 586 sine
475 512 700 587 venditatione
718 529 750 587 et
765 513 837 587 sine
855 512 983 615 populo
998 531 1081 593 teste
1095 519 1197 597 finnt:

121 645 191 713 non
216 615 337 716 quod⁶
357 615 535 713 firgiendns
552 615 613 704 sit,
638 615 767 714 (omnia
782 615 871 689 enim
884 615 1056 692 benefacta
1073 620 1110 695 in
1123 621 1197 699 luce

120 747 157 794 se
182 717 341 793 collocari
368 717 483 790 volunt
494 727 519 813 3)
545 717 605 792 sed
630 733 741 792 tamen
756 716 884 792 nullum
900 719 1065 795 theatrum
1084 724 1197 802 virtuti

120 819 326 896 conscientia
340 820 448 894 maius
464 836 521 894 est.
635 891 640 909 ,
944 815 947 825 ’

223 924 365 997 XXVII.
416 931 474 1002 65.
498 923 609 1022 Atque
628 920 665 994 in
682 920 801 1022 primis
820 898 1018 997 miditemur
1034 925 1134 1017 illud,
1160 949 1197 1004 ut

121 1026 205 1101 haec
223 1024 383 1128 patientia
399 1024 565 1114 dolorum,
581 1051 795 1126 quamsaepe
812 1023 880 1097 iam
895 1025 997 1100 animi
1013 1026 1195 1109 intentione

188 1253 207 1306 5
224 1246 299 1298 P.·et
312 1246 345 1298 D.
363 1245 471 1297 eGodd.
488 1257 586 1298 maren.
620 1249 639 1306 6
654 1247 686 1300 V.
703 1246 769 1298 aun.

119 1364 233 1431 rimam)
246 1414 251 1421 ,
265 1364 340 1413 Unus
357 1362 512 1430 superlativo
528 1362 643 1414 iunctum
676 1372 715 1413 tes
733 1371 810 1414 vocat
824 1363 857 1414 de
872 1367 942 1415 Orat.
959 1367 990 1415 ΙΙ.
1007 1370 1054 1429 18,
1073 1368 1117 1428 74,
1141 1388 1195 1424 non

119 1433 155 1484 ad
171 1430 349 1482 excellentiam
365 1432 475 1480 refertur
488 1431 536 1496 (cf.
551 1430 643 1481 Adno-
676 1447 726 1498 quo
750 1448 808 1481 mea
831 1431 933 1512 (pridem
957 1432 1007 1483 iam
1028 1435 1130 1487 intersit
1144 1457 1194 1498 —5

119 1511 178 1552 tata
195 1500 224 1549 in
245 1516 269 1549 c.
287 1502 334 1560 18,
350 1499 417 1564 43).
452 1498 493 1549 Sic
509 1497 576 1549 inira
597 1499 641 1548 111.
675 1497 721 1547 sed
741 1508 827 1549 tamen
842 1510 893 1550 rata
910 1509 955 1550 tua
969 1529 1003 1539 —
1024 1511 1125 1554 tantum
1146 1523 1195 1556 co-

120 1572 163 1630 16,
180 1568 227 1625 34.
244 1583 309 1633 quae
323 1564 446 1631 cogitatio
461 1583 516 1615 una
529 1567 643 1616 maxime
675 1566 816 1630 gnoscendi
835 1567 920 1617 studio
940 1567 1064 1619 adductus
1082 1572 1192 1639 requiro.

119 1633 254 1686 molestias
270 1650 357 1683 omnes
373 1641 502 1684 extenuat.
529 1634 554 1683 d.
571 1637 641 1684 Orat.
676 1632 715 1682 (if.
735 1634 855 1684 Academ.
877 1637 917 1697 11,
936 1641 968 1693 12
995 1646 1021 1686 et
1044 1638 1089 1696 44.
1123 1642 1193 1690 Fue-

121 1703 166 1753 111.
187 1699 223 1763 8,
238 1704 281 1758 31.
309 1699 443 1751 verborum
465 1717 497 1750 ea
515 1701 641 1766 gravitate
674 1709 748 1762 runt,
771 1701 814 1768 qui
838 1700 931 1769 ubique
952 1719 1004 1752 non
1020 1722 1071 1772 quo
1091 1704 1118 1755 in
1140 1724 1194 1758 non

120 1780 149 1821 et
163 1768 240 1836 copia
254 1776 307 1829 eat,
332 1776 362 1817 ut
378 1785 442 1817 unus
458 1767 491 1818 ad
507 1768 641 1818 dicendum
674 1768 743 1836 quod
758 1769 907 1819 mutandum
920 1783 1061 1822 censerent.
1082 1774 1194 1826 Wolfius

120 1835 329 1889 immotissimus
344 1852 361 1884 a
374 1845 464 1885 natura
480 1852 534 1885 esse
551 1835 641 1886 videa·
675 1834 751 1885 etiam
772 1836 840 1888 infra
862 1839 905 1887 ΙΙΙ.
930 1843 980 1901 22,
1002 1841 1045 1898 54.
1079 1844 1194 1908 reposuit

120 1906 171 1955 t'ur.
219 1902 319 1953 Cornel.
348 1902 413 1970 Nep.
442 1901 597 1964 Miltiad.1‚
617 1907 640 1961 1.
674 1919 727 1951 non
742 1904 811 1971 quod
831 1921 879 1971 pro
901 1904 971 1971 vulg.
990 1924 1043 1956 non
1065 1926 1122 1977 quo.
1157 1911 1193 1960 At

121 1974 208 2034 Quum
217 1988 304 2020 -sua
316 1969 442 2020 modestia
453 1987 516 2019 unus
531 1970 642 2022 omnium
673 1981 744 2020 recte
759 1971 861 2021 videtur
876 1973 1003 2022 monuisse
1020 1974 1147 2040 Ochsuer,
1164 1978 1192 2028 in

120 2034 232 2090 maxime
246 2038 362 2087 floreret:
382 2037 426 2087 ubi
442 2055 466 2087 v.
482 2039 573 2088 Bremi.
601 2038 639 2088 cf.
675 2038 764 2104 quibus
787 2038 851 2088 locis
866 2039 939 2104 finis
953 2057 972 2089 s.
988 2043 1127 2091 eonsilium
1144 2045 1192 2094 de-

120 2107 308 2162 infra111.33.
342 2106 374 2156 V.
390 2109 432 2163 23.
467 2104 576 2155 Tirones
592 2105 642 2154 ob-
674 2113 793 2166 notetur,
819 2105 894 2154 iniis
912 2117 1010 2157 veteres
1031 2127 1130 2176 semper
1148 2110 1192 2160 di-

120 2182 241 2234 servent,
267 2190 314 2240 per
335 2189 399 2240 quos
415 2170 507 2238 gradus
523 2172 642 2239 superla-
674 2172 740 2222 xisse
751 2190 804 2222 non
816 2190 866 2241 quo
872 2191 882 2231 ‚·
898 2173 925 2222 in
939 2174 1029 2241 quibus
1042 2187 1127 2226 autem
1140 2195 1193 2228 no-

120 2241 170 2293 tivi
188 2241 225 2291 vis
239 2240 326 2307 augeri
343 2250 420 2307 atque
436 2239 535 2289 intendi
552 2239 641 2308 possit.
673 2239 711 2289 tio
726 2238 906 2306 particularum
919 2243 960 2291 sic
975 2255 1003 2292 ut
1016 2261 1036 2293 s.
1052 2246 1131 2313 quasi
1145 2264 1192 2296 ex-

120 2306 153 2360 V.
164 2326 186 2358 c.
204 2307 353 2375 simpliciter
366 2307 459 2358 dicitur
473 2307 642 2357 doctissimus
674 2306 748 2374 primi
764 2307 870 2370 debeat,
887 2317 1019 2376 utrumque
1034 2323 1061 2360 et
1075 2330 1127 2361 non
1140 2331 1191 2382 quo

121 2378 216 2427 tomo·
239 2385 294 2424 tum
309 2376 406 2437 multo,
433 2375 526 2444 longe,
541 2393 641 2492 dquam,
675 2384 701 2422 et
713 2391 766 2422 non
779 2376 848 2443 quod
862 2377 1004 2443 promiscue
1017 2378 1113 2428 dictum
1127 2398 1190 2431 esse.

120 2445 167 2496 arel
173 2443 343 2494 doctissimus
360 2443 442 2505 homo,
458 2460 526 2492 unus
560 2444 643 2492 ortis·
676 2441 968 2506 Cf.Academ.II.42,
986 2449 1043 2503 131.
1069 2448 1191 2498 Introdu-

120 2512 208 2564 aimus
229 2512 274 2576 (V.
290 2515 340 2573 23,
358 2511 414 2576 66.)
429 2539 462 2548 -
487 2511 524 2576 (v.
548 2512 642 2560 Rama·
675 2506 750 2558 cebet
776 2509 852 2559 etiam
877 2509 1032 2575 Carneades,
1066 2530 1118 2563 non
1138 2532 1191 2593 prro

120 2580 198 2645 horn.
213 2581 274 2628 aar.
289 2578 406 2629 Granius.
423 2580 445 2646 §.
462 2581 518 2636 156.
534 2596 561 2646 p.
570 2578 640 2645 320.)
671 2575 813 2646 probaret,
831 2576 880 2631 sed
893 2589 923 2627 ut
936 2593 1078 2649 opponeret
1089 2584 1191 2643 Stoicis,

120 2665 190 2699 unus
207 2646 497 2695 maximedoctissioucs
512 2646 643 2706 (Sicinfra
674 2661 797 2694 summum
813 2644 907 2695 bonum
922 2664 976 2697 esse
991 2657 1051 2698 cett.
1086 2650 1125 2700 lbi
1140 2668 1193 2700 non

120 2717 167 2767 IV.
184 2720 235 2775 25,
255 2717 324 2778 55.);
351 2730 428 2780 porro
453 2715 576 2764 omnium.
592 2714 641 2762 ‹io-
675 2729 724 2780 quo
735 2712 811 2762 finem
821 2712 946 2779 exprimit.
962 2718 997 2765 At
1007 2715 1121 2778 ibid.40‚
1131 2721 1192 2775 125.

119 2783 275 2841 ctissimus,
298 2799 365 2830 unus
381 2780 495 2830 oninium
514 2781 642 2831 doctissi—
675 2797 715 2829 me
725 2797 848 2843 accusas,
865 2797 918 2830 non
932 2783 1001 2850 quod
1014 2783 1065 2832 tuis
1082 2785 1192 2835 rationi-

120 2869 181 2901 mus
199 2848 254 2915 (Sic
269 2847 336 2897 infra
350 2850 393 2898 111.
411 2852 459 2909 33,
476 2842 518 2905 81]
544 2849 575 2898 id
591 2867 642 2918 ge·
675 2846 721 2895 bus
736 2865 789 2897 non
805 2847 943 2908 assentiar,
961 2849 1006 2900 sed
1023 2850 1092 2917 quod
1106 2851 1191 2902 nrdiis.

120 2936 173 2970 nus
191 2917 387 2986 aegritudinis,
413 2917 482 2984 quod
501 2933 580 2965 unum
602 2927 642 2966 est
676 2913 717 2963 sic
730 2931 806 2982 supra
822 2931 844 2964 c.
859 2919 909 2978 23,
927 2921 968 2975 56.
987 2934 1039 2967 non
1056 2919 1125 2986 quod
1141 2920 1191 2968 do-

120 2985 424 3048 omniumorraximum):
449 2983 558 3050 denique
571 3001 643 3041 ,unus
675 2981 763 3042 leant,
781 2983 830 3031 sed
844 2983 915 3050 quio.
930 3012 964 3024 -
983 2986 1046 3036 Non
1060 3003 1110 3054 quo
1124 2986 1192 3036 haud

120 3054 238 3105 omnium
253 3052 331 3120 longe
346 3051 523 3123 (iustissimus.
676 3048 751 3098 dubie
774 3067 819 3115 fer
843 3051 1021 3102 attractionem
1043 3064 1130 3103 natum
1154 3063 1193 3104 est

172 3137 201 3187 ai
218 3148 295 3185 vacet
308 3136 419 3205 populo)
452 3137 485 3185 H.
504 3153 526 3186 e.
550 3134 572 3186 si
588 3135 642 3186 sine
676 3133 708 3166 ⁶¹
722 3133 774 3166 ”⁰¹²
790 3133 820 3166 ⁶⁰
833 3118 909 3185 qwd·
946 3120 1091 3240 C⁰¹¹¹J¹¹¹rffi
1106 3131 1194 3188 P⁰ii⁸t

121 3203 221 3275 populo
237 3212 303 3254 teste
318 3215 387 3254 recte
404 3213 472 3269 agat.
675 3201 793 3250 graecum
823 3182 868 3250 ἐφ’
893 3178 915 3253 ᾦ
947 3197 974 3236 et
1015 3185 1045 3253 φ’
1069 3183 1121 3255 93²⁸
1144 3206 1192 3255 Pro

172 3289 235 3344 sine
256 3288 452 3352 venditatione)
486 3289 518 3337 H.
543 3304 564 3337 e.
588 3287 642 3337 sine
676 3251 722 3305 ἐπὶ
736 3248 827 3327 τούτῳ
841 3250 867 3303 3⁹
903 3254 935 3303 ν’
949 3255 1072 3320 Kmeger'
1092 3259 1192 3305 Um*

120 3356 264 3408 iactatione
280 3374 300 3405 s.
319 3354 499 3405 ostentatione.
517 3354 559 3405 Sic
572 3355 642 3405 Lae-

120 3425 170 3476 lius
184 3429 228 3482 23.
254 3441 270 3473 a
290 3423 375 3472 multis
397 3422 453 3488 ipsa
475 3422 553 3472 virtus
577 3439 641 3472 con-

120 3493 260 3551 temnitur,
297 3500 323 3539 ct
349 3487 491 3540 venditatio
518 3489 643 3556 quaedam

120 3570 202 3628 atque
218 3558 356 3609 ostentatio
373 3575 426 3607 esse
441 3555 541 3606 dicitur.

675 3319 830 3388 suchongsn
840 3320 867 3369 d.
878 3320 925 3370 lat.
936 3324 1051 3371 Gronau.
1067 3325 1111 3371 ΙΙΙ.
1122 3324 1190 3372 Heit.

675 3406 701 3455 p.
717 3392 775 3444 260.
791 3396 818 3436 et
832 3391 890 3445 297.
906 3406 987 3455 sq.-
1003 3388 1118 3455 Denique
1133 3407 1193 3440 rno-

676 3455 802 3515 nendum,
824 3471 872 3521 pro
889 3471 941 3502 non
957 3455 1026 3522 quod
1041 3457 1107 3519 (non
1120 3457 1192 3523 quo),

676 3522 725 3571 sed
748 3521 817 3588 quod
839 3539 915 3588 saepe
935 3521 963 3570 in
979 3522 1061 3572 altero
1079 3524 1192 3574 membro

676 3606 692 3639 a
706 3589 828 3638 Cicerone
842 3589 905 3655 poni
920 3589 969 3638 sed
981 3602 1077 3639 tomen.
1101 3592 1133 3643 V.
1148 3590 1192 3640 lo-

173 3678 228 3711 nors
251 3660 320 3729 quod
338 3658 492 3729 fugiendus
519 3659 569 3720 sit)
601 3657 643 3708 Sic
676 3673 733 3706 cum
751 3655 783 3704 de
800 3658 907 3706 Oratore
922 3656 974 3707 ium
991 3657 1102 3707 allatum.
1128 3650 1193 3709 'alia

121 3729 207 3780 edidit
232 3727 342 3778 Wolfius
374 3744 431 3777 curn
457 3725 521 3777 cod.
549 3726 642 3788 Ursini,
675 3723 749 3773 huius
757 3723 856 3788 generis
865 3723 981 3789 exempla
996 3725 1193 3791 collegitMuel-

121 3798 201 3864 vulgo
218 3795 312 3860 legitur
326 3812 378 3843 non
394 3811 458 3863 quo,
481 3793 551 3861 quod
567 3793 642 3843 Orel—
676 3792 721 3842 ler.
739 3791 772 3841 ad
787 3789 813 3840 h.
828 3791 846 3841 l.
864 3809 889 3858 p.
906 3795 964 3849 231.

121 3866 171 3916 lius
194 3863 312 3914 restituit.
349 3865 486 3927 Utrumque
508 3860 641 3928 probatis-

121 3932 180 3983 simi
193 3931 331 3997 scriptores
344 3929 462 3979 dix'erunt
476 3939 502 3979 et
517 3946 569 3977 non
582 3946 640 3996 quo,
725 3945 755 3977 se
766 3926 892 3978 collocari
905 3927 1004 3995 volunt)
1022 3930 1054 3979 V.
1062 3928 1193 3980 Adnotatu

121 4011 149 4050 et
166 4017 220 4049 non
234 3998 303 4066 quod
318 4015 375 4046 cum
395 4005 516 4064 sequente
534 3997 641 4054 subiun-
673 3994 701 4045 in
716 4013 738 4044 c.
752 3995 802 4055 24,
819 4001 860 4053 58.
886 3995 929 4046 Sic
943 3996 999 4046 Cat.
1013 3997 1075 4047 Mai.
1091 4003 1135 4057 20,
1149 4002 1175 4054 7.

123 4067 209 4121 ctivo;
236 4083 324 4115 caussa
340 4065 416 4129 igitur
432 4064 502 4113 nulla
519 4072 571 4122 est,
597 4081 642 4112 cnr
686 4100 689 4105 «
724 4062 870 4128 theutrum)
902 4063 934 4113 de
950 4063 1135 4131 spectatoribus
1150 4063 1193 4113 in-

123 4135 254 4200 vulgatam
276 4132 412 4182 lectionem
431 4148 483 4179 non
500 4149 549 4200 quo
565 4131 641 4180 dese·
674 4129 846 4196 telligendum.
891 4132 923 4182 V.
952 4132 1082 4184 Adnotata
1113 4130 1142 4179 in
1170 4132 1189 4180 1.

124 4220 218 4254 murus.
252 4198 376 4267 Apposite
392 4197 511 4249 Ochsuer.
531 4197 641 4266 ad-par-
674 4199 801 4260 44,106.
