2640 4626
531 217 719 271 erasnm.
737 218 779 276 as
922 220 925 227 ·
1129 203 1194 277 tte
1243 154 1252 199 ς

118 364 254 427 eorum,
280 337 339 436 qui
363 335 529 436 sapienter
551 332 713 422 tulerunt,
738 360 807 408 non
826 362 893 434 quo
909 334 1050 434 quisque
1066 335 1195 409 ineom·
1272 412 1277 419 ,

118 440 222 514 modo
251 439 389 535 affectus
416 438 478 526 sit,
513 437 774 537 praedicandum
798 453 856 512 est
907 437 1120 555 Chrysippi⁶
1149 438 1222 525 ad,

117 543 289 617 veritatem
298 541 488 614 firmissima
498 556 563 628 est;
588 539 633 613 ad
644 556 776 639 tempus
792 539 1019 638 aegritudinis,
1038 539 1192 614 difficilis.
1238 618 1243 637 ,

118 673 276 742 magnum
304 671 389 745 opus
412 659 478 730 est,
503 642 648 743 probare
660 642 843 730 -maere'nti,
867 640 960 714 illum
976 669 1037 715 suo
1056 643 1193 732 indicio,

120 763 152 821 et
175 747 269 846 quod
289 774 325 820 se
348 746 393 818 ita
412 761 505 845 putet
528 762 682 844 oportere
705 744 830 832 faeere,
853 772 1010 817 maerere.
1033 744 1193 819 nimirum

121 849 243 948 igitur,
266 865 304 921 ut
336 849 373 920 in
398 846 524 921 caussis
550 876 619 920 non
643 875 774 947 semper
794 848 918 919 utimur
943 847 1059 920 eodem
1088 864 1192 937 statu3

120 951 187 1048 (sic
213 951 301 1024 enim
327 949 531 1050 appellamus
555 950 850 1023 controversiarum
884 977 1004 1047 genera
1014 954 1039 1047 3)
1065 950 1125 1022 sed
1149 951 1193 1024 ad

119 1071 271 1153 tempus,
296 1053 338 1129 ad
347 1052 598 1127 'controversiae
612 1069 781 1139 naturam,
807 1051 850 1125 ad
865 1080 1044 1153 personam
1064 1081 1193 1125 accom-

122 1158 316 1230 modamus:
342 1156 391 1228 sie
416 1155 451 1227 in
478 1154 683 1253 aegritudine
705 1154 875 1242 lenienda,
901 1165 1029 1253 quam⁷
1051 1154 1193 1255 quisque

120 1259 330 1354 curationem
344 1258 492 1357 recipere
508 1258 633 1358 possit,
658 1256 838 1331 videndum
857 1273 913 1329 est.

222 1383 281 1457 80.
298 1376 385 1449 ,sed
408 1376 612 1476 nescioquo
641 1392 741 1476 paeto
769 1375 811 1448 ab
835 1403 892 1463 eo,
918 1375 1102 1475 quoderat
1121 1405 1138 1448 a
1160 1393 1200 1450 te'

119 1479 351 1581 propositum,
377 1479 540 1552 aberravit
562 1479 676 1552 oratio.
700 1495 736 1550 tu
757 1477 845 1551 enim
868 1478 910 1551 de
928 1477 1077 1577 sapiente
1094 1506 1195 1577 quae·

120 1583 245 1656 sieras:
273 1582 327 1655 eui
351 1597 407 1654 aut
431 1580 554 1654 malum
584 1580 689 1654 videri
703 1578 829 1653 nullum
844 1597 970 1681 potest,
995 1581 1088 1679 quod
1102 1597 1195 1654 vacet

118 1684 349 1785 turpitudine3
382 1699 438 1756 aut
455 1683 501 1755 ita
522 1710 661 1782 parvum
682 1682 821 1770 malum,
846 1699 884 1754 nt
903 1683 940 1757 id
961 1683 1193 1773 obruatursa-

119 1786 268 1887 pientia,
293 1786 412 1885 vixque
444 1802 617 1885 appareat:
644 1785 701 1886 qui
734 1784 820 1858 nihil
854 1784 1014 1886 opinione
1047 1785 1193 1885 affingat,

121 1889 340 1988 adsumatque
367 1889 411 1961 ad
435 1888 693 1986 aegritudinem
718 1916 780 1961 nec
805 1887 842 1959 id
861 1904 956 1987 putet
969 1906 1040 1961 esse
1056 1905 1193 1977 rectum,

122 2020 159 2067 se
183 2019 283 2091 quam
304 1991 446 2064 maxime
471 1991 672 2083 excruciari,
697 1990 851 2089 luctuqtm
870 1989 1006 2063 confici:
1032 2018 1098 2088 quo
1117 2019 1194 2090 pra·

120 2094 196 2168 vius
224 2092 309 2166 nihil
332 2121 404 2166 esse
420 2093 535 2193 possit.
561 2091 695 2165 edo'cuit
709 2108 819 2164 tamen
837 2092 942 2179 ratio,
967 2107 1004 2162 ut
1017 2091 1102 2164 mthi
1121 2093 1194 2191 qui-

121 2190 205 2270 dem'
224 2196 371 2285 videtur,
396 2224 498 2295 quum
523 2195 589 2268 hoe
611 2193 880 2295 ipsumproprie
902 2223 971 2267 non
984 2212 1195 2293 quaereretur

122 2299 190 2372 hoe
208 2314 376 2399 tempore,
399 2326 481 2370 num
510 2297 602 2397 quod
628 2313 714 2370 esset
734 2296 874 2385 malum,
898 2296 964 2369 nisi
990 2297 1081 2396 quod
1104 2297 1194 2371 idem

123 2401 194 2475 diei
219 2417 317 2502 turpe
340 2417 472 2501 posset;
489 2416 607 2473 tamen
631 2416 670 2471 nt
696 2398 901 2486 videremus,
927 2398 1091 2498 quidquid
1109 2415 1195 2473 esset

123 2504 161 2576 in
180 2502 385 2601 aegritudine
400 2502 494 2591 mali,
520 2501 557 2574 id
571 2530 641 2574 non
654 2498 801 2574 naturale
820 2528 910 2589 esse,
935 2501 995 2574 sed
1008 2499 1194 2575 voluntario

122 2606 252 2680 iudicio
277 2622 310 2680 et
334 2604 504 2705 opinionis
530 2631 641 2677 errore
660 2618 872 2677 contractum.
921 2609 979 2682 81.
1005 2605 1193 2678 Tractatum

124 2726 175 2784 est
198 2725 307 2782 autem
325 2737 344 2780 a
359 2707 460 2780 nobis
474 2706 512 2779 id
527 2735 631 2805 genus
647 2705 880 2806 aegritudinis,
905 2703 997 2805 quod
1028 2735 1130 2778 unum
1146 2723 1195 2779 est

161 2950 209 3026 'fi
225 2945 293 3014 nliq.
311 2955 339 2996 et
360 2916 440 2996 codd.
460 2956 487 2995 et
508 2943 572 2995 Edd.
589 2954 654 2995 vett.
682 2944 829 3026 Chrysippi
840 2938 1003 3005 auctoritas,
1029 2961 1059 2994 ex
1073 2943 1193 3011 interpol.
1219 2910 1220 2915 l

124 3017 201 3073 7810
223 3013 309 3081 plures
325 3013 406 3064 Godd.
426 3011 509 3064 Gebh.
526 3011 593 3062 Lali.
609 3014 670 3064 Ern-
683 3041 716 3052 -
733 3013 785 3063 Alu
809 3012 907 3076 codd,
922 3020 954 3061 ut
968 3013 1000 3062 tt.
1018 3022 1045 3062 et
1059 3011 1196 3080 pleraeque

123 3082 190 3134 Edd.
207 3091 273 3133 vett.
290 3081 434 3138 leniendas
450 3097 609 3149 numquam.

176 3204 237 3277 Cari
244 3214 373 3266 XXXIII.
385 3220 429 3274 79.
446 3215 572 3264 nindrum
586 3214 645 3285 igi·
678 3231 774 3265 necne:
792 3231 842 3282 qua
856 3213 1004 3282 quaestione
1020 3214 1117 3276 soluta,
1136 3213 1196 3263 uni-

125 3285 181 3352 tur)
199 3285 265 3334 H.e.
282 3300 347 3351 quae
362 3301 439 3350 quum
452 3282 491 3333 ita
506 3282 570 3344 sint,
588 3282 646 3332 noli
678 3299 775 3332 versam
805 3281 989 3348 aegritudinem
1024 3279 1196 3350 disputatione

125 3352 240 3413 ntirari,
273 3349 302 3401 in
331 3350 489 3416 aegritudine
518 3349 644 3411 lenienda,
679 3350 840 3417 complexus,
858 3349 891 3398 de
906 3349 1078 3410 emanatura,
1102 3348 1196 3398 caussis
1248 3358 1250 3362 '

125 3437 204 3488 quam
225 3417 330 3486 quisque
356 3418 512 3469 curationem
532 3417 645 3483 recipere
679 3428 706 3467 et
722 3417 851 3468 curatione
869 3415 993 3482 exposuit.

124 3487 225 3567 possit,
249 3485 466 3536 videndumesse.
500 3486 532 3536 V.
549 3485 644 3536 Adnot.
707 3484 880 3535 -edocuit-
897 3483 1068 3549 contractum)
1086 3485 1197 3531 Senten-

125 3557 258 3616 m1.22,
275 3558 318 3612 52.
500 3577 504 3583 ·
678 3552 795 3605 tiaesic
821 3550 972 3602 cohaerent:
1006 3549 1126 3611 Quamvis
1148 3547 1198 3599 hac

177 3621 270 3672 eedem
285 3622 368 3686 statu)
387 3624 458 3683 Quae
474 3621 564 3671 Cicero
581 3620 648 3688 (To-2
679 3618 851 3687 disputatione
884 3617 917 3667 de
949 3616 1064 3684 sapiente
1095 3626 1196 3667 tantum

125 3690 179 3758 pic.
203 3707 225 3739 c.
244 3691 295 3755 25.)
313 3689 346 3740 ad
364 3689 558 3757 explicationem
573 3686 647 3738 huius
680 3686 819 3765 quaesitum
837 3694 919 3747 esset,
945 3693 1030 3736 tamen
1051 3684 1113 3750 (etsi
1132 3701 1197 3752 pro·
1288 3746 1291 3753 ὁ

124 3756 200 3808 vocis
222 3756 311 3820 aliert,
337 3774 368 3808 eo
395 3758 449 3806 fere
471 3755 592 3818 redeunt,
618 3764 648 3804 nt
680 3763 741 3822 pne'
758 3771 812 3804 non
834 3753 1017 3820 quaerebatur,
1043 3769 1103 3804 num
1128 3751 1198 3820 quod

125 3826 174 3877 sub
188 3836 263 3875 statu
272 3823 509 3891 comprehendatur,
527 3821 649 3891 quicquid
681 3831 748 3872 esset
766 3821 873 3884 malum,
896 3820 946 3873 nisi
965 3820 1035 3888 quod
1056 3819 1124 3871 idem
1145 3819 1198 3871 dici

125 3892 183 3960 quis
200 3893 234 3943 ad
247 3891 392 3944 diluendam
407 3892 594 3943 accusationem
606 3890 648 3941 vel
680 3901 755 3969 turpe
768 3890 880 3957 possem)
896 3887 962 3940 ratio
977 3906 1024 3939 nos
1036 3889 1074 3938 ita
1087 3887 1197 3949 edocuit,

125 3960 315 4029 infringendam
353 3959 506 4010 sententiam
542 3958 648 4010 alicuius
681 3967 710 4008 nt
725 3958 937 4024 mtelligeremus,
972 3955 1074 4024 uicquid
1090 3965 1156 4006 esset
1171 3954 1220 4007 in.

126 4028 215 4079 dicere
230 4027 320 4095 possit.
346 4028 445 4080 Naida.
682 4024 840 4092 aegritudine
863 4025 938 4087 mali,
954 3974 993 4075 lid
1014 4053 1048 4064 -
1074 4021 1199 4091 opinionis

179 4101 222 4154 80.
242 4095 295 4145 Sed
310 4098 465 4164 nescioquo
476 4096 564 4166 pacto)
581 4095 649 4146 Pro-
683 4109 769 4144 errore
779 4111 836 4155 ¹esse
849 4101 1015 4143 contraotum.
1040 4093 1137 4142 Tamen
1146 4089 1214 4146 iter

127 4163 216 4232 posita
236 4172 292 4214 erat
313 4163 378 4215 haec
401 4163 540 4231 quaestio:'
556 4164 651 4213 Utrum
682 4169 767 4211 ratum
788 4171 827 4211 est
848 4161 881 4212 ob
898 4161 974 4212 verba
991 4157 1200 4227 neocaesareae

128 4231 240 4282 caderet
268 4231 299 4281 in
328 4232 476 4301 sapientem
501 4230 650 4301 aegritudo,
683 4227 851 4283 interiecta..
915 4268 920 4274 .
1099 4230 1101 4235 ’
