2640 4626
113 191 177 262 370
359 155 642 242 ruscuuananuu
660 187 943 238 nraeuranonuu

116 331 173 391 aut
191 319 232 402 ⁹,
256 311 291 385 ni
321 310 366 381 ita
392 336 427 383 se
454 335 508 381 res
534 305 688 395 haberet,
714 306 942 403 Anaxagoras,
968 322 1024 377 aut
1043 304 1100 379 hic
1119 306 1194 406 ipse

34 472 36 476 -
116 416 471 509 Democritus,.agros
495 425 526 483 et
546 407 747 508 patrimonia
775 436 834 480 sua
859 407 1086 510 reliquissent3
1114 408 1195 482 huic

118 517 270 595 discendi
289 513 534 616 quaerendique
558 511 688 584 divinae
715 510 924 583 delectationi
942 528 1011 582 toto
1028 539 1063 584 se
1080 512 1195 584 animo

119 622 326 698 dedidissent
349 619 393 690 ³?
432 616 546 715 ltaque
567 641 724 711 augurem
739 614 913 701 Tiresiam,
940 641 1036 712 quem
1061 615 1197 714 sapien-

8 725 15 740 ’
119 743 183 800 tem
198 724 327 822 fingunt
343 734 471 820 poetae,
495 745 675 815 numquam
692 716 854 789 inducunt
874 715 1104 815 deplorantem
1123 746 1197 790 cae-

119 829 250 902 citatem
273 852 374 898 suam.
427 837 460 894 at
475 847 552 893 vero
568 818 813 923 Polyphemum
827 820 991 891 Homerus
1013 847 1114 918 quum
1134 821 1197 892 im·

120 958 250 1005 manem
265 927 437 1024 serumque
452 922 611 1009 finxisset,
626 951 701 994 cum
718 921 818 995 ariete
838 921 933 995 etiam
953 920 1195 1020 colloquentem

120 1033 209 1118 lacit,
236 1029 372 1129 eiusque
392 1026 526 1099 laudare
542 1024 703 1112 fortunas,
729 1024 831 1123 qnod,
856 1052 921 1123 qua
933 1023 1036 1111 vellet,
1064 1025 1197 1122 ingredi

89 1171 91 1177 >
121 1149 251 1238 posset,
278 1148 326 1219 et,
353 1157 437 1230 quae
457 1127 561 1214 vellet,
587 1127 745 1225 attingere
766 1132 795 1199 ⁴.
846 1127 947 1200 Recte
970 1127 1025 1198 hic
1050 1128 1196 1225 quidem.

121 1235 227 1319 nihilo
251 1234 338 1308 enim
363 1248 432 1306 erat
456 1233 528 1331 ipse
548 1228 703 1334 Cyclops,
729 1257 826 1328 quarn
850 1229 935 1302 aries
958 1228 1022 1317 ille,
1048 1230 1197 1330 pruden-

120 1357 194 1413 ¹¹⁰r·
223 1440 292 1512 XL.
346 1443 427 1517 116.
469 1435 508 1507 lu
538 1432 697 1507 surditate
721 1460 800 1506 vero
832 1433 990 1532 quidnam
1016 1450 1067 1506 est
1094 1433 1217 1507 malil'

123 1544 202 1616 Erat
225 1540 393 1614 surdaster
415 1538 461 1611 Μ.
485 1537 641 1612 Crassus:
675 1537 734 1609 sed
763 1534 853 1607 aliud
880 1535 1071 1622 molestius,
1104 1537 1196 1637 quod

123 1645 207 1719 male
224 1643 394 1729 audiebat;
421 1639 561 1726 etiamsi,
586 1655 623 1711 ut
638 1639 720 1711 mihi
736 1637 920 1726 videbatur,
945 1638 1076 1711 iniuria.
1130 1641 1196 1713 No-

124 1748 182 1821 stri
202 1754 218 1800 ⁵
253 1746 379 1818 Graece
394 1742 461 1816 lere
476 1742 644 1829 nesciunt,
669 1769 730 1814 nec
746 1740 866 1814 Graeci
882 1741 1006 1814 Latine.
1059 1769 1141 1840 ergo
1162 1742 1194 1814 hi

124 1851 159 1923 in
183 1848 334 1935 illorum,
371 1861 402 1919 et
425 1842 472 1917 illi
486 1844 533 1916 ¹in
556 1844 675 1916 horum
696 1871 849 1917 sermone
875 1843 988 1917 surdi:
1014 1872 1193 1943 omnesque

125 1951 201 2070 [id]
221 1955 239 1999 ⁶
260 1977 322 2022 nos
340 1949 374 2020 in
389 1948 431 2021 iis
446 1946 578 2044 linguis,
593 1973 675 2045 quas
692 1972 759 2018 non
777 1945 1001 2044 intelligimus,
1015 1974 1102 2046 qnae
1122 1962 1194 2020 sunt

125 2050 398 2138 mnumerabiles,
424 2049 515 2122 surdi
532 2048 681 2149 prolecto
707 2076 830 2121 snmus.
857 2094 903 2105 —
950 2048 996 2121 At
1016 2078 1135 2122 vocem
1152 2050 1193 2121 ci-

124 2155 276 2228 tharoedi
300 2183 367 2226 non
397 2152 541 2225 audiunt.
564 2196 611 2208 —
644 2153 694 2224 Nc
716 2151 890 2224 stridorem
912 2151 1048 2250 quidem
1076 2180 1194 2238 serrae,

125 2274 193 2331 tum
204 2284 305 2356 quum
320 2254 465 2344 acuitur3
482 2271 537 2328 aut
550 2253 751 2352 grunnitum,
768 2281 867 2352 quum
880 2253 1054 2352 iugulatur,
1072 2256 1146 2328 suis
1158 2264 1194 2343 ⁷3

124 2387 196 2448 nec,
221 2387 323 2458 quum
348 2357 515 2457 quiescere
531 2356 663 2444 volunt,
687 2355 853 2429 fremitum
872 2357 1111 2430 murmurantis
1130 2387 1194 2432 ma-

126 2462 180 2535 ris.
231 2461 324 2534 Etsi
350 2477 463 2533 cantus
490 2487 545 2533 eos
571 2459 656 2533 forte
680 2458 860 2549 delectant3
886 2459 1031 2559 primum
1051 2461 1194 2558 cogitare

175 2619 193 2671 2
210 2615 269 2663 Em.
278 2630 300 2662 c.
308 2612 346 2663 El.
364 2629 413 2664 tec.
430 2613 533 2662 CD.an.
567 2615 585 2669 3
601 2609 643 2661 sic
658 2611 737 2662 CVM.
747 2612 837 2661 Da.-
851 2612 909 2662 Em.
927 2629 948 2662 c.
964 2611 1032 2678 vulg.
1047 2612 1194 2663 dedissent.

127 2683 145 2740 4
162 2680 213 2730 atii
227 2680 306 2745 Codd.
322 2692 348 2730 et
362 2679 456 2730 multae
470 2680 534 2730 Edd.
554 2688 617 2730 vett.
634 2680 787 2749 attingeret.
822 2686 839 2737 6
856 2680 901 2729 W.
916 2679 947 2730 de
963 2676 1088 2749 Dasuap.
1103 2680 1197 2731 delevit

127 2749 217 2799 vocab.
231 2749 365 2816 Epicurei,
381 2746 448 2816 quod
464 2748 572 2798 habetur
586 2746 614 2796 in
627 2745 717 2807 codd,
734 2747 808 2814 prob.
823 2745 927 2806 Orellio‚
963 2746 987 2795 ni
1004 2758 1091 2797 tamen
1109 2751 1195 2798 c.Ern.

127 2815 193 2865 illud
208 2816 277 2866 uncia
293 2815 416 2866 inclusum
437 2813 550 2865 retinuit.
601 2817 618 2872 6
635 2814 666 2864 id
687 2814 759 2865 abeat
776 2832 790 2863 a
813 2812 889 2864 duob.
907 2764 988 2864 Codd.
1006 2813 1122 2864 Davisii:
1137 2814 1196 2866 hinc

129 2884 173 2932 W.
189 2882 259 2933 uncis
276 2881 389 2933 inclusit.
406 2912 439 2923 -
455 2883 525 2933 Mau.
542 2880 609 2932 coni.
623 2882 697 2935 item.
740 2886 757 2939 7
773 2878 815 2932 sic
833 2880 940 2932 Nouius.
955 2882 985 2933 R.
1003 2881 1101 2950 aliique
1118 2881 1197 2934 Codd.

93 2992 97 2999 .
128 2952 182 3003 VD.
199 2949 264 3001 Lall.
277 2980 310 2990 -
325 2953 384 3001 Ero.
408 2967 430 3000 o.
455 2947 523 3016 vulg.
539 2949 677 3019 iugulatur
699 2965 753 2999 eut.

180 3052 235 3106 115.
252 3048 460 3120 Polyphantam)
484 3048 556 3099 Collo
576 3049 644 3100 uium
728 3061 756 3099 ut
782 3048 849 3099 mihi
867 3047 1029 3114 videbatur)
1055 3050 1116 3100 Scit
1136 3061 1197 3109 tum,

127 3115 194 3166 inter
208 3116 389 3194 Polyphemum
406 3126 433 3167 et
448 3067 645 3167 anetemhabi-
677 3134 753 3185 quum
771 3117 873 3167 Oramus
889 3117 971 3167 adhuc
985 3116 1097 3168 vivebat.
1132 3118 1198 3168 Hinc

128 3192 182 3232 tum
200 3183 291 3233 festive
304 3194 331 3234 et
346 3183 431 3252 lepide
444 3193 531 3233 namot
546 3185 645 3234 Home·
676 3184 853 3253 imperfectum
866 3184 976 3253 positum
990 3194 1037 3234 eet.

127 3267 169 3300 rue
187 3250 275 3317 Odyss.
292 3269 311 3313 ι,
327 3253 386 3310 447.
405 3260 431 3301 at
446 3249 480 3300 ibi
496 3268 547 3300 non
561 3267 591 3300 ea
604 3251 646 3301 le·
1084 3309 1090 3318 ,

128 3327 236 3384 guntur,
263 3336 327 3386 quae
342 3317 385 3369 hic
405 3328 585 3369 commemorat
600 3318 646 3377 ci·
729 3319 824 3371 Nostri
836 3320 938 3370 Graece
953 3349 986 3360 -
1001 3321 1135 3381 nesciunt,
1153 3337 1199 3369 nec

128 3402 195 3435 cero.
210 3384 320 3436 Proinde
330 3396 373 3436 aut
399 3383 646 3453 νημονικὸνᾶμᾶρ-
679 3387 777 3437 Graeci
785 3388 895 3454 Latine)
912 3387 989 3437 Plane
1005 3396 1035 3439 ut
1050 3387 1199 3439 Academia.

128 3469 202 3519 τημα
218 3452 319 3504 admisit
334 3404 440 3515 Tullius,
458 3464 502 3504 aut
519 3452 647 3504 homerica
679 3456 710 3505 11.
727 3456 776 3518 47,
804 3456 859 3513 145.
894 3458 933 3505 Ita
953 3464 981 3504 tu
995 3471 1079 3517 nunc,
1102 3455 1198 3513 Catule,

128 3518 246 3570 confudit
260 3539 316 3572 cum
332 3521 371 3582 iia,
389 3538 452 3589 quae
468 3521 576 3571 sortasse
591 3531 647 3571 tra·
679 3521 763 3572 lucere
780 3523 866 3572 nescia
874 3540 884 3579 ,·
899 3540 947 3572 nec
962 3531 1000 3584 tu,
1016 3523 1156 3586 Hortensi,
1174 3522 1198 3572 iu

128 3587 200 3705 gicqq
216 3587 319 3655 quidam
338 3598 415 3657 poeta
432 3586 587 3656 Polyphemo
606 3588 648 3639 af·
679 3598 723 3641 tua
741 3588 807 3669 'villa
830 3605 967 3706 qosHessp:
993 3606 1039 3657 pro
1062 3600 1090 3639 et
1112 3600 1197 3717 tuffisac.

138 3671 209 3704 roxa.
678 3673 776 3707 neaera:
814 3674 856 3707 ιιι
905 3673 1058 3707 neaemanu.
1103 3692 1110 3707 .
1192 3675 1198 3706 z

180 3723 238 3771 Car.
256 3722 314 3772 XL.
342 3725 398 3781 116.
425 3722 494 3773 male
509 3721 647 3789 audiebat)
679 3725 724 3775 Est
732 3724 782 3774 hoo
794 3725 884 3791 σχῆμα
896 3724 967 3789 nobe
981 3723 1013 3777 τὸ
1027 3676 1199 3793 σημίινόμι-

128 3789 220 3850 κακῶς
227 3787 339 3857 ἤκουεν,
357 3789 423 3840 mala
433 3790 550 3840 utebatur
565 3790 646 3841 fama:
679 3809 746 3856 voe,
765 3809 815 3859 quo
830 3793 967 3842 membrum
982 3791 1111 3860 posterius
1127 3793 1199 3860 prio·

129 3855 170 3905 cui
185 3857 340 3908 contrarium
361 3867 400 3907 est
412 3859 502 3918 antae
523 3855 646 3918 duodece,
678 3859 701 3910 ri
728 3859 840 3911 membro
871 3859 904 3910 ad
929 3859 1083 3911 sententiam
1104 3860 1198 3928 potius,

128 3923 194 3973 bene
210 3922 306 3974 audire.
340 3925 425 3992 Eurip.
447 3925 503 3976 ate.
527 3927 585 3983 742.
606 3925 646 3976 ed.
697 3942 755 3977 nam
776 3926 809 3976 ad
824 3926 899 3976 verba
924 3925 1055 3992 congruit:
1081 3926 1152 3979 leud.
1168 3927 1200 3976 de

129 3991 269 4041 Wucatem.
284 3993 376 4051 κακῶς
391 3996 505 4044 enotata
522 3991 556 4044 o‘d
572 3993 647 4059 pilae
700 4010 735 4046 m.
752 3995 772 4057 1,
788 3997 811 4052 9,
830 3995 860 4055 Π,
875 3999 901 4052 8.
915 3996 960 4056 tv,
976 3998 1001 4051 9„
1020 3995 1053 4044 N.
1071 3995 1103 4044 D.
1121 3998 1141 4053 Ι,
1158 4001 1197 4052 25.

127 4059 249 4111 θανόντι
262 4077 320 4127 μοι.
348 4061 442 4110 Facete
456 4069 540 4109 autem
558 4060 647 4112 Cicero
680 4061 712 4111 de.
728 4061 808 4128 Legg.
826 4063 865 4122 ll,
889 4066 913 4119 6.
948 4062 1018 4111 Cort.
1040 4062 1074 4112 ad
1099 4062 1198 4112 Sallust

128 4123 194 4176 hanc
210 4126 384 4244 loquutiouem
401 4126 516 4177 adhibuit
530 4128 562 4178 ad
580 4145 645 4192 eum,
679 4128 732 4195 lug.
744 4133 783 4187 11.
800 4133 824 4188 7.
846 4129 918 4179 Adde
929 4130 1056 4180 Goerenz.
1074 4129 1106 4181 ad
1123 4128 1198 4179 Acad.

17 4229 19 4238 .
129 4193 171 4259 qni
187 4194 241 4245 auri
261 4212 289 4244 us
306 4194 373 4246 male
390 4194 522 4246 audiverit.
677 4196 694 4246 l.
721 4197 746 4248 d.
