2640 4626
477 225 713 285 ninnnntt.
1070 213 1130 284 185

56 341 238 417 duodecim
252 341 384 416 tabulae
392 341 427 415 in
437 341 609 416 funeribus
618 343 770 417 adhiberi
784 359 962 419 vetuerunt.
987 342 1045 426 56.
1059 347 1129 422 Nee

56 473 302 544 veroumqnam
316 474 357 519 ne
376 444 562 543 ingemiscit
576 447 709 544 quidem
724 446 774 519 vir
787 445 884 519 sortis
899 475 937 520 ac
950 449 1084 547 sapiens
1098 459 1130 540 ⁷,
1192 512 1197 529 „

53 548 124 621 nisi
144 547 231 621 forte
253 563 291 619 ut
312 575 347 620 se
359 542 516 620 'intendat
540 549 583 620 ad
601 547 802 622 firmitatem:
827 549 915 644 utin
930 551 1039 624 stadio
1055 578 1131 627 cur:
1218 558 1223 571 '

55 677 152 723 sores
180 648 377 738 exclamant,
411 677 510 748 quam
536 649 676 724 maxime
729 668 853 724 essunt.
877 652 1004 725 iaciunt
1029 653 1130 744 idern,

54 781 162 853 quum
206 769 414 839 exercentur,
439 751 597 826 athletae:
622 680 752 853 pugiles
773 781 869 841 vcro,
895 755 994 827 etiam
1026 768 1146 856 qu'urd.

53 853 183 929 feriunt
208 854 450 942 adversarium,
475 855 511 926 in
532 854 694 928 iactandis
720 856 863 929 cestibus
891 856 1130 957 ingemiscunt-t

54 985 128 1030 non
151 957 244 1057 quod
265 956 414 1044 doleant,
440 956 590 1030 animove
612 958 845 1047 succumbant,
871 959 1035 1058 sed-quia
1073 974 1131 1034 r'os

54 1058 240 1151 fundenda.
259 1087 339 1133 voce
361 1086 459 1132 omne
486 1087 607 1159 corpus
632 1060 830 1148 intenditur,
852 1061 1006 1161 venitque
1030 989 1073 1164 pl
1123 1074 1136 1093 '¹

1067 1090 1140 1163 28⁸,

56 1160 291 1235 vehementior.
340 1163 464 1234 XXIV.
490 1161 607 1256 Quid?
633 1162 810 1261 quivulunt
821 1162 1001 1239 exclamare
1011 1164 1144 1259 maium·

56 1291 140 1337 num
173 1264 254 1337 satis
277 1263 401 1337 babent
426 1263 544 1352 latera,
575 1262 698 1352 sauci's,
730 1264 876 1362 linguam
898 1264 1087 1357 intendere,
1111 1274 1142 1344 ἔ

57 1365 184 1466 quibus
211 1364 314 1439 εἰὶοἱ8
344 1393 478 1453 vocem,
510 1382 542 1440 et
567 1365 663 1439 fundi
686 1365 859 1440 videmus?
890 1383 961 1441 toto
988 1386 1140 1470 corpore·

35 1456 160 1568 'atque
181 1468 337 1542 omnibus
362 1466 547 1567 unguite,
578 1485 615 1542 ut
639 1469 781 1560 dicitur,
807 1471 1011 1545 contentioni
1036 1472 1129 1546 vocis

127 1637 193 1697 71).
211 1655 226 1688 e
244 1638 308 1689 coni.
324 1639 442 1709 patiens.
459 1639 572 1691 Frustra.
607 1640 671 1699 BV.
690 1638 756 1692 Adn.
791 1641 857 1699 9V.
877 1640 943 1693 Adn.

109 1743 153 1797 55.
172 1737 308 1789 duodecim
324 1738 438 1807 tabulae)
455 1741 512 1807 Ipsa
527 1739 578 1788 ba·
612 1740 675 1810 quia
688 1769 721 1780 —-
736 1740 900 1809 intenditur)
926 1743 958 1794 V.
975 1742 1129 1796 llamshorn.

21 1871 25 1876 p
60 1824 116 1858 rum
130 1806 275 1857 tabularum
286 1807 363 1857 verba
378 1808 498 1873 leguntur
510 1806 577 1875 apud
611 1811 672 1859 Lat.
682 1811 798 1860 Gramm.
814 1813 835 1879 §
845 1814 903 1869 186.
917 1828 943 1877 p.
952 1807 1010 1870 560.
1027 1814 1129 1880 Zumpt.

52 1875 210 1925 'Ciceronem
238 1873 270 1925 de
294 1872 375 1941 Legg.
400 1877 431 1925 11.
459 1880 509 1939 25,
535 1880 576 1933 59.
612 1878 634 1945 §.
649 1882 690 1935 78.
705 1896 731 1946 p.
747 1878 807 1935 418.
823 1886 888 1944 etp.
903 1883 962 1936 399.
986 1879 1060 1930 Adde
1073 1879 1129 1931 Ad·

61 1942 194 1992 Mulieres
208 1959 294 2012 genas
310 1946 345 1992 ne*
358 1941 499 2005 rodente,
513 1960 578 1993 neve
612 1953 705 1995 notata
722 1955 808 1994 nostra
822 1943 850 1992 in
865 1962 886 1994 c.
900 1950 948 2008 26,
966 1949 1007 2004 64.

61 2008 278 2079 lessumsuneris
292 2027 356 2080 ergo
367 2010 487 2060 habento.
503 2009 578 2070 Quod
662 2013 722 2061 Cer.
736 2013 836 2062 XXIV.
855 2012 919 2062 eiici
932 2014 1028 2080 evocem)
1053 2015 1128 2066 Hanc

62 2088 148 2129 autem
175 2078 208 2127 ad
240 2094 329 2127 vocem
357 2079 442 2146 fletus
476 2077 578 2139 attinet,
610 2078 748 2130 lectionem
761 2078 897 2130 Lambinus
915 2097 929 2129 e
944 2080 1041 2131 duobus
1055 2083 1128 2132 MSS.

63 2145 116 2205 eius
131 2144 191 2196 loce
203 2144 317 2195 Davisius
338 2155 439 2213 etpost
457 2162 513 2195 eum
529 2147 579 2195 Er·
611 2145 724 2214 reposuit
746 2163 794 2213 pro
818 2146 921 2212 vulgata
944 2148 1021 2198 elici:
1054 2165 1130 2217 quam

61 2212 160 2263 nestius
186 2213 320 2262 ediderunt
344 2213 444 2273 lessies,
479 2212 579 2280 sequuti
612 2213 708 2264 munire
730 2216 839 2264 conatur¹
852 2215 968 2265 Davisius
984 2216 1129 2283 plumbuse

61 2279 241 2332 auctoritatem
254 2278 362 2341 Mureti,
381 2281 424 2348 qui
438 2281 471 2330 V.
485 2281 516 2331 L.
529 2281 577 2329 tx.
611 2280 738 2332 veteribus
752 2281 917 2348 scriptoribus
928 2284 1043 2334 adductis
1055 2283 1128 2347 locis,

63 2367 84 2399 c.
100 2351 143 2406 19.
162 2347 190 2397 iu
204 2347 313 2415 antiquis
328 2347 458 2398 codicibus
471 2347 523 2413 legi
535 2356 579 2396 te·
612 2348 639 2398 in
657 2349 745 2415 quibus
767 2365 855 2399 vocem
872 2349 912 2409 vel
935 2369 1011 2401 evoces
1034 2352 1130 2401 elicere

62 2426 148 2466 statur
162 2431 252 2466 vocem
266 2417 360 2465 lessus.
393 2414 504 2466 Wolfius
520 2414 579 2463 vul·
611 2416 714 2481 legitur.
764 2416 841 2478 Quasi
864 2433 925 2466 vero
955 2419 1033 2468 huius
1052 2418 1130 2469 locu-

62 2494 151 2550 gatam
174 2478 312 2534 lectionem
333 2482 460 2550 reposuit,
485 2481 580 2532 Mureti
612 2483 690 2534 tionis
702 2481 843 2532 bonitatem
875 2484 912 2532 uis
924 2484 951 2534 in
964 2485 1067 2535 dubium
1079 2502 1129 2536 vo-

63 2549 221 2602 auctoritate
239 2567 291 2601 non
308 2559 446 2628 pennotus.
480 2551 580 2612 Quam·
613 2568 672 2600 care
685 2550 809 2610 voluerit3
827 2502 930 2602 atltaec
943 2552 1049 2615 locutio,
1067 2552 1130 2603 licet

63 2635 140 2687 quam
156 2617 227 2668 haud
245 2634 344 2668 nescius
364 2635 433 2679 sum,
459 2634 475 2666 a
490 2616 580 2685 priscis
613 2619 676 2668 alias
708 2617 894 2683 elegantissima
919 2619 967 2685 sit,
999 2621 1031 2669 ab
1056 2619 1132 2671 huius

60 2689 119 2736 lnte
151 2686 247 2736 retibus
264 2695 291 2735 et
305 2685 383 2735 libros
396 2684 579 2751 manuscriptos
612 2685 665 2736 loci
683 2685 811 2736 sententia
824 2703 897 2753 quam
910 2686 1018 2737 mamma
1033 2687 1130 2738 abbor-

62 2765 89 2804 et
108 2771 124 2802 e
144 2753 193 2802 ‘tos
214 2753 332 2803 codicum
352 2752 453 2803 nomine
474 2751 580 2802 subinde
612 2762 660 2802 ret.
686 2754 832 2820 Requiritur
848 2753 915 2804 enirn
931 2755 1042 2818 verbum,
1058 2754 1130 2822 quod

61 2821 207 2890 appellatos
228 2838 297 2884 esse,
321 2829 407 2870 tamen
422 2818 448 2869 h.
463 2818 481 2869 l.
498 2819 580 2897 pluri-
613 2820 747 2870 maximam
762 2828 812 2887 qua
827 2838 879 2872 vox
895 2822 1025 2872 emittatur
1047 2821 1131 2873 deno-

61 2890 109 2941 bus
124 2889 157 2938 dc
172 2889 264 2938 caussis
279 2905 331 2938 non
345 2888 448 2949 dubito,
465 2904 526 2954 qum
539 2887 581 2937 le·
613 2897 652 2937 tet
670 2889 875 2939 contentionem:
894 2908 957 2958 quae
974 2888 1076 2957 quidem
1092 2889 1131 2943 vis

63 2957 219 3016 ctioleceus
232 2955 305 3005 unice
320 2973 379 3005 vera
392 2954 527 3004 indicanda
538 2955 579 3004 sit.
614 2955 713 3022 egregie
728 2955 875 3022 exprimitur
890 2959 967 3008 verbo
985 2958 1055 3008 eiici.
1132 2991 1136 3003 .

61 3024 180 3084 Etenim,
198 3023 266 3092 quod
280 3023 362 3091 primo
377 3022 437 3073 loco
451 3023 581 3072 adnotan-
663 3023 781 3073 omnibus
804 3025 927 3095 ungulis)
961 3024 1130 3076 Proverbialis

62 3093 125 3143 dum
143 3101 196 3152 est,
221 3091 271 3141 boc
288 3091 371 3158 ipsum
388 3107 481 3140 nomen
497 3089 581 3139 habe·
614 3090 715 3141 dicendi
738 3091 846 3143 formula
862 3111 908 3161 pro
927 3094 1045 3144 omnibus
1059 3092 1130 3144 viri-

62 3159 147 3211 turin
164 3159 223 3208 XII.
238 3158 347 3208 tabulis:
370 3167 423 3207 tum
438 3157 495 3224 lege
511 3156 581 3206 dicta
614 3158 676 3219 bus,
693 3159 775 3208 totius
789 3162 995 3231 corpori-snitu,
1021 3171 1050 3210 ut
1064 3159 1130 3211 adeo

61 3246 117 3280 non
133 3227 237 3295 fletus,
262 3226 307 3276 sed
321 3227 476 3276 lamentatio
490 3225 581 3292 probi-
613 3244 716 3294 ungues,
735 3227 760 3275 h.
769 3243 792 3276 e.
802 3239 928 3278 extremae
940 3226 1072 3294 corperis'
1086 3246 1131 3279 er-

27 3300 29 3307 '
62 3296 119 3346 beri
133 3295 223 3344 debet:
241 3293 366 3362 denique,
383 3293 439 3360 ipsa
453 3293 581 3343 Ciceronis
613 3305 653 3344 tes
669 3294 841 3359 intendantur.
861 3296 1045 3346 Cf.Foreellini
1078 3296 1132 3345 bes.

62 3364 142 3414 verba
166 3360 308 3412 luculenter
331 3361 448 3411 videntur
471 3360 582 3411 demon·
614 3362 700 3413 Latin.
715 3380 734 3412 s.
749 3378 774 3411 v.
800 3364 841 3413 Sic
856 3361 1021 3429 'dictita-nul
1035 3359 1131 3426 ὄννξιε

62 3435 163 3492 str'are,
180 3428 315 3495 legendum
331 3446 385 3478 esse
398 3429 491 3478 lessus.
515 3429 582 3477 Pro·
615 3431 684 3480 cuius
706 3430 835 3498 proverbii
851 3431 924 3495 origo
942 3427 1132 3479 Hemsterhusio

62 3500 131 3549 nime
144 3497 212 3546 eninr
224 3496 353 3547 antecedit
366 3497 495 3546 eiulatus:
512 3492 582 3561 quod
615 3497 649 3547 ad
664 3497 769 3546 Lucian.
792 3497 821 3546 in
838 3497 937 3562 Dialog.
955 3497 1032 3546 Mort.
1050 3497 1131 3547 1211.

62 3566 170 3616 verbum
186 3564 281 3631 optime
298 3563 417 3615 convenit
431 3563 459 3612 in
475 3564 581 3622 lessam,
614 3584 640 3632 p.
649 3564 708 3622 465.
725 3563 778 3630 Bip.
793 3565 932 3615 manavisse
946 3563 1047 3613 videtur
1062 3581 1076 3613 a
1090 3563 1132 3612 fe·.·

61 3634 169 3684 minime
183 3648 244 3682 vero
258 3631 285 3681 in
295 3633 408 3700 fletum
424 3647 506 3698 neque
520 3645 581 3679 vcro
615 3631 650 3682 ris
665 3631 762 3692 bestiis,
780 3650 843 3700 quae
859 3631 932 3682 armis
949 3640 1068 3681 enatura
1083 3630 1133 3682 da-

62 3699 219 3768 negligcnda
232 3710 272 3749 est
284 3699 410 3767 particula
423 3698 521 3749 ironica
535 3697 582 3747 ni·
615 3698 648 3748 tis
665 3697 703 3747 uti
716 3697 808 3750 solent.
825 3701 942 3750 Ceterum
954 3699 1092 3769 Lambinus
1106 3706 1134 3748 et

62 3771 170 3831 mirum,
188 3784 252 3834 quae
266 3776 296 3817 ut
310 3766 430 3834 languida
443 3776 490 3828 est,
506 3774 583 3833 quum
615 3764 744 3817 Bentleius
757 3766 893 3834 legendum
909 3766 1064 3816 arbitrantur
1081 3784 1133 3818 nrt-

61 3838 160 3905 legitur
179 3837 279 3903 fletus,
313 3835 351 3886 ita
374 3834 508 3884 maximam
532 3833 583 3882 vim
616 3833 749 3904 guiculis,
767 3835 826 3903 quia
841 3853 893 3887 vox
907 3835 1009 3904 ungula
1021 3852 1074 3885 nou
1090 3834 1134 3885 di-

61 3907 159 3967 habct,
177 3920 253 3971 quum
268 3902 470 3969 legiturlessus.
499 3901 584 3950 Etiam
618 3911 689 3951 catur·
720 3901 753 3952 de
778 3902 894 3954 homine:
938 3913 1028 3954 contra
1059 3919 1135 3970 quam

61 3970 193 4025 Goerenz.
232 3970 265 4022 ad
294 3971 374 4038 Legg.
406 3970 438 4020 11.
467 3972 514 4030 23,
540 3972 583 4027 59.
618 3967 764 4019 oinionem
794 3982 865 4028 recte
896 3970 998 4021 videtur
1021 3968 1132 4022 Eruesti.

61 4061 89 4110 p.
101 4043 163 4099 196.
179 4037 245 4089 hanc
257 4039 395 4089 lectionem
404 4054 506 4088 suorum
517 4052 585 4103 quo-1
618 3988 688 4087 clav.
706 4032 887 4090 Cicerones.
902 4055 1014 4099 monere,
1031 4036 1058 4086 in
1070 4053 1134 4104 pro-

63 4125 116 4176 que
147 4106 228 4158 Godd.
262 4105 416 4159 anctoritate
453 4103 583 4167 munitam,
617 4102 851 4158 verbiishaeonon
864 4106 938 4158 nimis
952 4104 1079 4159 subtiliter
1090 4103 1133 4152 iu-

63 4174 190 4226 tuendam
207 4182 302 4224 censet.
489 4192 503 4215 ο
618 4171 734 4224 dicanda.
750 4201 785 4213 -
813 4174 855 4224 stc
869 4174 947 4224 verba
964 4185 1018 4223 toto
1050 4182 1136 4221 actore

116 4247 160 4302 56.
186 4259 239 4292 non
255 4240 325 4310 quod
340 4236 462 4303 dalmat,
478 4266 513 4281 ··
536 4239 585 4293 aad
617 4240 747 4310 proverbii
771 4241 862 4294 locum
883 4189 1091 4292 tentantibus
1112 4237 1151 4285 ue
