<?xml version="1.0" encoding="UTF-8"?>
<!DOCTYPE html PUBLIC "-//W3C//DTD XHTML 1.0 Transitional//EN"
    "http://www.w3.org/TR/xhtml1/DTD/xhtml1-transitional.dtd">
<html xmlns="http://www.w3.org/1999/xhtml" xml:lang="en" lang="en">
 <head>
  <title>
</title>
<meta http-equiv="Content-Type" content="text/html;charset=utf-8" />
  <meta name='ocr-system' content='tesseract 3.04.00' />
  <meta name='ocr-capabilities' content='ocr_page ocr_carea ocr_par ocr_line ocrx_word'/>
</head>
<body>
  <div class='ocr_page' id='page_1' title='image "./mtulliiciceroni18cicegoog_0302.png"; bbox 0 0 2640 4626; ppageno 0'>
   <div class='ocr_carea' id='block_1_1' title="bbox 61 180 950 244">
    <p class='ocr_par' dir='ltr' id='par_1_1' title="bbox 61 180 950 244">
     <span class='ocr_line' id='line_1_1' title="bbox 61 180 950 244; baseline 0.004 -3"><span class='ocrx_word' id='word_1_1' title='bbox 61 180 187 244; x_wconf 66' lang='lat' dir='ltr'><strong>·m2</strong></span> <span class='ocrx_word' id='word_1_2' title='bbox 372 184 950 244; x_wconf 66' lang='lat' dir='ltr'><strong>mmmmmmmwmm</strong></span> 
     </span>
    </p>
   </div>
   <div class='ocr_carea' id='block_1_2' title="bbox 76 303 1202 2662">
    <p class='ocr_par' dir='ltr' id='par_1_2' title="bbox 76 303 1202 1846">
     <span class='ocr_line' id='line_1_2' title="bbox 126 303 1197 409; baseline 0.007 -28"><span class='ocrx_word' id='word_1_3' title='bbox 126 307 215 382; x_wconf 88' lang='lat' dir='ltr'><strong>enim</strong></span> <span class='ocrx_word' id='word_1_4' title='bbox 249 306 314 393; x_wconf 91' lang='lat' dir='ltr'><strong>ira,</strong></span> <span class='ocrx_word' id='word_1_5' title='bbox 347 321 381 376; x_wconf 92' lang='lat' dir='ltr'><strong>ut</strong></span> <span class='ocrx_word' id='word_1_6' title='bbox 416 304 518 377; x_wconf 92' lang='lat' dir='ltr'><strong>modo</strong></span> <span class='ocrx_word' id='word_1_7' title='bbox 558 303 710 393; x_wconf 83' lang='lat' dir='ltr'><strong>definivi,</strong></span> <span class='ocrx_word' id='word_1_8' title='bbox 745 306 927 384; x_wconf 83' lang='lat' dir='ltr'><strong>ulciscendi</strong></span> <span class='ocrx_word' id='word_1_9' title='bbox 960 310 1068 387; x_wconf 87' lang='lat' dir='ltr'><strong>libido</strong></span> <span class='ocrx_word' id='word_1_10' title='bbox 1079 323 1105 409; x_wconf 73' lang='grc' dir='ltr'><strong>ι)</strong></span> <span class='ocrx_word' id='word_1_11' title='bbox 1139 315 1197 388; x_wconf 89' lang='lat' dir='ltr'><strong>sed</strong></span> 
     </span>
     <span class='ocr_line' id='line_1_3' title="bbox 126 403 1198 512; baseline 0.007 -30"><span class='ocrx_word' id='word_1_12' title='bbox 126 411 238 512; x_wconf 89' lang='lat' dir='ltr'><strong>ipsum</strong></span> <span class='ocrx_word' id='word_1_13' title='bbox 252 408 334 481; x_wconf 92' lang='lat' dir='ltr'><strong>illud</strong></span> <span class='ocrx_word' id='word_1_14' title='bbox 349 434 453 506; x_wconf 87' lang='lat' dir='ltr'><strong>genus</strong></span> <span class='ocrx_word' id='word_1_15' title='bbox 468 403 518 480; x_wconf 88' lang='lat' dir='ltr'><strong>vel</strong></span> <span class='ocrx_word' id='word_1_16' title='bbox 536 405 688 481; x_wconf 91' lang='lat' dir='ltr'><strong>libidinis</strong></span> <span class='ocrx_word' id='word_1_17' title='bbox 702 407 751 482; x_wconf 89' lang='lat' dir='ltr'><strong>vel</strong></span> <span class='ocrx_word' id='word_1_18' title='bbox 770 411 961 510; x_wconf 75' lang='lat' dir='ltr'><strong>cupiditatis</strong></span> <span class='ocrx_word' id='word_1_19' title='bbox 977 415 1020 488; x_wconf 91' lang='lat' dir='ltr'><strong>ad</strong></span> <span class='ocrx_word' id='word_1_20' title='bbox 1035 444 1198 491; x_wconf 86' lang='lat' dir='ltr'><strong>summam</strong></span> 
     </span>
     <span class='ocr_line' id='line_1_4' title="bbox 124 509 1198 619; baseline 0.007 -34"><span class='ocrx_word' id='word_1_21' title='bbox 124 512 299 585; x_wconf 78' lang='lat' dir='ltr'><strong>utilitatem</strong></span> <span class='ocrx_word' id='word_1_22' title='bbox 322 538 393 582; x_wconf 87' lang='lat' dir='ltr'><strong>esse</strong></span> <span class='ocrx_word' id='word_1_23' title='bbox 422 509 537 583; x_wconf 88' lang='lat' dir='ltr'><strong>dicunt</strong></span> <span class='ocrx_word' id='word_1_24' title='bbox 550 538 570 582; x_wconf 90' lang='lat' dir='ltr'><strong>a</strong></span> <span class='ocrx_word' id='word_1_25' title='bbox 585 525 703 583; x_wconf 86' lang='lat' dir='ltr'><strong>natura</strong></span> <span class='ocrx_word' id='word_1_26' title='bbox 718 512 849 588; x_wconf 88' lang='lat' dir='ltr'><strong>datum:</strong></span> <span class='ocrx_word' id='word_1_27' title='bbox 875 515 961 591; x_wconf 85' lang='lat' dir='ltr'><strong>nihil</strong></span> <span class='ocrx_word' id='word_1_28' title='bbox 978 518 1198 619; x_wconf 85' lang='lat' dir='ltr'><strong>enimquem-</strong></span> 
     </span>
     <span class='ocr_line' id='line_1_5' title="bbox 126 611 1198 719; baseline 0.007 -32"><span class='ocrx_word' id='word_1_29' title='bbox 126 644 244 715; x_wconf 90' lang='lat' dir='ltr'><strong>quam,</strong></span> <span class='ocrx_word' id='word_1_30' title='bbox 269 613 334 685; x_wconf 90' lang='lat' dir='ltr'><strong>nisi</strong></span> <span class='ocrx_word' id='word_1_31' title='bbox 361 613 451 712; x_wconf 91' lang='lat' dir='ltr'><strong>quod</strong></span> <span class='ocrx_word' id='word_1_32' title='bbox 475 611 592 697; x_wconf 86' lang='lat' dir='ltr'><strong>libeat,</strong></span> <span class='ocrx_word' id='word_1_33' title='bbox 619 613 787 712; x_wconf 89' lang='lat' dir='ltr'><strong>praeclare</strong></span> <span class='ocrx_word' id='word_1_34' title='bbox 803 616 911 690; x_wconf 87' lang='lat' dir='ltr'><strong>facere</strong></span> <span class='ocrx_word' id='word_1_35' title='bbox 928 646 1037 719; x_wconf 86' lang='lat' dir='ltr'><strong>posse.</strong></span> <span class='ocrx_word' id='word_1_36' title='bbox 1088 623 1198 696; x_wconf 80' lang='lat' dir='ltr'><strong>Noctu</strong></span> 
     </span>
     <span class='ocr_line' id='line_1_6' title="bbox 85 713 1196 818; baseline 0.006 -27"><span class='ocrx_word' id='word_1_37' title='bbox 85 811 87 815; x_wconf 17' lang='grc' dir='ltr'><strong><em>ι</em></strong></span> <span class='ocrx_word' id='word_1_38' title='bbox 126 715 317 791; x_wconf 85' lang='lat' dir='ltr'><strong>ambulabat</strong></span> <span class='ocrx_word' id='word_1_39' title='bbox 341 714 377 787; x_wconf 88' lang='lat' dir='ltr'><strong>in</strong></span> <span class='ocrx_word' id='word_1_40' title='bbox 397 713 532 814; x_wconf 85' lang='lat' dir='ltr'><strong>publico</strong></span> <span class='ocrx_word' id='word_1_41' title='bbox 559 715 816 806; x_wconf 87' lang='lat' dir='ltr'><strong>Themistocles,</strong></span> <span class='ocrx_word' id='word_1_42' title='bbox 842 721 935 818; x_wconf 93' lang='lat' dir='ltr'><strong>quod</strong></span> <span class='ocrx_word' id='word_1_43' title='bbox 959 750 1116 815; x_wconf 89' lang='lat' dir='ltr'><strong>somnum</strong></span> <span class='ocrx_word' id='word_1_44' title='bbox 1147 754 1196 798; x_wconf 91' lang='lat' dir='ltr'><strong>ca-</strong></span> 
     </span>
     <span class='ocr_line' id='line_1_7' title="bbox 124 817 1196 921; baseline 0.007 -28"><span class='ocrx_word' id='word_1_45' title='bbox 124 848 204 921; x_wconf 82' lang='lat' dir='ltr'>pere</span> <span class='ocrx_word' id='word_1_46' title='bbox 227 847 296 892; x_wconf 94' lang='lat' dir='ltr'><strong>non</strong></span> <span class='ocrx_word' id='word_1_47' title='bbox 324 834 455 917; x_wconf 88' lang='lat' dir='ltr'><strong>posset:</strong></span> <span class='ocrx_word' id='word_1_48' title='bbox 482 817 781 918; x_wconf 81' lang='lat' dir='ltr'><strong>quaerentibusque</strong></span> <span class='ocrx_word' id='word_1_49' title='bbox 806 823 1049 921; x_wconf 85' lang='lat' dir='ltr'><strong>respondebat,</strong></span> <span class='ocrx_word' id='word_1_50' title='bbox 1073 824 1196 901; x_wconf 81' lang='lat' dir='ltr'><strong>Miltia-</strong></span> 
     </span>
     <span class='ocr_line' id='line_1_8' title="bbox 125 920 1197 1021; baseline 0.007 -26"><span class='ocrx_word' id='word_1_51' title='bbox 125 923 178 996; x_wconf 85' lang='lat' dir='ltr'><strong>dis</strong></span> <span class='ocrx_word' id='word_1_52' title='bbox 194 920 350 1021; x_wconf 85' lang='lat' dir='ltr'><strong>tropaeis</strong></span> <span class='ocrx_word' id='word_1_53' title='bbox 379 948 414 994; x_wconf 90' lang='lat' dir='ltr'><strong>se</strong></span> <span class='ocrx_word' id='word_1_54' title='bbox 439 948 456 994; x_wconf 89' lang='lat' dir='ltr'><strong>e</strong></span> <span class='ocrx_word' id='word_1_55' title='bbox 480 947 599 993; x_wconf 87' lang='lat' dir='ltr'><strong>somno</strong></span> <span class='ocrx_word' id='word_1_56' title='bbox 625 921 788 996; x_wconf 89' lang='lat' dir='ltr'><strong>suscitari.</strong></span> <span class='ocrx_word' id='word_1_57' title='bbox 814 925 867 998; x_wconf 90' lang='lat' dir='ltr'><strong>cui</strong></span> <span class='ocrx_word' id='word_1_58' title='bbox 889 954 957 1000; x_wconf 91' lang='lat' dir='ltr'><strong>non</strong></span> <span class='ocrx_word' id='word_1_59' title='bbox 972 943 1050 1000; x_wconf 87' lang='lat' dir='ltr'><strong>sunt</strong></span> <span class='ocrx_word' id='word_1_60' title='bbox 1066 928 1197 1003; x_wconf 85' lang='lat' dir='ltr'><strong>auditae</strong></span> 
     </span>
     <span class='ocr_line' id='line_1_9' title="bbox 123 1021 1195 1130; baseline 0.006 -31"><span class='ocrx_word' id='word_1_61' title='bbox 123 1023 359 1099; x_wconf 80' lang='lat' dir='ltr'><strong>Demosthenis</strong></span> <span class='ocrx_word' id='word_1_62' title='bbox 383 1021 537 1120; x_wconf 85' lang='lat' dir='ltr'><strong>vigiliae?</strong></span> <span class='ocrx_word' id='word_1_63' title='bbox 570 1023 628 1122; x_wconf 90' lang='lat' dir='ltr'><strong>qui</strong></span> <span class='ocrx_word' id='word_1_64' title='bbox 654 1024 765 1099; x_wconf 85' lang='lat' dir='ltr'><strong>dolere</strong></span> <span class='ocrx_word' id='word_1_65' title='bbox 790 1053 825 1098; x_wconf 87' lang='lat' dir='ltr'><strong>se</strong></span> <span class='ocrx_word' id='word_1_66' title='bbox 850 1027 976 1117; x_wconf 88' lang='lat' dir='ltr'><strong>aiebat,</strong></span> <span class='ocrx_word' id='word_1_67' title='bbox 1001 1030 1031 1103; x_wconf 92' lang='lat' dir='ltr'><strong>si</strong></span> <span class='ocrx_word' id='word_1_68' title='bbox 1062 1032 1195 1130; x_wconf 90' lang='lat' dir='ltr'><strong>quando</strong></span> 
     </span>
     <span class='ocr_line' id='line_1_10' title="bbox 124 1125 1195 1233; baseline 0.008 -35"><span class='ocrx_word' id='word_1_69' title='bbox 124 1127 282 1228; x_wconf 86' lang='lat' dir='ltr'><strong>opificum</strong></span> <span class='ocrx_word' id='word_1_70' title='bbox 306 1125 499 1199; x_wconf 87' lang='lat' dir='ltr'><strong>antelucana</strong></span> <span class='ocrx_word' id='word_1_71' title='bbox 519 1125 624 1198; x_wconf 88' lang='lat' dir='ltr'><strong>victus</strong></span> <span class='ocrx_word' id='word_1_72' title='bbox 650 1144 736 1199; x_wconf 91' lang='lat' dir='ltr'><strong>esset</strong></span> <span class='ocrx_word' id='word_1_73' title='bbox 758 1127 929 1204; x_wconf 86' lang='lat' dir='ltr'><strong>industria.</strong></span> <span class='ocrx_word' id='word_1_74' title='bbox 962 1132 1195 1233; x_wconf 88' lang='lat' dir='ltr'><strong>philosophiae</strong></span> 
     </span>
     <span class='ocr_line' id='line_1_11' title="bbox 76 1226 1193 1329; baseline 0.005 -26"><span class='ocrx_word' id='word_1_75' title='bbox 76 1318 79 1329; x_wconf 31' lang='grc' dir='ltr'>Ι</span> <span class='ocrx_word' id='word_1_76' title='bbox 125 1226 269 1329; x_wconf 88' lang='lat' dir='ltr'><strong>denique</strong></span> <span class='ocrx_word' id='word_1_77' title='bbox 291 1228 397 1328; x_wconf 88' lang='lat' dir='ltr'><strong>ipsius</strong></span> <span class='ocrx_word' id='word_1_78' title='bbox 425 1228 597 1328; x_wconf 88' lang='lat' dir='ltr'><strong>principes</strong></span> <span class='ocrx_word' id='word_1_79' title='bbox 614 1257 794 1328; x_wconf 91' lang='lat' dir='ltr'><strong>numquam</strong></span> <span class='ocrx_word' id='word_1_80' title='bbox 811 1230 846 1303; x_wconf 88' lang='lat' dir='ltr'><strong>in</strong></span> <span class='ocrx_word' id='word_1_81' title='bbox 864 1232 934 1307; x_wconf 89' lang='lat' dir='ltr'><strong>suis</strong></span> <span class='ocrx_word' id='word_1_82' title='bbox 948 1234 1070 1308; x_wconf 87' lang='lat' dir='ltr'><strong>studiis</strong></span> <span class='ocrx_word' id='word_1_83' title='bbox 1086 1253 1193 1309; x_wconf 90' lang='lat' dir='ltr'><strong>tantos</strong></span> 
     </span>
     <span class='ocr_line' id='line_1_12' title="bbox 124 1329 1194 1435; baseline 0.007 -31"><span class='ocrx_word' id='word_1_84' title='bbox 124 1360 322 1433; x_wconf 84' lang='lat' dir='ltr'><strong>progressus</strong></span> <span class='ocrx_word' id='word_1_85' title='bbox 345 1330 416 1404; x_wconf 92' lang='lat' dir='ltr'><strong>sine</strong></span> <span class='ocrx_word' id='word_1_86' title='bbox 436 1329 588 1428; x_wconf 88' lang='lat' dir='ltr'><strong>llagrauti</strong></span> <span class='ocrx_word' id='word_1_87' title='bbox 609 1331 788 1430; x_wconf 89' lang='lat' dir='ltr'><strong>cupiditate</strong></span> <span class='ocrx_word' id='word_1_88' title='bbox 803 1333 911 1408; x_wconf 83' lang='lat' dir='ltr'><strong>facere</strong></span> <span class='ocrx_word' id='word_1_89' title='bbox 926 1339 1123 1435; x_wconf 91' lang='lat' dir='ltr'><strong>potuissent.</strong></span> <span class='ocrx_word' id='word_1_90' title='bbox 1148 1338 1194 1410; x_wconf 88' lang='lat' dir='ltr'><strong>ul·</strong></span> 
     </span>
     <span class='ocr_line' id='line_1_13' title="bbox 124 1433 1194 1535; baseline 0.005 -28"><span class='ocrx_word' id='word_1_91' title='bbox 124 1436 345 1508; x_wconf 74' lang='lat' dir='ltr'><strong>timastenas</strong></span> <span class='ocrx_word' id='word_1_92' title='bbox 368 1433 524 1506; x_wconf 88' lang='lat' dir='ltr'><strong>lustrasse</strong></span> <span class='ocrx_word' id='word_1_93' title='bbox 542 1433 784 1535; x_wconf 65' lang='lat' dir='ltr'><strong>Pythagoram,</strong></span> <span class='ocrx_word' id='word_1_94' title='bbox 808 1436 1061 1525; x_wconf 88' lang='lat' dir='ltr'><strong>Democritum,</strong></span> <span class='ocrx_word' id='word_1_95' title='bbox 1088 1440 1194 1513; x_wconf 76' lang='lat' dir='ltr'><strong>Plato</strong></span> 
     </span>
     <span class='ocr_line' id='line_1_14' title="bbox 125 1535 1202 1644; baseline 0.004 -33"><span class='ocrx_word' id='word_1_96' title='bbox 125 1566 201 1611; x_wconf 89' lang='lat' dir='ltr'><strong>nem</strong></span> <span class='ocrx_word' id='word_1_97' title='bbox 225 1537 429 1637; x_wconf 90' lang='lat' dir='ltr'><strong>accepimus:</strong></span> <span class='ocrx_word' id='word_1_98' title='bbox 455 1535 514 1607; x_wconf 91' lang='lat' dir='ltr'><strong>ubi</strong></span> <span class='ocrx_word' id='word_1_99' title='bbox 541 1535 628 1608; x_wconf 89' lang='lat' dir='ltr'><strong>enim</strong></span> <span class='ocrx_word' id='word_1_100' title='bbox 648 1535 757 1635; x_wconf 92' lang='lat' dir='ltr'><strong>quid⁷</strong></span> <span class='ocrx_word' id='word_1_101' title='bbox 780 1555 881 1627; x_wconf 88' lang='lat' dir='ltr'><strong>esset,</strong></span> <span class='ocrx_word' id='word_1_102' title='bbox 907 1542 999 1640; x_wconf 92' lang='lat' dir='ltr'><strong>quod</strong></span> <span class='ocrx_word' id='word_1_103' title='bbox 1014 1542 1101 1617; x_wconf 79' lang='lat' dir='ltr'><strong>disci</strong></span> <span class='ocrx_word' id='word_1_104' title='bbox 1120 1572 1202 1644; x_wconf 72' lang='lat' dir='ltr'><strong>pos,</strong></span> 
     </span>
     <span class='ocr_line' id='line_1_15' title="bbox 125 1637 1192 1741; baseline 0.003 -27"><span class='ocrx_word' id='word_1_105' title='bbox 125 1657 192 1728; x_wconf 87' lang='lat' dir='ltr'><strong>set,</strong></span> <span class='ocrx_word' id='word_1_106' title='bbox 219 1669 258 1714; x_wconf 93' lang='lat' dir='ltr'><strong>eo</strong></span> <span class='ocrx_word' id='word_1_107' title='bbox 282 1638 480 1712; x_wconf 88' lang='lat' dir='ltr'><strong>veniendum</strong></span> <span class='ocrx_word' id='word_1_108' title='bbox 503 1637 739 1711; x_wconf 86' lang='lat' dir='ltr'><strong>iudicaverunt.</strong></span> <span class='ocrx_word' id='word_1_109' title='bbox 763 1667 843 1712; x_wconf 92' lang='lat' dir='ltr'><strong>num</strong></span> <span class='ocrx_word' id='word_1_110' title='bbox 859 1659 1015 1741; x_wconf 90' lang='lat' dir='ltr'><strong>putamus</strong></span> <span class='ocrx_word' id='word_1_111' title='bbox 1029 1645 1113 1719; x_wconf 90' lang='lat' dir='ltr'><strong>haee</strong></span> <span class='ocrx_word' id='word_1_112' title='bbox 1127 1645 1192 1720; x_wconf 87' lang='lat' dir='ltr'><strong>heri</strong></span> 
     </span>
     <span class='ocr_line' id='line_1_16' title="bbox 125 1739 883 1846; baseline 0 -30"><span class='ocrx_word' id='word_1_113' title='bbox 125 1744 197 1816; x_wconf 92' lang='lat' dir='ltr'><strong>sine</strong></span> <span class='ocrx_word' id='word_1_114' title='bbox 215 1770 345 1813; x_wconf 90' lang='lat' dir='ltr'><strong>summo</strong></span> <span class='ocrx_word' id='word_1_115' title='bbox 365 1740 555 1840; x_wconf 88' lang='lat' dir='ltr'><strong>cupiditatis</strong></span> <span class='ocrx_word' id='word_1_116' title='bbox 573 1741 691 1812; x_wconf 90' lang='lat' dir='ltr'><strong>ardore</strong></span> <span class='ocrx_word' id='word_1_117' title='bbox 710 1739 883 1846; x_wconf 82' lang='lat' dir='ltr'><strong>potuisse?</strong></span> 
     </span>
    </p>

    <p class='ocr_par' dir='ltr' id='par_1_3' title="bbox 110 1842 1193 2662">
     <span class='ocr_line' id='line_1_17' title="bbox 130 1842 1193 1945; baseline 0.008 -33"><span class='ocrx_word' id='word_1_118' title='bbox 130 1905 134 1912; x_wconf 92' lang='lat'>.</span> <span class='ocrx_word' id='word_1_119' title='bbox 225 1847 302 1916; x_wconf 88' lang='lat' dir='ltr'><strong>XX.</strong></span> <span class='ocrx_word' id='word_1_120' title='bbox 352 1849 410 1923; x_wconf 83' lang='grc'><strong>45.</strong></span> <span class='ocrx_word' id='word_1_121' title='bbox 442 1843 553 1942; x_wconf 91' lang='lat' dir='ltr'><strong>Ipsam</strong></span> <span class='ocrx_word' id='word_1_122' title='bbox 587 1842 847 1940; x_wconf 82' lang='lat' dir='ltr'><strong>aegritudinem,</strong></span> <span class='ocrx_word' id='word_1_123' title='bbox 880 1873 979 1945; x_wconf 92' lang='lat' dir='ltr'><strong>quam</strong></span> <span class='ocrx_word' id='word_1_124' title='bbox 1004 1865 1128 1920; x_wconf 88' lang='lat' dir='ltr'><strong>nosut</strong></span> <span class='ocrx_word' id='word_1_125' title='bbox 1152 1865 1193 1922; x_wconf 90' lang='lat' dir='ltr'><strong>te-</strong></span> 
     </span>
     <span class='ocr_line' id='line_1_18' title="bbox 123 1944 1193 2043; baseline 0.002 -23"><span class='ocrx_word' id='word_1_126' title='bbox 123 1965 210 2020; x_wconf 90' lang='lat' dir='ltr'><strong>tram</strong></span> <span class='ocrx_word' id='word_1_127' title='bbox 223 1963 255 2020; x_wconf 89' lang='lat' dir='ltr'><strong>et</strong></span> <span class='ocrx_word' id='word_1_128' title='bbox 269 1947 445 2019; x_wconf 90' lang='lat' dir='ltr'><strong>immanem</strong></span> <span class='ocrx_word' id='word_1_129' title='bbox 462 1944 592 2018; x_wconf 89' lang='lat' dir='ltr'><strong>beluam</strong></span> <span class='ocrx_word' id='word_1_130' title='bbox 611 1944 804 2043; x_wconf 82' lang='lat' dir='ltr'><strong>fugiendam</strong></span> <span class='ocrx_word' id='word_1_131' title='bbox 814 1951 837 2017; x_wconf 82' lang='lat'><strong>⁸.</strong></span> <span class='ocrx_word' id='word_1_132' title='bbox 851 1948 1012 2038; x_wconf 83' lang='lat' dir='ltr'><strong>diximus,</strong></span> <span class='ocrx_word' id='word_1_133' title='bbox 1040 1979 1111 2023; x_wconf 90' lang='lat' dir='ltr'><strong>non</strong></span> <span class='ocrx_word' id='word_1_134' title='bbox 1127 1950 1193 2022; x_wconf 90' lang='lat' dir='ltr'><strong>sine</strong></span> 
     </span>
     <span class='ocr_line' id='line_1_19' title="bbox 126 2047 1192 2149; baseline 0 -24"><span class='ocrx_word' id='word_1_135' title='bbox 126 2080 244 2149; x_wconf 89' lang='lat' dir='ltr'><strong>magna</strong></span> <span class='ocrx_word' id='word_1_136' title='bbox 266 2048 403 2122; x_wconf 88' lang='lat' dir='ltr'><strong>utilitate</strong></span> <span class='ocrx_word' id='word_1_137' title='bbox 427 2077 445 2121; x_wconf 91' lang='lat' dir='ltr'><strong>a</strong></span> <span class='ocrx_word' id='word_1_138' title='bbox 473 2064 590 2121; x_wconf 90' lang='lat' dir='ltr'><strong>natura</strong></span> <span class='ocrx_word' id='word_1_139' title='bbox 606 2047 721 2121; x_wconf 91' lang='lat' dir='ltr'><strong>dicunt</strong></span> <span class='ocrx_word' id='word_1_140' title='bbox 739 2049 970 2138; x_wconf 85' lang='lat' dir='ltr'><strong>constitutam,</strong></span> <span class='ocrx_word' id='word_1_141' title='bbox 995 2068 1031 2123; x_wconf 89' lang='lat' dir='ltr'><strong>ut</strong></span> <span class='ocrx_word' id='word_1_142' title='bbox 1045 2052 1192 2127; x_wconf 89' lang='lat' dir='ltr'><strong>homines</strong></span> 
     </span>
     <span class='ocr_line' id='line_1_20' title="bbox 127 2146 1193 2251; baseline 0.002 -25"><span class='ocrx_word' id='word_1_143' title='bbox 127 2150 420 2251; x_wconf 84' lang='lat' dir='ltr'><strong>castigationibus,</strong></span> <span class='ocrx_word' id='word_1_144' title='bbox 453 2150 786 2251; x_wconf 89' lang='lat' dir='ltr'><strong>reprehensionibus,</strong></span> <span class='ocrx_word' id='word_1_145' title='bbox 812 2146 1005 2251; x_wconf 86' lang='lat' dir='ltr'><strong>ignominiis</strong></span> <span class='ocrx_word' id='word_1_146' title='bbox 1038 2154 1129 2228; x_wconf 87' lang='lat' dir='ltr'><strong>affici</strong></span> <span class='ocrx_word' id='word_1_147' title='bbox 1162 2183 1193 2227; x_wconf 87' lang='lat' dir='ltr'><strong>se</strong></span> 
     </span>
     <span class='ocr_line' id='line_1_21' title="bbox 118 2252 1193 2355; baseline 0 -27"><span class='ocrx_word' id='word_1_148' title='bbox 118 2256 161 2328; x_wconf 85' lang='lat' dir='ltr'><strong>in</strong></span> <span class='ocrx_word' id='word_1_149' title='bbox 187 2255 306 2328; x_wconf 91' lang='lat' dir='ltr'><strong>delicto</strong></span> <span class='ocrx_word' id='word_1_150' title='bbox 335 2254 492 2327; x_wconf 86' lang='lat' dir='ltr'><strong>dolerent.</strong></span> <span class='ocrx_word' id='word_1_151' title='bbox 517 2252 697 2353; x_wconf 91' lang='lat' dir='ltr'><strong>impunitas</strong></span> <span class='ocrx_word' id='word_1_152' title='bbox 724 2254 812 2328; x_wconf 89' lang='lat' dir='ltr'><strong>enim</strong></span> <span class='ocrx_word' id='word_1_153' title='bbox 829 2273 1040 2355; x_wconf 87' lang='lat' dir='ltr'><strong>peccatorum</strong></span> <span class='ocrx_word' id='word_1_154' title='bbox 1060 2257 1139 2331; x_wconf 91' lang='lat' dir='ltr'><strong>data</strong></span> <span class='ocrx_word' id='word_1_155' title='bbox 1151 2257 1193 2328; x_wconf 85' lang='lat' dir='ltr'><strong>vi-</strong></span> 
     </span>
     <span class='ocr_line' id='line_1_22' title="bbox 110 2355 1193 2456; baseline 0.003 -25"><span class='ocrx_word' id='word_1_156' title='bbox 110 2358 225 2431; x_wconf 86' lang='lat' dir='ltr'><strong>·detur</strong></span> <span class='ocrx_word' id='word_1_157' title='bbox 248 2356 311 2442; x_wconf 89' lang='lat' dir='ltr'><strong>eis,</strong></span> <span class='ocrx_word' id='word_1_158' title='bbox 338 2356 394 2456; x_wconf 91' lang='lat' dir='ltr'><strong>qui</strong></span> <span class='ocrx_word' id='word_1_159' title='bbox 416 2355 664 2454; x_wconf 80' lang='lat' dir='ltr'><strong>ignominiam⁹</strong></span> <span class='ocrx_word' id='word_1_160' title='bbox 684 2373 716 2430; x_wconf 90' lang='lat' dir='ltr'><strong>et</strong></span> <span class='ocrx_word' id='word_1_161' title='bbox 733 2357 902 2431; x_wconf 78' lang='lat' dir='ltr'><strong>infamiam</strong></span> <span class='ocrx_word' id='word_1_162' title='bbox 921 2359 1029 2432; x_wconf 83' lang='lat' dir='ltr'><strong>lerunt</strong></span> <span class='ocrx_word' id='word_1_163' title='bbox 1048 2360 1123 2434; x_wconf 86' lang='lat' dir='ltr'><strong>sine</strong></span> <span class='ocrx_word' id='word_1_164' title='bbox 1139 2361 1193 2433; x_wconf 91' lang='lat' dir='ltr'><strong>do-</strong></span> 
     </span>
     <span class='ocr_line' id='line_1_23' title="bbox 127 2457 1193 2561; baseline 0.002 -28"><span class='ocrx_word' id='word_1_165' title='bbox 127 2459 214 2534; x_wconf 91' lang='lat' dir='ltr'><strong>lore:</strong></span> <span class='ocrx_word' id='word_1_166' title='bbox 239 2459 385 2533; x_wconf 87' lang='lat' dir='ltr'><strong>morderi</strong></span> <span class='ocrx_word' id='word_1_167' title='bbox 409 2475 456 2533; x_wconf 87' lang='lat' dir='ltr'><strong>est</strong></span> <span class='ocrx_word' id='word_1_168' title='bbox 479 2457 596 2532; x_wconf 90' lang='lat' dir='ltr'><strong>melius</strong></span> <span class='ocrx_word' id='word_1_169' title='bbox 622 2459 829 2533; x_wconf 87' lang='lat' dir='ltr'><strong>conscientia</strong></span> <span class='ocrx_word' id='word_1_170' title='bbox 858 2489 895 2534; x_wconf 84' lang='lat' dir='ltr'><strong>ex</strong></span> <span class='ocrx_word' id='word_1_171' title='bbox 918 2490 984 2561; x_wconf 92' lang='lat' dir='ltr'><strong>quo</strong></span> <span class='ocrx_word' id='word_1_172' title='bbox 1010 2478 1061 2535; x_wconf 88' lang='lat' dir='ltr'><strong>est</strong></span> <span class='ocrx_word' id='word_1_173' title='bbox 1077 2462 1193 2537; x_wconf 88' lang='lat' dir='ltr'><strong>illude</strong></span> 
     </span>
     <span class='ocr_line' id='line_1_24' title="bbox 127 2560 1125 2662; baseline 0.004 -28"><span class='ocrx_word' id='word_1_174' title='bbox 127 2564 192 2636; x_wconf 89' lang='lat' dir='ltr'><strong>vita</strong></span> <span class='ocrx_word' id='word_1_175' title='bbox 209 2564 344 2636; x_wconf 87' lang='lat' dir='ltr'><strong>ductum</strong></span> <span class='ocrx_word' id='word_1_176' title='bbox 363 2560 405 2634; x_wconf 90' lang='lat' dir='ltr'><strong>ab</strong></span> <span class='ocrx_word' id='word_1_177' title='bbox 422 2560 579 2636; x_wconf 82' lang='lat' dir='ltr'><strong>Afranio:</strong></span> <span class='ocrx_word' id='word_1_178' title='bbox 606 2590 682 2635; x_wconf 91' lang='lat' dir='ltr'><strong>nam</strong></span> <span class='ocrx_word' id='word_1_179' title='bbox 699 2590 801 2662; x_wconf 94' lang='lat' dir='ltr'><strong>quum</strong></span> <span class='ocrx_word' id='word_1_180' title='bbox 818 2563 999 2638; x_wconf 91' lang='lat' dir='ltr'><strong>dissolutus</strong></span> <span class='ocrx_word' id='word_1_181' title='bbox 1016 2563 1125 2653; x_wconf 84' lang='lat' dir='ltr'><strong>lilius,</strong></span> 
     </span>
    </p>
   </div>
   <div class='ocr_carea' id='block_1_3' title="bbox 105 2684 526 2744">
    <p class='ocr_par' dir='ltr' id='par_1_4' title="bbox 105 2684 526 2744">
     <span class='ocr_line' id='line_1_25' title="bbox 105 2684 526 2744; baseline 0 -3"><span class='ocrx_word' id='word_1_182' title='bbox 105 2734 109 2741; x_wconf 86' lang='grc'><em>,</em></span> <span class='ocrx_word' id='word_1_183' title='bbox 212 2685 280 2744; x_wconf 79' lang='lat' dir='ltr'><strong>Heu</strong></span> <span class='ocrx_word' id='word_1_184' title='bbox 299 2705 347 2743; x_wconf 86' lang='lat' dir='ltr'><strong>me</strong></span> <span class='ocrx_word' id='word_1_185' title='bbox 367 2684 526 2743; x_wconf 86' lang='lat' dir='ltr'><strong>miserum!</strong></span> 
     </span>
    </p>
   </div>
   <div class='ocr_carea' id='block_1_4' title="bbox 128 2798 1058 2975">
    <p class='ocr_par' dir='ltr' id='par_1_5' title="bbox 128 2798 1058 2975">
     <span class='ocr_line' id='line_1_26' title="bbox 128 2798 972 2881; baseline -0.007 -25"><span class='ocrx_word' id='word_1_186' title='bbox 128 2801 197 2856; x_wconf 92' lang='lat' dir='ltr'><strong>tum</strong></span> <span class='ocrx_word' id='word_1_187' title='bbox 213 2810 344 2857; x_wconf 91' lang='lat' dir='ltr'><strong>severus</strong></span> <span class='ocrx_word' id='word_1_188' title='bbox 359 2798 470 2881; x_wconf 89' lang='lat' dir='ltr'><strong>pater,</strong></span> <span class='ocrx_word' id='word_1_189' title='bbox 965 2828 972 2843; x_wconf 83' lang='lat'><strong>·</strong></span> 
     </span>
     <span class='ocr_line' id='line_1_27' title="bbox 212 2886 1058 2975; baseline 0.001 -27"><span class='ocrx_word' id='word_1_190' title='bbox 212 2921 253 2936; x_wconf 89' lang='lat'>-</span> <span class='ocrx_word' id='word_1_191' title='bbox 276 2890 443 2948; x_wconf 87' lang='lat' dir='ltr'><strong>Dummodo</strong></span> <span class='ocrx_word' id='word_1_192' title='bbox 466 2887 567 2946; x_wconf 84' lang='lat' dir='ltr'><strong>doleat</strong></span> <span class='ocrx_word' id='word_1_193' title='bbox 588 2886 720 2975; x_wconf 85' lang='lat' dir='ltr'><strong>aliquid,</strong></span> <span class='ocrx_word' id='word_1_194' title='bbox 743 2887 843 2948; x_wconf 85' lang='lat' dir='ltr'><strong>doleat</strong></span> <span class='ocrx_word' id='word_1_195' title='bbox 865 2889 1058 2967; x_wconf 73' lang='lat' dir='ltr'><strong>quidtubetl.</strong></span> 
     </span>
    </p>
   </div>
   <div class='ocr_carea' id='block_1_5' title="bbox 127 2981 1197 3293">
    <p class='ocr_par' dir='ltr' id='par_1_6' title="bbox 127 2981 1197 3293">
     <span class='ocr_line' id='line_1_28' title="bbox 132 2981 1196 3090; baseline 0.002 -31"><span class='ocrx_word' id='word_1_196' title='bbox 132 3035 134 3038; x_wconf 95' lang='lat'>-</span> <span class='ocrx_word' id='word_1_197' title='bbox 228 2994 287 3068; x_wconf 84' lang='grc'><strong>46.</strong></span> <span class='ocrx_word' id='word_1_198' title='bbox 312 2986 468 3090; x_wconf 88' lang='lat' dir='ltr'><strong>Reliquas</strong></span> <span class='ocrx_word' id='word_1_199' title='bbox 492 2981 624 3086; x_wconf 88' lang='lat' dir='ltr'><strong>quoque</strong></span> <span class='ocrx_word' id='word_1_200' title='bbox 649 2984 754 3085; x_wconf 86' lang='lat' dir='ltr'><strong>partis</strong></span> <span class='ocrx_word' id='word_1_201' title='bbox 780 2987 997 3085; x_wconf 82' lang='lat' dir='ltr'><strong>aegritudinis</strong></span> <span class='ocrx_word' id='word_1_202' title='bbox 1019 2988 1112 3062; x_wconf 89' lang='lat' dir='ltr'><strong>utilis</strong></span> <span class='ocrx_word' id='word_1_203' title='bbox 1130 3017 1196 3064; x_wconf 87' lang='lat' dir='ltr'><strong>esse</strong></span> 
     </span>
     <span class='ocr_line' id='line_1_29' title="bbox 128 3087 1194 3187; baseline 0.002 -25"><span class='ocrx_word' id='word_1_204' title='bbox 128 3090 259 3184; x_wconf 74' lang='lat' dir='ltr'><strong>dicunt:</strong></span> <span class='ocrx_word' id='word_1_205' title='bbox 284 3087 547 3162; x_wconf 90' lang='lat' dir='ltr'><strong>misericordiam</strong></span> <span class='ocrx_word' id='word_1_206' title='bbox 573 3087 616 3159; x_wconf 91' lang='lat' dir='ltr'><strong>ad</strong></span> <span class='ocrx_word' id='word_1_207' title='bbox 640 3114 738 3187; x_wconf 89' lang='lat' dir='ltr'><strong>opem</strong></span> <span class='ocrx_word' id='word_1_208' title='bbox 762 3087 949 3178; x_wconf 87' lang='lat' dir='ltr'><strong>serendam,</strong></span> <span class='ocrx_word' id='word_1_209' title='bbox 976 3107 1007 3165; x_wconf 87' lang='lat' dir='ltr'><strong>et</strong></span> <span class='ocrx_word' id='word_1_210' title='bbox 1033 3091 1194 3165; x_wconf 88' lang='lat' dir='ltr'><strong>calamita-</strong></span> 
     </span>
     <span class='ocr_line' id='line_1_30' title="bbox 127 3189 1197 3293; baseline 0.004 -29"><span class='ocrx_word' id='word_1_211' title='bbox 127 3209 177 3266; x_wconf 87' lang='lat' dir='ltr'><strong>tes</strong></span> <span class='ocrx_word' id='word_1_212' title='bbox 203 3191 375 3264; x_wconf 91' lang='lat' dir='ltr'><strong>homiuum</strong></span> <span class='ocrx_word' id='word_1_213' title='bbox 404 3190 617 3289; x_wconf 81' lang='lat' dir='ltr'><strong>indignorum</strong></span> <span class='ocrx_word' id='word_1_214' title='bbox 643 3189 879 3280; x_wconf 89' lang='lat' dir='ltr'><strong>sublevandas;</strong></span> <span class='ocrx_word' id='word_1_215' title='bbox 906 3191 1017 3293; x_wconf 93' lang='lat' dir='ltr'><strong>ipsum</strong></span> <span class='ocrx_word' id='word_1_216' title='bbox 1038 3192 1125 3268; x_wconf 91' lang='lat' dir='ltr'><strong>illud</strong></span> <span class='ocrx_word' id='word_1_217' title='bbox 1149 3223 1197 3268; x_wconf 90' lang='lat' dir='ltr'><strong>ae-</strong></span> 
     </span>
    </p>
   </div>
   <div class='ocr_carea' id='block_1_6' title="bbox 127 3326 1199 3500">
    <p class='ocr_par' dir='ltr' id='par_1_7' title="bbox 127 3326 1199 3500">
     <span class='ocr_line' id='line_1_31' title="bbox 195 3326 1197 3422; baseline 0.001 -10"><span class='ocrx_word' id='word_1_218' title='bbox 195 3326 1197 3422; x_wconf 51' lang='lat' dir='ltr'><strong>affimmmwffiummmmmmmum</strong></span> 
     </span>
     <span class='ocr_line' id='line_1_32' title="bbox 127 3427 1199 3500; baseline -0.001 -19"><span class='ocrx_word' id='word_1_219' title='bbox 127 3451 142 3482; x_wconf 79' lang='lat' dir='ltr'><strong>e</strong></span> <span class='ocrx_word' id='word_1_220' title='bbox 165 3429 244 3481; x_wconf 87' lang='lat' dir='ltr'><strong>Codd.</strong></span> <span class='ocrx_word' id='word_1_221' title='bbox 277 3431 336 3480; x_wconf 81' lang='lat' dir='ltr'><strong>Era.</strong></span> <span class='ocrx_word' id='word_1_222' title='bbox 355 3447 376 3480; x_wconf 87' lang='lat' dir='ltr'><strong>c.</strong></span> <span class='ocrx_word' id='word_1_223' title='bbox 393 3429 463 3497; x_wconf 85' lang='lat' dir='ltr'><strong>vulg.</strong></span> <span class='ocrx_word' id='word_1_224' title='bbox 483 3427 649 3500; x_wconf 82' lang='lat' dir='ltr'><strong>fugiendam</strong></span> <span class='ocrx_word' id='word_1_225' title='bbox 669 3446 735 3479; x_wconf 83' lang='lat' dir='ltr'><strong>esse.</strong></span> <span class='ocrx_word' id='word_1_226' title='bbox 769 3430 845 3487; x_wconf 85' lang='lat' dir='ltr'><strong>9Sio</strong></span> <span class='ocrx_word' id='word_1_227' title='bbox 865 3431 895 3480; x_wconf 83' lang='lat' dir='ltr'><strong>R.</strong></span> <span class='ocrx_word' id='word_1_228' title='bbox 913 3431 937 3481; x_wconf 88' lang='lat' dir='ltr'><strong>b.</strong></span> <span class='ocrx_word' id='word_1_229' title='bbox 956 3432 1043 3480; x_wconf 70' lang='lat' dir='ltr'><strong>vna</strong></span> <span class='ocrx_word' id='word_1_230' title='bbox 1069 3430 1154 3485; x_wconf 64' lang='lat' dir='ltr'><strong>csta</strong></span> <span class='ocrx_word' id='word_1_231' title='bbox 1167 3458 1199 3473; x_wconf 84' lang='lat'><strong>·-</strong></span> 
     </span>
    </p>
   </div>
   <div class='ocr_carea' id='block_1_7' title="bbox 126 3497 1199 3636">
    <p class='ocr_par' dir='ltr' id='par_1_8' title="bbox 126 3497 1199 3636">
     <span class='ocr_line' id='line_1_33' title="bbox 127 3497 1199 3617; baseline -0.001 -68"><span class='ocrx_word' id='word_1_232' title='bbox 127 3498 313 3617; x_wconf 45' lang='lat' dir='ltr'><strong>Emiiciugulg.</strong></span> <span class='ocrx_word' id='word_1_233' title='bbox 332 3499 471 3570; x_wconf 74' lang='lat' dir='ltr'><strong>ecignom.</strong></span> <span class='ocrx_word' id='word_1_234' title='bbox 506 3497 579 3558; x_wconf 74' lang='lat' dir='ltr'><strong>tsic</strong></span> <span class='ocrx_word' id='word_1_235' title='bbox 600 3497 631 3546; x_wconf 91' lang='lat' dir='ltr'><strong>D.</strong></span> <span class='ocrx_word' id='word_1_236' title='bbox 656 3497 749 3563; x_wconf 80' lang='lat' dir='ltr'><strong>elleg.</strong></span> <span class='ocrx_word' id='word_1_237' title='bbox 769 3507 796 3547; x_wconf 88' lang='lat' dir='ltr'><strong>ct</strong></span> <span class='ocrx_word' id='word_1_238' title='bbox 817 3497 950 3549; x_wconf 84' lang='lat' dir='ltr'><strong>Pithocan.</strong></span> <span class='ocrx_word' id='word_1_239' title='bbox 969 3527 1000 3537; x_wconf 93' lang='lat'><em>-</em></span> <span class='ocrx_word' id='word_1_240' title='bbox 1020 3501 1080 3550; x_wconf 83' lang='lat' dir='ltr'><strong>Ero.</strong></span> <span class='ocrx_word' id='word_1_241' title='bbox 1097 3498 1199 3566; x_wconf 69' lang='lat' dir='ltr'><strong>ovulg.</strong></span> 
     </span>
     <span class='ocr_line' id='line_1_34' title="bbox 126 3579 295 3636; baseline 0 -19"><span class='ocrx_word' id='word_1_242' title='bbox 126 3585 176 3636; x_wconf 87' lang='lat' dir='ltr'><strong>quo</strong></span> <span class='ocrx_word' id='word_1_243' title='bbox 261 3579 295 3617; x_wconf 83' lang='lat' dir='ltr'><strong>et.</strong></span> 
     </span>
    </p>
   </div>
   <div class='ocr_carea' id='block_1_8' title="bbox 116 3664 1201 4281">
    <p class='ocr_par' dir='ltr' id='par_1_9' title="bbox 116 3664 1201 3870">
     <span class='ocr_line' id='line_1_35' title="bbox 180 3664 1201 3736; baseline 0.001 -20"><span class='ocrx_word' id='word_1_244' title='bbox 180 3667 222 3724; x_wconf 81' lang='grc'><strong>44.</strong></span> <span class='ocrx_word' id='word_1_245' title='bbox 239 3668 326 3736; x_wconf 81' lang='lat' dir='ltr'><strong>ipsum</strong></span> <span class='ocrx_word' id='word_1_246' title='bbox 346 3666 416 3717; x_wconf 82' lang='lat' dir='ltr'><strong>illud</strong></span> <span class='ocrx_word' id='word_1_247' title='bbox 431 3667 526 3736; x_wconf 82' lang='lat' dir='ltr'><strong>genua)</strong></span> <span class='ocrx_word' id='word_1_248' title='bbox 542 3664 650 3716; x_wconf 78' lang='lat' dir='ltr'><strong>Libidi-</strong></span> <span class='ocrx_word' id='word_1_249' title='bbox 734 3664 793 3716; x_wconf 72' lang='lat' dir='ltr'><strong>Car.</strong></span> <span class='ocrx_word' id='word_1_250' title='bbox 809 3666 873 3715; x_wconf 88' lang='lat' dir='ltr'><strong>XX.</strong></span> <span class='ocrx_word' id='word_1_251' title='bbox 890 3667 932 3727; x_wconf 83' lang='grc'><strong>45.</strong></span> <span class='ocrx_word' id='word_1_252' title='bbox 944 3668 1201 3720; x_wconf 82' lang='lat' dir='ltr'><strong>Heumemiserum!</strong></span> 
     </span>
     <span class='ocr_line' id='line_1_36' title="bbox 131 3733 1200 3802; baseline 0 -18"><span class='ocrx_word' id='word_1_253' title='bbox 131 3752 190 3784; x_wconf 81' lang='lat' dir='ltr'><strong>nem</strong></span> <span class='ocrx_word' id='word_1_254' title='bbox 214 3744 332 3802; x_wconf 86' lang='lat' dir='ltr'><strong>tanquam</strong></span> <span class='ocrx_word' id='word_1_255' title='bbox 355 3753 442 3800; x_wconf 84' lang='lat' dir='ltr'><strong>genua,</strong></span> <span class='ocrx_word' id='word_1_256' title='bbox 467 3735 508 3785; x_wconf 88' lang='lat' dir='ltr'><strong>oni</strong></span> <span class='ocrx_word' id='word_1_257' title='bbox 530 3744 650 3802; x_wconf 82' lang='lat' dir='ltr'><strong>tanquam</strong></span> <span class='ocrx_word' id='word_1_258' title='bbox 684 3733 828 3783; x_wconf 87' lang='lat' dir='ltr'><strong>Dummodo</strong></span> <span class='ocrx_word' id='word_1_259' title='bbox 842 3735 898 3800; x_wconf 79' lang='lat' dir='ltr'><strong>etc.)</strong></span> <span class='ocrx_word' id='word_1_260' title='bbox 928 3735 996 3785; x_wconf 82' lang='lat' dir='ltr'><strong>Haec</strong></span> <span class='ocrx_word' id='word_1_261' title='bbox 1011 3736 1112 3786; x_wconf 83' lang='lat' dir='ltr'><strong>Afranii</strong></span> <span class='ocrx_word' id='word_1_262' title='bbox 1127 3738 1200 3787; x_wconf 85' lang='lat' dir='ltr'><strong>verba</strong></span> 
     </span>
     <span class='ocr_line' id='line_1_37' title="bbox 116 3799 1200 3870; baseline 0.003 -19"><span class='ocrx_word' id='word_1_263' title='bbox 116 3801 228 3870; x_wconf 75' lang='lat' dir='ltr'><strong>species</strong></span> <span class='ocrx_word' id='word_1_264' title='bbox 241 3803 285 3851; x_wconf 84' lang='lat' dir='ltr'><strong>ira</strong></span> <span class='ocrx_word' id='word_1_265' title='bbox 299 3803 412 3865; x_wconf 78' lang='lat' dir='ltr'><strong>subiecta</strong></span> <span class='ocrx_word' id='word_1_266' title='bbox 426 3811 489 3852; x_wconf 83' lang='lat' dir='ltr'><strong>erat.</strong></span> <span class='ocrx_word' id='word_1_267' title='bbox 576 3856 578 3862; x_wconf 57' lang='grc'>,</span> <span class='ocrx_word' id='word_1_268' title='bbox 682 3808 857 3852; x_wconf 83' lang='lat' dir='ltr'><strong>tetrametrum</strong></span> <span class='ocrx_word' id='word_1_269' title='bbox 863 3799 1020 3852; x_wconf 83' lang='lat' dir='ltr'><strong>trochaicum</strong></span> <span class='ocrx_word' id='word_1_270' title='bbox 1027 3804 1200 3854; x_wconf 82' lang='lat' dir='ltr'><strong>catalecticum</strong></span> 
     </span>
    </p>

    <p class='ocr_par' dir='ltr' id='par_1_10' title="bbox 131 3869 1200 4077">
     <span class='ocr_line' id='line_1_38' title="bbox 182 3869 1200 3947; baseline 0 -28"><span class='ocrx_word' id='word_1_271' title='bbox 182 3871 238 3920; x_wconf 82' lang='lat' dir='ltr'><strong>nisi</strong></span> <span class='ocrx_word' id='word_1_272' title='bbox 244 3871 313 3937; x_wconf 85' lang='lat' dir='ltr'><strong>quod</strong></span> <span class='ocrx_word' id='word_1_273' title='bbox 322 3869 411 3935; x_wconf 72' lang='lat' dir='ltr'><strong>libeat)</strong></span> <span class='ocrx_word' id='word_1_274' title='bbox 422 3869 492 3919; x_wconf 84' lang='lat' dir='ltr'><strong>Nihil</strong></span> <span class='ocrx_word' id='word_1_275' title='bbox 499 3885 648 3947; x_wconf 86' lang='lat' dir='ltr'><strong>quemquam</strong></span> <span class='ocrx_word' id='word_1_276' title='bbox 683 3869 854 3923; x_wconf 85' lang='lat' dir='ltr'><strong>constituunt:</strong></span> <span class='ocrx_word' id='word_1_277' title='bbox 867 3885 940 3936; x_wconf 85' lang='lat' dir='ltr'><strong>quom</strong></span> <span class='ocrx_word' id='word_1_278' title='bbox 947 3870 983 3919; x_wconf 88' lang='lat' dir='ltr'><strong>sic</strong></span> <span class='ocrx_word' id='word_1_279' title='bbox 991 3869 1117 3937; x_wconf 86' lang='lat' dir='ltr'><strong>disposuit</strong></span> <span class='ocrx_word' id='word_1_280' title='bbox 1125 3874 1200 3922; x_wconf 83' lang='lat' dir='ltr'><strong>Bent-</strong></span> 
     </span>
     <span class='ocr_line' id='line_1_39' title="bbox 131 3935 1200 4004; baseline 0.005 -18"><span class='ocrx_word' id='word_1_281' title='bbox 131 3937 262 4004; x_wconf 82' lang='lat' dir='ltr'><strong>pracclare</strong></span> <span class='ocrx_word' id='word_1_282' title='bbox 279 3939 361 3988; x_wconf 78' lang='lat' dir='ltr'><strong>facere</strong></span> <span class='ocrx_word' id='word_1_283' title='bbox 375 3953 463 4004; x_wconf 83' lang='lat' dir='ltr'><strong>posse,</strong></span> <span class='ocrx_word' id='word_1_284' title='bbox 480 3936 528 3986; x_wconf 87' lang='lat' dir='ltr'><strong>nisi</strong></span> <span class='ocrx_word' id='word_1_285' title='bbox 544 3935 649 3987; x_wconf 81' lang='lat' dir='ltr'><strong>librdine</strong></span> <span class='ocrx_word' id='word_1_286' title='bbox 682 3936 796 3986; x_wconf 78' lang='lat' dir='ltr'><strong>leiust.</strong></span> <span class='ocrx_word' id='word_1_287' title='bbox 805 3938 866 3985; x_wconf 80' lang='lat' dir='ltr'><strong>Heu</strong></span> <span class='ocrx_word' id='word_1_288' title='bbox 874 3937 914 3986; x_wconf 71' lang='lat' dir='ltr'><strong>nse</strong></span> <span class='ocrx_word' id='word_1_289' title='bbox 923 3937 1065 3989; x_wconf 86' lang='lat' dir='ltr'><strong>miserum!</strong></span> <span class='ocrx_word' id='word_1_290' title='bbox 1081 3940 1200 4001; x_wconf 73' lang='lat' dir='ltr'><strong>P-Dum-</strong></span> 
     </span>
     <span class='ocr_line' id='line_1_40' title="bbox 132 4003 1200 4077; baseline 0.002 -22"><span class='ocrx_word' id='word_1_291' title='bbox 132 4005 217 4072; x_wconf 79' lang='lat' dir='ltr'><strong>aliqua</strong></span> <span class='ocrx_word' id='word_1_292' title='bbox 231 4005 272 4054; x_wconf 84' lang='lat' dir='ltr'><strong>vel</strong></span> <span class='ocrx_word' id='word_1_293' title='bbox 285 4004 424 4072; x_wconf 84' lang='lat' dir='ltr'><strong>cupiditate</strong></span> <span class='ocrx_word' id='word_1_294' title='bbox 440 4003 557 4070; x_wconf 85' lang='lat' dir='ltr'><strong>agitetur.</strong></span> <span class='ocrx_word' id='word_1_295' title='bbox 683 4003 758 4053; x_wconf 83' lang='lat' dir='ltr'><strong>modo</strong></span> <span class='ocrx_word' id='word_1_296' title='bbox 772 4003 861 4054; x_wconf 79' lang='lat' dir='ltr'><strong>doleat</strong></span> <span class='ocrx_word' id='word_1_297' title='bbox 874 4005 1200 4077; x_wconf 59' lang='lat' dir='ltr'><strong>aliquiddoleatquidlu-</strong></span> 
     </span>
    </p>

    <p class='ocr_par' dir='ltr' id='par_1_11' title="bbox 132 4070 1201 4281">
     <span class='ocr_line' id='line_1_41' title="bbox 182 4070 809 4151; baseline -0.008 -27"><span class='ocrx_word' id='word_1_298' title='bbox 182 4091 277 4143; x_wconf 85' lang='lat' dir='ltr'><strong>cupere</strong></span> <span class='ocrx_word' id='word_1_299' title='bbox 291 4089 343 4122; x_wconf 84' lang='lat' dir='ltr'><strong>non</strong></span> <span class='ocrx_word' id='word_1_300' title='bbox 354 4074 458 4151; x_wconf 72' lang='lat' dir='ltr'><strong>posset)</strong></span> <span class='ocrx_word' id='word_1_301' title='bbox 474 4070 650 4122; x_wconf 79' lang='lat' dir='ltr'><strong>Subiunctivus</strong></span> <span class='ocrx_word' id='word_1_302' title='bbox 683 4070 733 4122; x_wconf 80' lang='lat' dir='ltr'><strong>bet.</strong></span> <span class='ocrx_word' id='word_1_303' title='bbox 749 4122 753 4135; x_wconf 54' lang='grc'><strong>,</strong></span> <span class='ocrx_word' id='word_1_304' title='bbox 804 4119 809 4127; x_wconf 83' lang='grc'>,</span> 
     </span>
     <span class='ocr_line' id='line_1_42' title="bbox 132 4136 1201 4210; baseline 0.002 -18"><span class='ocrx_word' id='word_1_305' title='bbox 132 4141 230 4210; x_wconf 87' lang='lat' dir='ltr'><strong>positus</strong></span> <span class='ocrx_word' id='word_1_306' title='bbox 253 4149 301 4203; x_wconf 69' lang='lat' dir='ltr'><strong>est,</strong></span> <span class='ocrx_word' id='word_1_307' title='bbox 323 4157 382 4207; x_wconf 85' lang='lat' dir='ltr'><strong>qma</strong></span> <span class='ocrx_word' id='word_1_308' title='bbox 402 4139 529 4190; x_wconf 85' lang='lat' dir='ltr'><strong>sententia</strong></span> <span class='ocrx_word' id='word_1_309' title='bbox 546 4157 561 4189; x_wconf 83' lang='lat' dir='ltr'><strong>s</strong></span> <span class='ocrx_word' id='word_1_310' title='bbox 577 4139 650 4189; x_wconf 86' lang='lat' dir='ltr'><strong>The·</strong></span> <span class='ocrx_word' id='word_1_311' title='bbox 733 4136 776 4197; x_wconf 83' lang='grc'><strong>46.</strong></span> <span class='ocrx_word' id='word_1_312' title='bbox 793 4139 978 4210; x_wconf 78' lang='lat' dir='ltr'><strong>indignorum)</strong></span> <span class='ocrx_word' id='word_1_313' title='bbox 989 4141 1052 4195; x_wconf 66' lang='lat' dir='ltr'><strong>stit.</strong></span> <span class='ocrx_word' id='word_1_314' title='bbox 1063 4141 1119 4194; x_wconf 76' lang='lat' dir='ltr'><strong>istis</strong></span> <span class='ocrx_word' id='word_1_315' title='bbox 1134 4141 1201 4194; x_wconf 75' lang='lat' dir='ltr'><strong>onln-</strong></span> 
     </span>
     <span class='ocr_line' id='line_1_43' title="bbox 133 4205 1200 4281; baseline -0.002 -20"><span class='ocrx_word' id='word_1_316' title='bbox 133 4208 255 4261; x_wconf 82' lang='lat' dir='ltr'><strong>mistoolis</strong></span> <span class='ocrx_word' id='word_1_317' title='bbox 265 4216 356 4259; x_wconf 80' lang='lat' dir='ltr'><strong>monto</strong></span> <span class='ocrx_word' id='word_1_318' title='bbox 369 4207 506 4275; x_wconf 72' lang='lat' dir='ltr'><strong>profertur.</strong></span> <span class='ocrx_word' id='word_1_319' title='bbox 683 4205 822 4272; x_wconf 74' lang='lat' dir='ltr'><strong>mitatibus,</strong></span> <span class='ocrx_word' id='word_1_320' title='bbox 837 4208 927 4276; x_wconf 81' lang='lat' dir='ltr'><strong>quibus</strong></span> <span class='ocrx_word' id='word_1_321' title='bbox 936 4207 1093 4276; x_wconf 79' lang='lat' dir='ltr'><strong>affliguntur,</strong></span> <span class='ocrx_word' id='word_1_322' title='bbox 1103 4210 1145 4262; x_wconf 78' lang='lat' dir='ltr'><strong>vel</strong></span> <span class='ocrx_word' id='word_1_323' title='bbox 1153 4226 1200 4281; x_wconf 79' lang='lat' dir='ltr'><strong>non</strong></span> 
     </span>
    </p>
   </div>
   <div class='ocr_carea' id='block_1_9' title="bbox 0 0 1324 4626">
    <p class='ocr_par' dir='ltr' id='par_1_12' title="bbox 0 0 1324 4626">
     <span class='ocr_line' id='line_1_44' title="bbox 0 0 1324 4626; baseline 0 0"><span class='ocrx_word' id='word_1_324' title='bbox 0 0 1324 4626; x_wconf 95' lang='lat' dir='ltr'><strong> </strong></span> 
     </span>
    </p>
   </div>
  </div>
 </body>
</html>
