2640 4626
553 185 681 238 neura
700 185 745 239 n.
763 189 804 248 1n
1147 177 1208 246 281

135 321 265 408 partem
283 304 422 406 suscipit
436 304 599 378 vitiorum.
625 305 717 406 quod
734 332 836 405 quum
855 303 965 406 ipsum
984 333 1098 406 perse
1116 306 1209 380 odio-

135 437 211 482 sum
236 425 301 498 est,
327 426 397 481 tum
427 434 466 480 co
494 407 685 495 molestius,
711 408 882 507 quiasunt
900 406 1100 497 inlubrico,
1125 409 1209 482 inci-

134 526 268 611 tataque
309 509 411 585 semel
443 509 612 610 proclivi⁶
653 508 825 600 labuntur,
859 510 1080 612 sustinerique
1115 511 1206 586 nullo

134 613 237 687 modo
252 631 402 713 possunt.

237 717 330 789 XIX.
380 722 438 796 43.
465 713 582 811 Quid?
607 713 698 813 quod
719 713 821 788 iidem
838 714 1048 814 Peripatetici
1077 733 1207 816 pertur-

136 817 291 893 bationes
331 818 430 906 istas,
462 846 543 917 quas
576 844 638 889 nos
672 816 900 918 exstirpandas
932 834 1104 918 putamus,
1137 849 1206 894 non

130 921 237 993 *modo
260 920 419 994 naturalis
445 948 517 994 esse
544 920 679 1007 dicunt,
704 918 886 998 sedetiam
908 920 1032 994 utiliter
1053 938 1205 996 anatum

135 1022 246 1098 datas:
280 1052 420 1123 quorum
451 1039 501 1096 est
524 1022 600 1096 talis
625 1021 740 1095 oratio.
789 1021 937 1095 Primum
964 1022 1075 1096 multis
1094 1024 1206 1099 verbis
1238 1035 1240 1055 ¹

135 1124 340 1198 iracundiam
357 1125 505 1199 laudant:
533 1141 637 1203 cotem
652 1124 857 1201 fortitudinis
876 1153 947 1198 esse
964 1125 1095 1214 dicunt3
1122 1126 1206 1201 naul-

134 1242 235 1326 toque
260 1244 291 1300 et
312 1228 346 1300 in
373 1229 500 1303 bostem
518 1228 598 1300 etin
617 1226 807 1326 improbum
825 1226 926 1300 civem
945 1227 1204 1303 vehementiores

132 1328 294 1402 iratorum
327 1331 470 1430 impetus
491 1357 579 1417 esse;
614 1328 693 1402 levis
715 1345 827 1405 autem
855 1329 1056 1403 ratiunculas
1079 1359 1205 1421 eorum,

132 1431 190 1531 qui
210 1431 254 1504 ita
283 1433 482 1530 cogitarent,
503 1433 680 1531 proelium
705 1446 838 1503 rectum
853 1446 906 1503 est
919 1431 1097 1531 bocfieri;
1123 1463 1203 1507 con-

131 1537 226 1606 uenit
245 1533 414 1607 demicare
423 1563 492 1634 pro
507 1536 662 1630 legibue,
683 1563 752 1632 pro
769 1535 949 1620 libertate,
972 1562 1041 1633 pro
1054 1541 1202 1634 patria:

132 1635 216 1710 haec
249 1636 372 1715 nullam
397 1637 519 1710 habent
546 1637 632 1724 vim,
665 1636 731 1708 nisi
754 1635 806 1710 ini
828 1636 1005 1709 excanduit
1032 1638 1202 1712 fortitudo.

129 1767 194 1811 nec
217 1766 295 1812 vero
317 1739 359 1812 (le
384 1737 729 1839 bellatoribussolum
746 1738 932 1838 disputant3
957 1738 1096 1838 imperia
1112 1769 1203 1815 scre-

128 1838 220 1913 riora
244 1840 334 1914 nulla
363 1870 434 1915 esse
459 1857 576 1943 putant
599 1841 670 1917 sine
684 1841 796 1941 aliqua
810 1841 985 1914 acerbitate
1002 1841 1202 1917 iracundiae.

129 1941 309 2016 Oratorem
337 1944 505 2047 denique,
525 1972 592 2017 uon
619 1945 721 2016 modo
748 1960 971 2030 accusantem,
997 1943 1057 2016 sed
1081 1973 1123 2019 ne
1143 1945 1201 2018 ‹le-

126 2044 318 2121 sendentem
344 2046 477 2147 quidem
500 2046 645 2146 probant
660 2045 733 2119 sine
749 2045 870 2118 aculeis
884 2045 1090 2120 iracundiae:
1117 2074 1200 2146 quae

127 2146 258 2221 etiamsi
284 2176 351 2221 non
377 2149 480 2238 adsit,
504 2165 613 2223 tamen
635 2147 745 2220 verbis
760 2164 963 2252 atque'nrotu
978 2147 1198 2223 simulandam

127 2249 349 2337 arbitrantur,
375 2267 412 2322 ut
441 2251 602 2324 auditoris
634 2250 718 2322 iram
752 2250 893 2333 oratoris
926 2250 1080 2323 incendat
1104 2252 1199 2327 actio.

127 2351 236 2424 virum
261 2352 403 2452 denique
430 2354 536 2428 videri
560 2369 702 2452 negant,
736 2351 793 2452 qui
817 2352 917 2425 irasci
939 2350 1082 2427 nesciat:
1110 2383 1218 2428 eam·

127 2481 216 2552 que,
240 2482 340 2557 quam
366 2456 546 2528 lenitatem
569 2484 631 2533 nos
649 2454 811 2543 dicimus,
836 2454 956 2527 vitioso
977 2455 1199 2530 lentitudinis

126 2555 266 2630 nomine
285 2556 459 2658 appellant.

229 2664 287 2738 44.
319 2662 387 2733 Nec
409 2687 486 2734 vero
509 2659 616 2732 solum
636 2659 723 2732 hanc
757 2657 932 2732 libidinem
952 2657 1107 2750 laudant,
1133 2666 1199 2761 (est

194 2867 211 2920 6
227 2865 258 2913 V.
276 2864 342 2915 aon.
353 2812 374 2858 ‚¹

175 2997 219 3057 42.
233 2999 506 3078 procliui-labuntur)¹
525 3000 567 3051 Sic
585 2999 642 3051 edi·
675 2999 740 3051 haec
762 2998 813 3050 duo
835 3001 966 3051 vocabulo.
1002 2999 1118 3053 Ceterum
1133 3019 1196 3054 ean-

122 3065 289 3127 ditDausius
305 3069 501 3120 adsentientibus
516 3068 642 3136 plerisque
676 3068 732 3118 dem
740 3068 983 3136 qnamPeripatetici
991 3070 1141 3120 seutentiam
1151 3089 1195 3120 se-

123 3133 217 3196 eodd,
235 3135 311 3186 etiam
325 3137 355 3186 n.
374 3139 418 3187 Gr.
451 3135 502 3186 Alii
518 3136 598 3185 Codd.
617 3145 644 3185 et
677 3135 748 3203 qunti
769 3146 828 3185 sunt
850 3145 949 3186 veteres
963 3136 1122 3194 Academici:
1148 3141 1194 3203 (V.

121 3201 297 3253 sicErncstius
306 3203 407 3270 legunt:
422 3204 556 3272 proclive:
575 3203 644 3271 quod
670 3202 796 3269 jtondent.
810 3205 841 3253 11.
856 3205 897 3264 44,
912 3206 983 3268 135.)
994 3222 1100 3271 quorum
1114 3207 1195 3256 vesti-

121 3268 242 3335 equidem
248 3271 421 3336 praetulerim
431 3271 526 3321 dictum
533 3272 597 3320 enirn
606 3281 645 3321 est
676 3269 723 3336 giis
737 3269 832 3319 institit
840 3271 998 3332 Aristoteles,
1008 3272 1051 3339 qui
1062 3273 1129 3323 idern
1143 3273 1203 3324 irae·

121 3334 260 3387 annaliter
268 3356 297 3388 ac
305 3341 406 3408 supraI.
417 3344 456 3400 17,
465 3341 509 3397 40.
523 3338 642 3404 legimus:
676 3337 796 3387 defensor
810 3338 914 3398 exstitit,
929 3339 1037 3389 atillam
1052 3339 1195 3391 hominibus

118 3402 235 3463 sabianae
240 3403 317 3472 ferri
328 3424 375 3474 pro
390 3408 420 3455 in
434 3406 557 3456 sublimes
566 3407 607 3456 ubi
617 3424 640 3456 v.
675 3403 786 3456 exsecari
794 3403 883 3455 vetnit.
893 3405 989 3455 Calcat
1001 3405 1076 3467 enim,
1087 3408 1195 3457 nitesce

119 3468 261 3522 Adnotatu.
280 3474 318 3522 Cl'.
339 3475 454 3529 Goereuz
479 3474 512 3524 ad
534 3474 590 3524 Fin.
609 3475 641 3524 V.
675 3473 798 3523 virtutis?
816 3472 867 3522 bac
880 3485 979 3541 erepta,
997 3474 1123 3523 inermem
1131 3477 1195 3525 ani-

120 3542 165 3600 28,
183 3541 231 3596 84.
475 3532 478 3551 '
675 3558 744 3596 mum
760 3552 787 3589 et
802 3539 839 3589 ad
850 3552 959 3590 conatus
971 3541 1083 3610 rrmgnos'
1084 3543 1195 3613 pigrum

174 3605 233 3655 Car.
245 3608 319 3657 XIX.
337 3607 380 3667 43.
399 3608 567 3658 iracundiam
580 3607 642 3658 lau·
675 3609 836 3676 inertemque
850 3607 927 3672 fieri,
942 3618 970 3657 ut
984 3611 1095 3659 Senecae
1110 3608 1193 3660 verbis

121 3671 199 3739 alant)
212 3674 238 3722 Si
248 3673 380 3725 discrimen
395 3677 530 3726 verborum
542 3677 601 3725 irae
616 3685 643 3724 et
675 3675 707 3725 de
722 3678 763 3725 Ira
781 3677 824 3726 ΙΙΙ.
841 3693 863 3724 c.
878 3679 895 3732 3
910 3684 975 3724 utar.
1004 3695 1005 3706 ¹

120 3741 282 3798 iracundiae
304 3742 335 3791 ab
355 3742 411 3809 ipso
425 3742 545 3793 Cicerone
568 3761 595 3792 su
614 3761 643 3793 ra
707 3741 1028 3808 virumiVirutigraecum
1037 3740 1191 3812 drbpsaepn

120 3826 144 3859 c·
159 3813 201 3870 12,
209 3815 251 3866 27.
267 3811 378 3878 positum
386 3811 519 3877 sequimur,
528 3810 582 3859 siue
591 3762 641 3859 du·
674 3809 902 3878 perexcellentium
916 3809 1016 3860 dicitur.
1027 3812 1058 3861 V.
1068 3812 1194 3863 Heindorl

118 3874 199 3927 bioh.
214 3877 641 3940 l.nou'iraeundiae,sediraeno-
675 3877 708 3928 ad
725 3877 826 3929 Platon.
848 3877 990 3937 Phaedrum
1005 3897 1031 3947 p.
1048 3885 1109 3937 227.
1127 3880 1194 3930 Hinc

118 3952 178 3999 men
193 3945 402 4012 exspectabimus.
429 3945 561 3996 Iracundia
575 3944 641 3994 enim
673 3954 748 3994 natae
771 3954 830 3995 snut
846 3945 907 3996 illae
928 3946 1066 3996 formulae:
1088 3948 1133 3997 uir
1154 3966 1192 4011 es,

118 4020 159 4061 est
176 4008 329 4091 ὀργιλότης,
346 4014 461 4080 quentin
479 4013 551 4063 malis
568 4012 640 4062 duxit
674 4013 700 4061 si
714 4012 757 4061 vir
773 4013 909 4075 ensiviri
921 4015 995 4064 estis.
1019 4016 1049 4065 V.
1060 4015 1192 4066 Ruhnken.
1236 4064 1239 4069 .

117 4077 269 4129 Aristoteles
278 4097 283 4122 ἐ
293 4098 332 4129 rra
339 4099 399 4130 vero
409 4091 448 4130 est
454 4079 556 4147 θυμὸς,
565 4096 639 4146 quem
672 4078 768 4130 Dictat.
784 4079 810 4128 in
827 4081 932 4131 Terent.
949 4084 1012 4131 Eun.
1027 4083 1046 4131 I.
1059 4089 1092 4143 2,
1109 4083 1151 4141 74.

117 4144 258 4200 laudabant
271 4147 442 4214 Peripatetici.
451 4151 482 4200 V.
499 4149 531 4198 de
543 4147 638 4198 Officiis
723 4147 901 4212 lentitudinis)
918 4166 982 4214 quae
992 4166 1083 4213 graece
1091 4146 1190 4215 ἅοργη·

116 4216 137 4263 1.
158 4219 203 4276 25,
227 4217 270 4272 89.
296 4216 441 4282 sedsaepe
463 4225 639 4284 permutantur
672 4213 719 4268 alu
728 4213 828 4265 dicitur.
846 4214 976 4266 Aristotel.
986 4215 1068 4266 Ethic.
1085 4219 1118 4268 11.
1134 4223 1191 4276 c.7.
