2640 4626
201 197 266 270 348
302 189 308 197 “
449 209 730 261 ruscuunumuu
745 174 1025 262 urseurnnonuu

202 330 352 449 spirans,
377 344 446 400 turn
465 355 593 401 summa
609 325 797 400 iucunditas
818 354 836 400 e
856 326 1051 427 quotidiano
1069 325 1158 401 cultu
1173 342 1275 427 atque

199 450 297 507 rrctu.
348 429 442 526 Quid
456 428 538 504 haec
553 430 686 503 tandem
699 429 766 502 rita
782 429 957 518 desiderat,
978 458 1043 529 qno
1062 431 1104 503 sit
1117 429 1276 504 beatior?

123 567 126 575 ·
202 534 272 622 cui,
296 531 463 607 refertae⁷
483 549 531 605 tot
547 531 712 630 tantisque
724 531 879 631 gaudiis,
902 533 1051 605 Fortuna
1073 532 1147 633 ipsa
1176 533 1275 606 cedat

199 663 333 711 neeesse
350 653 407 709 est.
458 634 591 731 Quodsi
606 635 750 732 gaudere
763 634 884 707 talibus
901 635 1000 708 bonis
1015 634 1135 722 animi,
1160 633 1199 707 id
1225 651 1276 708 est

199 738 387 825 virtutibus,
410 737 542 812 beatum
562 754 627 823 est;
654 765 833 836 omnesque
852 737 1018 836 sapientes
1035 737 1088 810 his
1102 743 1121 789 ⁸
1136 736 1273 835 gaudiis

197 841 430 944 perfruuntur:
457 839 565 914 omnis
582 867 639 914 eos
655 838 804 913 confiteri
818 839 934 913 beatos
951 867 1022 913 esse
1037 867 1174 931 neceose
1189 856 1248 913 est

203 1000 207 1007 ,
300 943 423 1017 XXVI.
475 951 533 1022 73.
556 946 597 1016 A.
615 941 766 1015 Etiamne
785 942 820 1014 in
840 941 986 1015 cruciatu
1003 958 1100 1042 atque
1121 959 1271 1016 tormen-

189 1048 266 1120 ·tis?
315 1049 364 1119 M.
380 1045 435 1117 An
454 1060 490 1116 tu
504 1072 557 1118 me
576 1044 613 1116 in
629 1044 717 1117 viola
729 1044 871 1144 putabas
896 1062 952 1118 aut
975 1044 1010 1117 in
1034 1072 1111 1117 rosa
1134 1044 1270 1119 dicere?

198 1149 255 1224 An
271 1148 435 1248 Epicuro,
460 1147 517 1245 qui
538 1147 766 1219 tantummodo
787 1147 896 1219 induit
914 1174 1091 1247 personam
1117 1146 1269 1246 philoso-

198 1250 278 1352 phi,
305 1266 336 1324 et
359 1249 426 1323 sibi
450 1249 524 1349 ipse
551 1250 615 1322 hoc
638 1278 761 1341 nomen
788 1248 977 1348 inscripsit,
1002 1249 1112 1323 dicere
1135 1248 1267 1325 licebit:

198 1353 305 1454 (quod
320 1352 472 1452 quidem,
496 1368 533 1424 ut
548 1351 647 1425 habet
665 1379 787 1438 seres,
812 1379 864 1425 me
882 1367 991 1426 temen
1014 1351 1195 1452 plaudente
1218 1353 1268 1425 di-

200 1458 276 1554 citz)
301 1453 426 1527 nullum
444 1453 585 1554 sapienti
607 1482 678 1528 esse
695 1471 846 1553 tempus,
872 1453 933 1528 etsi
949 1470 1087 1541 uratur,
1112 1471 1268 1553 torquea-

196 1575 269 1647 tur,
294 1573 439 1644 secetur,
464 1557 545 1655 quin
559 1557 667 1656 possit
694 1554 891 1643 exclamare,
918 1560 1037 1650 Quam
1058 1586 1128 1655 pro
1155 1556 1268 1630 nihilo

193 1665 307 1762 puto!
328 1687 429 1758 quum
446 1658 640 1758 praesertim
661 1687 758 1733 omne
773 1657 897 1732 malum
910 1658 1026 1733 dolore
1042 1657 1190 1746 desiniat,
1208 1660 1267 1733 bo-

196 1791 278 1838 num
306 1761 488 1860 voluptate3
522 1761 603 1845 haec
629 1777 762 1849 nostra,
794 1760 950 1848 honesta,
981 1761 1093 1861 turpia
1118 1761 1267 1850 irrideat,

197 1865 361 1963 dicatque,
384 1890 447 1937 nos
461 1863 498 1936 in
509 1862 647 1937 vocibus
658 1879 849 1964 occupatos,
865 1863 975 1938 inanis
990 1891 1092 1937 sonos
1107 1863 1267 1954 sundere3

262 2075 280 2128 7
297 2067 342 2120 8i'o
357 2067 438 2119 Codd.
455 2065 538 2136 peucj.
553 2065 601 2118 Ed.
617 2077 670 2118 ret.
685 2066 767 2118 Bouh.
785 2078 812 2118 et
835 2067 867 2118 de
880 2026 949 2118 ttian.
965 2065 1032 2119 coni.
1049 2067 1104 2118 LD.
1121 2066 1191 2119 Lalt.
1206 2067 1264 2120 Bru.

197 2156 219 2189 e.
233 2137 302 2205 rulg.
319 2137 363 2187 cui
377 2138 419 2187 rei
435 2133 560 2204 refertae.
594 2137 612 2192 8
628 2134 697 2203 Aliq.
711 2135 776 2186 Edd.
793 2142 855 2186 r'ett
873 2135 917 2186 iis.
934 2134 1003 2185 Male
1018 2132 1079 2187 h.1.

195 2269 301 2337 vulgato
309 2286 375 2332 cum,
388 2268 452 2336 ,quie
462 2268 489 2319 in
503 2267 553 2320 hoc
566 2268 626 2321 loeo
640 2268 712 2320 nuno
745 2269 830 2321 dicere
857 2267 959 2349 licebit,
991 2268 1132 2336 rapientem
1157 2285 1263 2338 semper,

195 2336 313 2405 gradatio
328 2337 404 2386 inest.
424 2364 457 2375 -
497 2337 560 2386 Item
580 2335 712 2404 probanda
744 2337 821 2388 etiem
836 2335 863 2386 in
883 2335 995 2386 maximio
1016 2335 1185 2398 cruciatibus,
1202 2337 1263 2388 bea-

196 2414 236 2456 eet
245 2403 336 2454 Wotfii
349 2401 493 2453 emendatio
507 2421 529 2454 c.
547 2408 588 2466 10,
601 2408 644 2462 28.
657 2413 711 2454 tum
743 2415 798 2455 tum
812 2421 880 2466 erse,
896 2404 977 2455 multo
991 2403 1070 2470 magio
1082 2402 1111 2453 id
1123 2404 1155 2453 iio
1163 2405 1262 2455 facitu·

194 2470 711 2606 iiiiisssstoff'iidissdi'iifidiffl
742 2471 804 2590 {tt
819 2470 1262 2590 iidiiffiiiiiiiuissiiii}

194 2607 266 2658 nullo
282 2606 358 2657 modo
373 2605 503 2655 ferendum
520 2615 566 2656 eet.
585 2607 680 2657 Contra
690 2607 710 2657 1.
743 2577 855 2675 poriium
871 2620 925 2656 esre
938 2615 1059 2656 statuent.

194 2678 244 2738 16,
261 2677 303 2732 38.
321 2681 384 2723 extr.
401 2673 467 2722 male
482 2672 575 2723 edidit:
592 2686 646 2723 tum
661 2673 711 2723 Iro·
795 2674 844 2723 hoc
858 2680 951 2723 nomen
968 2673 1116 2742 inscripsit)
1135 2673 1168 2725 de
1182 2674 1262 2725 trinu.

195 2758 260 2791 nore
274 2739 442 2811 disciplinae,
457 2741 604 2790 tumetium
619 2753 711 2790 aucto·
742 2742 774 2793 11.
791 2745 823 2802 3,
846 2745 871 2799 7.
897 2739 941 2808 qui
958 2740 1112 2808 (Epicurus)
1137 2760 1166 2792 re
1192 2760 1261 2804 unur,

193 2811 277 2860 ritate
293 2824 340 2887 pro
355 2807 424 2874 vulg.
441 2826 498 2857 cum
513 2807 539 2857 lr.
557 2808 585 2859 d,
605 2808 643 2858 Ibi
662 2825 711 2858 vo·
743 2809 811 2876 quod
827 2807 918 2872 sciam,
941 2807 1081 2876 eapientem
1097 2809 1216 2876 profiteri
1231 2809 1263 2861 rit

194 2877 250 2927 cula
262 2888 343 2926 ettam
356 2884 444 2942 aperte
458 2873 584 2935 ostendit,
603 2875 711 2926 alterum
743 2893 825 2927 emur.

172 2943 331 2994 vmembrum
355 2941 501 3008 'raecipuum
509 2941 637 3010 quoddam
645 2959 711 2993 con-
793 2954 822 2994 ut
838 2940 917 2994 habet
939 2961 968 2995 re
984 2945 1048 3007 ree)
1077 2945 1110 2994 H.
1128 2961 1152 2995 e.
1171 2944 1195 2995 ri
1211 2961 1263 2996 rem

192 3011 284 3062 tinere.
297 3013 328 3061 V.
336 2961 554 3062 iiamrhorudtat.
563 3011 610 3060 Gr.
619 3013 641 3080 ᾗ
652 3014 708 3069 178.
742 3009 823 3091 ipram
843 3020 1002 3078 spectemur,
1026 3010 1097 3061 nulla
1113 3010 1204 3063 habita
1219 3031 1262 3064 m·

192 3095 219 3147 p.
228 3082 287 3137 512.
304 3080 418 3144 Itemque
430 3076 473 3128 1v.
491 3082 514 3137 1,
528 3083 553 3136 2
571 3077 637 3128 mele
650 3095 711 3129 cor·
743 3087 815 3135 tione
829 3074 1037 3141 cinerententiee,
1051 3096 1101 3147 que
1114 3095 1193 3130 omne
1208 3098 1262 3131 mn·

194 3143 275 3197 rexit:
301 3144 381 3212 idque
395 3156 466 3205 tum,
483 3161 531 3211 pro
547 3145 616 3212 vulg.
633 3145 713 3215 idque
744 3143 797 3195 lum
811 3145 901 3196 dolore
914 3145 1025 3207 definiet,
1040 3147 1262 3216 bouumvoluptr-

193 3228 280 3282 quone,
744 3222 781 3262 te.
822 3213 950 3264 Bentleius
975 3213 1112 3280 legendnm
1134 3215 1261 3266 coniecit:

254 3275 372 3348 fortuna
388 3278 450 3347 ipra
465 3277 564 3340 cedat)
586 3278 711 3348 Paradox.
745 3291 803 3330 utut
828 3280 908 3331 dubet
930 3298 960 3332 ee
982 3298 1040 3346 rer,
1064 3280 1091 3330 h.
1117 3297 1140 3331 e.
1168 3293 1262 3334 utcun-

192 3347 225 3399 V.
235 3350 258 3408 1,
269 3346 313 3406 34.
331 3345 371 3397 cui
384 3345 484 3414 quidem
493 3344 618 3414 (capienti)
627 3345 711 3408 etiam,
745 3364 794 3415 que
808 3347 886 3399 habet
900 3365 927 3399 se
940 3365 988 3410 res,
1002 3347 1114 3416 quamvis
1130 3366 1186 3402 non
1199 3367 1262 3401 con-

193 3431 260 3482 quee
276 3413 327 3464 rim
342 3414 435 3464 habere
458 3413 590 3465 maximam
609 3412 712 3477 dicitur,
744 3424 796 3464 stet
811 3415 874 3477 eibi,
899 3415 945 3466 red
967 3415 1134 3466 decretura
1158 3417 1262 3478 evertit3

193 3485 295 3535 fortune
308 3481 363 3548 ipro
379 3480 454 3532 cedit.
744 3482 789 3531 ted
809 3494 866 3533 utut
880 3500 933 3533 non
950 3483 1137 3534 ciceronianum
1156 3495 1204 3536 eet.

233 3548 710 3617 Gtr.XXVI.·73.Etiamne-§.md
793 3550 890 3601 inance
919 3567 998 3601 eonor
1012 3547 1150 3629 fundere)
1188 3549 1264 3606 Krete

191 3618 220 3668 si
235 3616 397 3677 concedatur,
413 3616 562 3734 rapientem,
574 3615 601 3667 in
614 3615 711 3667 hisoe-
744 3615 926 3684 φθέγγεσθαι.
959 3617 1079 3668 simliter
1101 3617 1134 3668 de
1156 3618 1214 3670 Fiu.
1230 3622 1261 3670 ΙΙ.

193 3694 313 3751 cupatum
328 3683 424 3745 studiis,
460 3694 543 3735 eertum
557 3700 612 3734 erre
627 3699 710 3751 poure,
745 3689 785 3746 15,
804 3685 845 3743 48,
862 3684 888 3735 in
903 3685 992 3736 endem
1006 3703 1047 3735 re:
1062 3684 1099 3736 eit
1115 3686 1261 3754 (Epicureo)

192 3762 280 3804 tamen
301 3748 411 3801 dubitari
426 3752 521 3818 poerit,
550 3769 581 3801 en
599 3749 667 3801 idem
682 3750 710 3801 in
743 3767 788 3802 eos
804 3751 874 3803 inani
887 3768 951 3804 voce
968 3769 1058 3803 sonere
1073 3780 1107 3792 -
1121 3771 1206 3822 neque
1219 3755 1262 3805 in·

193 3817 309 3871 cruciatu
331 3827 359 3868 et
381 3818 516 3869 tormentit
538 3819 626 3869 beatur
656 3834 710 3868 eree
742 3816 866 3885 telligere,
884 3837 966 3887 neque
979 3819 1133 3881 videre,tnb
1142 3820 1261 3874 haovooe

192 3885 281 3956 possit.
296 3914 329 3924 -
363 3884 452 3937 Cicero
466 3886 605 3954 respondet
620 3884 669 3936 cic:
688 3884 709 3935 oi
741 3885 883 3937 honestatis
896 3904 960 3955 quae
979 3885 1013 3938 eit
1024 3886 1185 3941 subiicienda
1202 3907 1260 3940 ren-

192 3953 334 4021 nepientem
347 3951 574 4019 ponamurinvitn
589 3952 709 4003 suaviori-
741 3954 839 4003 tentia:
854 3954 899 4004 ubi
915 3972 938 4004 r.
955 3955 1080 4005 Goerenz.
1093 3972 1119 4022 p.
1138 3961 1197 4016 195.
1223 3957 1259 4007 Cf.

91 4056 92 4061 =
193 4038 235 4073 ma
252 4030 279 4071 et
296 4019 486 4082 iucundissime,
512 4037 565 4070 uon
588 4037 651 4087 opus
671 4028 709 4070 ert
741 4021 861 4073 Academ.
881 4024 914 4073 11.
927 4026 976 4084 23,
993 4026 1034 4079 73.
1059 4021 1165 4074 etmihi
1180 4023 1255 4092 (vide-

192 4104 328 4156 quaerere‚
347 4103 379 4136 err
401 4085 422 4137 ir
441 4086 530 4136 beetur
547 4104 601 4137 cere
617 4086 707 4155 poerit.
741 4096 783 4137 tur
797 4089 977 4157 Empedocleo)
997 4088 1175 4156 dignicdmum
1188 4091 1258 4143 rebus

192 4155 220 4206 Si
238 4153 287 4223 ipsi
307 4153 431 4221 Epicuro,
460 4153 502 4221 qui
521 4171 595 4204 omne
616 4155 709 4205 malum
741 4153 788 4217 ltin,
804 4155 838 4206 de
849 4150 939 4224 quibur
953 4155 1076 4225 loquitur,
1089 4158 1256 4230 contanster-

193 4221 284 4274 dolore
308 4219 426 4286 definiet,
451 4221 546 4274 bouum
568 4222 709 4290 voluptate,
742 4222 814 4275 dere.
