2640 4626
192 201 235 268 34
593 204 855 256 Puoaueonaus.

193 332 418 392 Enumerantur
440 326 542 386 variae
554 325 732 385 stoicorum
757 324 795 385 de
816 325 998 386 fortitudine
1022 323 1232 400 definitiones,
1255 343 1272 384 e

195 432 308 512 quibus
331 429 533 506 intelligitur,
556 448 620 486 eam
641 428 686 486 ira
706 447 769 487 non
795 447 889 506 egere.
912 449 937 487 c.
954 426 1004 496 94.
1028 430 1055 505 §.
1074 430 1130 495 53.
1173 425 1271 485 Porro

194 535 362 602 advocatur
379 532 550 590 Stoicorum
569 530 726 603 sententia,
747 550 849 588 omnes
864 530 1041 608 insipientes
1058 550 1120 588 esse
1137 529 1270 586 insanos.

150 677 153 682 ·
194 636 338 714 Denique,
359 633 475 693 etiamsi
488 630 681 706 concedatur,
698 631 780 709 quod
798 631 924 690 concedi
940 652 1003 690 non
1013 639 1122 710 potest,
1143 631 1272 689 iracun-

195 737 245 797 dia
265 757 342 817 opus
358 755 420 795 esse
438 733 477 792 ad
489 733 709 808 fortitudinem,
732 743 812 792 certe
826 733 860 792 in
875 734 939 793 vita
951 733 1071 813 privata
1088 734 1179 813 plane
1195 731 1270 790 inu-

194 840 259 898 tilis
281 848 334 897 est.
358 838 384 913 §.
407 834 457 903 54.
503 836 606 912 Neque
630 843 778 894 oratorem
796 835 888 895 irasci
903 836 1003 895 decet:
1026 854 1209 912 quamquam
1225 833 1271 891 si·

194 941 310 999 anulare
333 940 409 997 iram
434 957 496 995 uon
525 937 658 996 dedecet.
690 958 715 996 c.
732 940 783 1005 25.
807 937 832 1016 ς.
849 941 900 1004 55.
921 969 963 983 -
984 934 1017 1017 b)
1041 937 1163 995 Libido.
1188 935 1273 994 llaec

132 1085 141 1104 .
195 1040 433 1120 s·Peripateticis
447 1048 637 1118 permutatur
656 1059 724 1097 cum
742 1039 851 1097 studiis
868 1037 1010 1099 honestis.
1055 1036 1134 1119 (Alia
1150 1058 1198 1096 res
1216 1045 1271 1110 est,

196 1163 290 1221 quum
311 1141 466 1219 quaeritur
489 1140 525 1199 de
544 1139 697 1218 sapiente,
728 1140 797 1215 alia,
819 1159 912 1216 quum
934 1139 1089 1217 quaeritur
1104 1140 1141 1198 de
1159 1137 1271 1215 vulgo:

197 1244 257 1318 cui,
281 1243 422 1321 quoniam
439 1242 485 1300 uti
506 1241 622 1300 ratione
639 1261 701 1299 non
717 1250 835 1319 potest,
857 1241 932 1300 utile
951 1251 1011 1315 est,
1034 1241 1080 1299 uti
1095 1249 1181 1298 motu
1201 1239 1271 1297 ani-

196 1341 260 1424 mi.)
284 1344 310 1422 §.
329 1347 380 1410 55.
396 1376 437 1388 —
457 1339 486 1423 c)
501 1342 680 1400 Aemulatio
690 1381 701 1410 ‚
724 1343 913 1411 obtrectatio,
930 1342 1150 1403 misericordia.
1177 1362 1202 1399 c.
1219 1341 1270 1407 96.

196 1451 223 1525 §.
239 1445 290 1512 56.
310 1476 353 1491 -
374 1441 407 1526 γ)
432 1445 567 1521 Denique
582 1443 849 1521 Peripateticorum
867 1444 1025 1518 sententia,
1044 1443 1271 1501 mediocritates

192 1547 456 1629 perturbationum
476 1546 621 1604 tenendas
637 1567 710 1613 esse,
732 1545 889 1619 reficitur,
911 1565 990 1618 nana,
1012 1544 1046 1602 in
1062 1564 1122 1621 quo
1138 1564 1210 1622 pars
1228 1553 1273 1602 est

200 1647 328 1706 alieuius
342 1647 590 1726 perturbationis,
612 1646 638 1703 is
648 1645 875 1723 perturbatione
882 1650 947 1704 'non
960 1655 1056 1705 vacat.
1079 1645 1204 1723 Sapiens
1215 1666 1274 1703 au*

196 1758 257 1807 tem
272 1749 298 1806 is
316 1759 380 1823 est,
402 1749 456 1825 qui
472 1748 575 1807 divina
589 1747 741 1823 imitatur,
763 1746 894 1805 bumana
916 1748 1015 1806 omnia
1037 1747 1181 1806 inferiora
1203 1748 1274 1807 vir--

196 1856 264 1907 tute
284 1847 378 1907 ducit.
421 1849 665 1908 Perturbatioues
682 1849 777 1926 igitur
793 1858 964 1928 repugnant
977 1849 1149 1928 sapientiae.
1189 1850 1272 1927 Ergo

199 1970 300 2009 omnes
316 1951 628 2028 pesttu·bationes,'ex
647 1954 748 2009 errore
769 1960 862 2026 ortae,
883 1972 947 2010 non
965 1951 1227 2011 circumcidendae
1245 1962 1275 2011 et

198 2052 409 2130 amputandae,
424 2052 476 2110 sod
493 2051 665 2111 evellendae
680 2061 752 2110 sunt
768 2063 797 2110 et
814 2051 1016 2112 extrahendae
1031 2053 1160 2131 penitus.
1177 2054 1206 2130 §.
1222 2057 1273 2121 57.

569 2292 600 2347 C.
644 2289 790 2349 TERTIA
811 2289 909 2349 PARS

711 2430 750 2467 DE

479 2522 635 2574 maranus
658 2506 982 2574 aenamaanonun.

206 2694 209 2699 .
281 2659 432 2732 Quoniam
448 2680 512 2718 non
529 2659 627 2719 solum
644 2660 682 2718 de
696 2661 844 2739 sapiente,
868 2662 921 2739 qui
942 2663 1024 2722 omni
1043 2664 1275 2742 perturbatione

197 2758 275 2818 liber
290 2769 344 2834 est,
366 2760 521 2817 sedetiam
538 2760 574 2818 de
592 2760 842 2823 aliishominibus
855 2764 1027 2840 quaeritur:
1049 2753 1274 2843 reliquumest,

197 2871 232 2919 ut
255 2861 389 2919 remedia
415 2860 597 2936 efferantur,
627 2883 703 2940 quae
718 2886 734 2921 a
752 2863 946 2943 philosophia
964 2866 1078 2924 morbis
1103 2868 1274 2927 animorum

198 2959 409 3019 adhibeantur.
422 2993 462 3007 -
480 2962 624 3041 Corporis
635 2964 783 3024 medicina
800 2976 995 3046 comparatur
1016 2988 1085 3026 cum
1100 2970 1196 3029 animi
1210 2992 1275 3030 me·

198 3062 308 3121 diuina.
341 3084 365 3121 e.
383 3065 434 3130 27.
458 3063 483 3139 §.
506 3064 556 3130 58.
601 3065 643 3124 De
669 3067 824 3127 curatione
847 3068 1119 3146 perturbationum.
1165 3068 1276 3132 Variae

199 3183 301 3220 aarum
322 3165 501 3222 curationes.
525 3167 552 3242 §.
573 3168 624 3234 59.

282 3286 307 3323 a.
330 3269 383 3327 Da
400 3269 545 3324 universa
567 3273 725 3328 curatione
740 3270 1015 3348 perturbationum.
1052 3271 1275 3334 adtollenda

187 3366 439 3447 *perturbationes
457 3367 611 3442 doceatur,
635 3365 668 3448 a)
691 3390 747 3429 nec
767 3371 883 3430 bonum
897 3371 978 3430 illud
997 3393 1068 3450 esse,
1088 3394 1128 3442 ex
1143 3395 1208 3451 quo
1225 3387 1276 3436 aut

196 3466 320 3543 laetitia,
342 3478 395 3527 aut
408 3468 504 3527 libido
522 3470 657 3546 oriatur,
679 3491 734 3530 nec
746 3473 869 3547 malum,
891 3472 929 3531 ex
946 3494 1006 3550 quo
1023 3484 1077 3533 aut
1091 3486 1204 3552 metus,
1225 3485 1276 3536 aut

198 3568 364 3644 aegritudo,
387 3566 425 3649 β)
448 3570 587 3648 ipsasque
603 3571 845 3650 perturbationes
858 3594 914 3652 per
928 3595 958 3632 se
975 3597 1036 3636 esse
1056 3576 1197 3652 vitiosas,
1221 3599 1274 3637 nec

195 3666 307 3726 habere
331 3673 493 3747 quicquam
513 3683 567 3731 aut
581 3675 718 3732 naturale
735 3685 787 3733 aut
803 3676 1014 3734 necessarium.
1057 3677 1116 3735 llic
1133 3699 1274 3738 maeren-

196 3771 278 3828 tibus
288 3771 477 3831 imbecillitas
487 3774 578 3832 animi
595 3774 755 3833 effeminati
772 3775 943 3851 obiiciatur,
965 3797 1128 3855 eorumque
1144 3782 1200 3857 qui
1210 3781 1273 3839 sor-

198 3872 269 3930 titer
290 3871 421 3932 humana
446 3873 575 3934 tulerint
599 3877 649 3934 vel
675 3877 774 3935 serant
785 3876 939 3949 ,laudetur
963 3881 1141 3939 constantia.
1172 3902 1200 3940 c.
1223 3884 1273 3949 98.

197 3973 224 4048 §.
239 3975 290 4040 60.
332 3974 415 4032 llaec
431 3973 524 4033 altera
542 3976 699 4052 medicina,
721 3996 780 4054 qua
799 3977 934 4053 docetur,
956 3981 1203 4058 perturbationes
1221 4004 1275 4063 per

195 4094 226 4131 se
241 4094 304 4133 esse
319 4075 460 4150 vitiosas,
489 4077 606 4136 tametsi
629 4076 669 4135 ad
684 4079 796 4156 vulgus
812 4078 983 4140 adhibenda
999 4101 1062 4140 non
1078 4092 1138 4158 est,
1160 4093 1273 4159 tamen,

195 4173 303 4250 siquis
319 4176 445 4237 idoneus
463 4188 508 4236 est
520 4177 558 4236 ad
568 4199 631 4238 eam
647 4180 864 4258 recipiendam,
883 4181 990 4243 utilior
1000 4193 1147 4262 censetur,
1170 4206 1273 4264 quou-
