2640 4626
532 193 659 245 nrunn
677 196 721 246 m.
739 198 782 254 ea.
1005 263 1007 268 ,
1125 185 1189 254 237
1239 164 1242 170 ’

121 341 196 387 nem
222 311 330 410 λύπην
343 296 574 416 Chrysippus,
600 313 694 410 quasi
714 314 842 413 [idom
868 312 905 386 id
919 315 1031 416 est2]
1055 314 1191 388 solutio-

118 443 193 489 nem
220 413 323 486 totius
347 413 511 501 hominis,
537 413 731 514 appellatam
758 432 859 513 putat.
885 444 968 516 quae
983 433 1050 489 tota
1069 418 1192 517 poterit

121 516 233 606 evelli,
259 515 438 616 explicata,
463 532 499 587 ut
524 516 805 616 principio'tlixi,
831 544 947 594 caussa
965 520 1190 616 aegritudinis.

120 636 167 694 est
177 618 268 692 enim
278 616 368 691 nulla
377 612 450 705 alia,
466 617 530 689 nisi
548 617 663 717 opinio
682 635 713 692 et
730 619 890 692 iudicium
907 622 1020 718 magni
1037 627 1193 721 praesen-

119 722 161 796 tis
177 737 278 821 atque
293 720 441 824 urgentis
459 719 545 803 mali.
570 721 680 819 itaque
696 737 728 793 et
744 721 841 794 dolor
855 722 1015 822 corporis,
1036 724 1128 797 euius
1143 740 1195 805 est

119 851 253 898 morsus
279 822 478 909 acerrimus,
503 821 667 922 perfertur
682 851 741 923 spe
758 825 930 924 proposita
946 825 1046 906 boni:
1073 841 1105 898 et
1122 842 1194 899 acta

121 943 211 1000 aetas
233 925 372 998 honeste
401 953 439 997 ac
467 922 641 1024 splendide
666 918 903 998 tantamallert
923 926 1195 1015 consolationem,

120 1045 157 1102 ut
173 1055 243 1115 eos,
270 1027 327 1126 qui
345 1027 389 1099 ita
403 1025 553 1113 vixerint,
580 1043 717 1099 autnon
736 1027 903 1125 attingat.³
924 1029 1112 1126 aegritudo,
1139 1045 1194 1102 aut

121 1129 299 1232 perleviter
308 1145 433 1228 pungat
445 1128 547 1201 animi
568 1128 672 1201 dolor.
707 1131 846 1201 -XXVL
878 1141 934 1209 62.
961 1131 1029 1203 sed
1047 1131 1089 1203 ad
1107 1132 1194 1205 hanc

111 1224 326 1333 'opinionem
343 1232 455 1328 magni
479 1230 557 1305 mali
575 1259 676 1329 quum
694 1230 749 1303 illa
768 1232 865 1304 etiarn
882 1232 997 1331 opinio
1014 1234 1195 1329 accessit4,

121 1350 295 1435 oportere,
320 1349 444 1431 rectum
465 1360 553 1420 esse,
580 1333 621 1404 a‹l
638 1333 782 1406 officium
804 1334 985 1431 pertinere,
1009 1334 1094 1408 serre
1112 1334 1195 1408 illud

121 1464 238 1535 aegre,
263 1435 354 1534 quod
378 1434 549 1512 acciderit:
575 1451 646 1507 tum
669 1435 810 1536 denique
838 1434 980 1509 efficitur
1002 1436 1068 1509 illa·
1086 1437 1195 1535 gravis

121 1537 340 1638 aegritudinis
354 1528 569 1637 perturbatio
895 1590 896 1595 .

133 1680 137 1686 ⁴
224 1641 276 1712 Ex
300 1639 364 1711 hac
388 1624 545 1738 opinione
560 1656 637 1710 sunt
650 1638 706 1713 illa
720 1640 809 1713 varia
827 1638 858 1712 et
877 1639 1083 1713 detestabilia
1097 1667 1194 1738 gene-

124 1771 169 1842 ra
182 1740 336 1840 lugendi:
369 1741 548 1840 paedores3
579 1741 758 1814 muliebres
779 1741 994 1815 lacerationes
1019 1770 1195 1841 genarumz
1304 1790 1311 1805 ·

122 1842 283 1947 pectoriS,
307 1842 480 1929 feminum,
504 1842 621 1942 eapitis
640 1843 880 1943 percussiones.
930 1845 1019 1917 Hine
1035 1844 1089 1918 ille
1107 1845 1196 1942 Aga-

123 1960 259 2025 m'emno
274 1944 490 2032 Homericus,
509 1961 548 2018 et
565 1945 653 2019 idem
666 1944 842 2034 Attianus,
867 1991 871 1997 -

210 2067 356 2127 Scindens
379 2067 484 2126 dolore
505 2067 669 2126 identidem
690 2067 842 2126 intonsam
862 2066 993 2126 comam'

124 2167 160 2239 in
175 2174 253 2265 'quo
267 2164 410 2237 facetum
428 2164 510 2237 illud
523 2165 659 2251 Bionis,
684 2164 824 2265 perinde
841 2163 1070 2236 stultissimum
1089 2191 1199 2265 regem

126 2268 270 2356 inluctu
287 2266 442 2366 capillum
459 2267 524 2338 sibi
540 2265 685 2354 evellere,
711 2265 806 2365 quasi
821 2264 950 2338 calvitio
968 2293 1099 2339 maeror
1116 2266 1203 2340 leva-

124 2387 226 2445 retur.
254 2414 300 2426 -
354 2379 410 2447 63.
437 2369 504 2440 Sed
530 2368 610 2441 haec
634 2368 744 2441 omnia
768 2367 911 2454 faciunt,
938 2368 1129 2467 opinantes,
1155 2370 1200 2441 ita

128 2473 204 2546 lieri
227 2487 390 2570 oportere.
440 2471 554 2579 ltaque
578 2486 610 2542 et
629 2469 811 2542 Aeschines
827 2469 1136 2569 iri-Demosthenem
1150 2468 1201 2541 in-

125 2575 275 2660 vehitur,
301 2572 392 2671 quod
415 2571 443 2644 is
466 2571 606 2672 septimo
633 2572 687 2644 die
711 2589 788 2672 post
808 2570 895 2644 filiae
918 2588 1057 2644 mortem
1072 2570 1200 2643 hostias

126 2674 373 2750 immolavisset.
407 2690 440 2745 at
470 2698 568 2773 quam
585 2673 775 2779 rhetorice!
809 2702 907 2775 quam
933 2673 1085 2774 copiose!
1119 2700 1201 2772 quas

127 2777 310 2852 sententias
321 2775 461 2873 colligit!
488 2803 571 2874 quae
588 2776 686 2849 verba
704 2778 915 2877 contorquet!
939 2793 977 2847 ut
990 2775 1088 2848 licere
1104 2775 1202 2873 quid-

126 2880 187 2973 vis,
207 2879 335 2954 rhetori
361 2877 532 2976 intelligas.
558 2907 642 2977 quae
667 2906 765 2951 nemo
781 2872 956 2978 proltaret,
980 2877 1047 2950 nisi
1064 2877 1218 2949 insitum·

197 3068 216 3124 2
232 3065 332 3115 Abeunt
346 3062 410 3113 haec
425 3062 483 3114 tria
507 3081 522 3114 a
544 3063 568 3112 b.
586 3066 649 3120 le.
668 3048 700 3114 et'
715 3024 834 3115 deleret..
851 3062 884 3115 V.
901 3062 1070 3114 Gebh..Lall.
1092 3064 1150 3115 Em.
1168 3091 1202 3101 -

128 3135 175 3188 W.
192 3149 274 3183 uncos
297 3130 418 3181 admovit.
436 3134 478 3180 Or.
497 3129 573 3181 rolin.
589 3130 644 3180 sine
663 3130 743 3182 uncis.
760 3132 849 3182 Recte.
883 3130 971 3188 antii
993 3131 1074 3182 Godd.
1092 3141 1119 3182 et
1133 3131 1202 3182 mul-
1280 3139 1284 3145 '

128 3213 172 3254 tao
186 3199 252 3252 Ildd.
269 3195 375 3268 tangat.
394 3197 436 3248 sic
450 3200 509 3248 Em.
544 3199 561 3256 4
578 3201 638 3250 Ern.
658 3216 680 3250 c.
698 3198 756 3250 aliis
772 3199 923 3250 accesserit.
939 3191 1017 3248 Male.

180 3317 260 3387 quasi
275 3314 444 3380 solutionem!
479 3313 565 3365 Simile
582 3314 652 3365 veri-
719 3313 829 3378 Πολλὰς
861 3312 892 3368 ἐκ
916 3317 1040 3382 κεφαλῆς
1065 3315 1204 3384 apodriti·

130 3385 247 3438 verbium
262 3384 314 3435 iani
331 3384 405 3434 Plato
422 3382 449 3430 in
467 3381 570 3449 Cratylo
587 3399 652 3449 pro-
885 3400 973 3450 μνονς
987 3379 1079 3436 ἕλκετο
1096 3382 1201 3449 χαίτας.

129 3454 207 3516 tulit,
234 3451 321 3502 dicens
342 3451 433 3518 λύπην
451 3445 507 3502 dard
524 3450 575 3514 τῆς
592 3446 652 3501 δια·
733 3449 876 3516 Attianus)
911 3452 1066 3515 Agamemno
1088 3449 1115 3498 in
1136 3449 1200 3501 Attii

129 3521 237 3581 leirene
273 3520 325 3573 τοῦ
358 3517 485 3584 σώματος
517 3513 651 3583 inorepa-
685 3515 774 3566 fabula
788 3515 947 3582 cognomine.
1037 3512 1040 3521 “

130 3589 247 3656 σθῆναι.
735 3587 777 3643 63.
793 3583 941 3634 Aeschines
957 3584 986 3632 in
994 3583 1204 3650 Demosthenem)

181 3676 225 3730 ω,
240 3669 373 3741 paedore,
386 3696 419 3707 ,,,
433 3666 530 3738 capiti,
541 3685 653 3737 percus.
684 3649 712 3700 in
741 3649 863 3701 oratione·
889 3647 979 3702 contra
1011 3650 1201 3720 Ctesiphontem

131 3742 236 3802 aiones)
252 3736 369 3788 Davisius
383 3736 453 3786 adire
470 3737 541 3786 iubet
556 3735 653 3785 Kirch-
686 3734 711 3784 P·
724 3717 789 3800 440·
805 3718 845 3768 ed·
860 3718 944 3797 WOlf·
984 3748 994 3798 ζ

130 3823 253 3859 mannum
266 3805 298 3855 de
313 3806 404 3854 Itum,
420 3805 450 3853 Π,
471 3821 493 3853 0,
512 3807 552 3863 11,
571 3808 610 3861 12·
627 3811 654 3852 et
690 3852 696 3864 ι
736 3784 846 3838 hostias,
860 3786 1062 3854 ammolavreset)
1083 3795 1204 3856 tanquam

131 3867 261 3926 Feithiun
278 3870 518 3941 Antiq.H0m.111.
536 3888 559 3921 c.
579 3876 619 3929 15.
688 3869 715 3902 111
730 3853 805 3903 rebus
819 3853 901 3903 laetis.
941 3919 947 3930 .

736 3919 818 3970 verba
832 3923 995 3991 contorquet)
1019 3923 1052 3973 H.
1066 3940 1093 3973 e.
1109 3940 1205 3975 summa

183 3972 521 4046 Agamem'wfflme'lwll
535 3971 653 4023 mmlx·
687 3986 713 4037 vi
733 3997 761 4036 et
782 3987 878 4056 impetu
900 3990 1007 4057 profert.
1035 3991 1205 4058 'Metaphorn

133 4043 176 4105 14·
193 4061 233 4112 eq·
679 4054 765 4118 ¹dueta
777 4064 816 4105 est
831 4072 847 4106 a
862 4056 967 4120 iaculis,
984 4075 1049 4126 quae
1063 4058 1104 4108 vel
1118 4075 1203 4118 manu,

166 4125 263 4195 Αὐτὰρ
280 4122 322 4180 ὅτ’
346 4121 376 4188 ἐς
395 4120 465 4188 νῆάς
484 4138 514 4175 τε
533 4121 590 4177 ἴδοι
606 4119 661 4189 καὶΙ
687 4121 859 4174 vel.maolrilia
876 4123 960 4204 aliqua
980 4134 1137 4194 torquentur.
1171 4126 1203 4176 V.

417 4187 620 4259 letdeffllzotteir,
687 4190 795 4241 Ernesti.
813 4191 883 4242 Glav.
900 4191 1015 4244 ciceron.
1033 4211 1052 4242 s.
1068 4210 1092 4241 v.
