2640 4626
198 182 269 256 300
446 195 726 249 rascmmmmr
742 196 1021 250 nrsrnrarrouuu

199 315 294 413 Quid
308 316 409 414 ergo?
434 315 489 389 hic
508 342 602 388 amor
615 315 755 389 Medeae
775 332 897 414 quanta
915 315 1124 390 miseriarum
1147 314 1271 390 excita-

198 420 245 491 vit
263 418 431 492 incendia!
456 419 565 517 Atque
588 445 626 490 ea
651 433 761 490 tamen
785 419 875 518 apud
898 417 1000 493 alium
1025 434 1158 520 poetam
1182 418 1270 520 patri

199 521 310 594 dicere
328 520 442 608 audet,
468 548 503 593 se
521 519 694 617 coniugem
711 519 868 595 habuisse

240 643 349 719 Illum,
370 643 465 703 Amor
485 663 573 723 quem
595 642 728 719 dederat,
750 642 803 722 qui
823 642 893 724 plus
913 643 1018 724 pollet,
1019 643 1204 789 trpotiorque
1228 654 1273 704 est

978 749 1016 809 pa
1066 773 1073 789 .

300 825 459 899 XXXIII.
511 833 568 906 70.
594 825 663 899 Sed
676 843 791 927 poetas
808 825 922 900 ludere
939 826 1099 915 sinamus,
1123 855 1270 928 quorum

198 927 321 1001 labulis
335 927 371 1001 in
387 928 451 1002 hoc
467 926 592 1026 llagitio
611 928 736 1001 versari
750 928 861 1030 ipsum
877 928 1026 1003 videmus
1040 930 1163 1004 Iovem.
1215 929 1270 1004 Ad

198 1030 375 1129 magistros
402 1029 547 1118 virtutis,
578 1030 800 1131 philosophos
823 1031 1009 1107 veniamus:
1035 1032 1093 1132 qui
1120 1060 1269 1107 amorem

199 1150 321 1230 negant
345 1132 451 1233 stupri
474 1160 561 1221 esse,
588 1132 674 1207 etin
701 1161 740 1207 eo
767 1133 894 1232 litigant
920 1162 994 1207 cum
1008 1134 1176 1235 Epicuro,
1201 1163 1266 1209 non

198 1234 356 1323 multum,
381 1251 418 1307 ut
435 1234 550 1336 opinio
573 1263 644 1309 mea
667 1234 746 1323 lert,
779 1237 965 1310 mentiente.
1004 1237 1078 1337 quis
1103 1254 1157 1311 est
1182 1237 1265 1311 enim

199 1336 262 1411 iste
280 1365 374 1410 amor
398 1336 583 1411 amicitiae?
609 1365 668 1411 cur
689 1366 796 1437 neque
822 1338 1003 1412 deformem
1025 1339 1263 1413 adolescentem

199 1441 374 1540 quisquam
392 1456 494 1527 aurat,
519 1468 626 1539 neque
640 1440 823 1514 formosum
839 1443 975 1515 senem?
1024 1442 1110 1514 Mihi
1133 1442 1263 1541 quidem

198 1542 337 1617 haeein
356 1542 558 1615 Graecorum
579 1541 762 1645 gymnasiis
788 1560 864 1616 nata
889 1545 1095 1617 consuetudo
1119 1545 1263 1634 videtur;
1308 1542 1310 1587 ³

198 1644 235 1718 in
252 1644 374 1744 quibus
390 1645 445 1718 isti
459 1643 555 1718 liberi
571 1660 603 1718 et
616 1644 766 1719 concessi
784 1662 861 1718 sunt
883 1640 1020 1721 timores.
1070 1647 1166 1722 Bene
1190 1675 1262 1746 ergo

195 1747 342 1821 Ennius:

135 1842 150 1863 '
238 1850 351 1931 Flagiti
370 1851 556 1933 principium
576 1860 621 1912 est
641 1851 757 1913 nudare
777 1852 858 1913 inter
878 1852 954 1914 ciris
976 1856 1113 1935 corpora.

197 1950 268 2047 Qui
286 1967 322 2024 ut
340 1950 424 2038 sint,
450 1951 540 2051 quod
555 1949 628 2024 fieri
652 1978 753 2050 posse
767 1950 864 2025 video
873 2007 884 2038 ,
910 1951 1043 2052 pudici,
1071 1951 1208 2026 solliciti
1221 1968 1261 2025 ta-

197 2082 273 2127 men
288 2070 320 2127 et
336 2053 423 2127 anxii
440 2070 533 2127 sunt:
561 2080 664 2151 eoque
679 2053 803 2153 magis,
830 2054 921 2153 quod
947 2081 983 2128 se
1008 2053 1074 2155 ipsi
1098 2056 1261 2129 continent

198 2172 230 2231 et
252 2172 411 2230 coercent.
463 2162 520 2236 71.
545 2155 672 2255 Atque,
696 2172 732 2228 ut
760 2155 930 2229 muliebris
954 2184 1083 2230 amores
1107 2158 1262 2245 omittam,

198 2256 320 2357 quibus
341 2254 500 2332 maiorem
515 2256 681 2331 licentiam
701 2274 817 2331 natura
841 2257 1020 2332 concessit:
1047 2258 1124 2358 quis
1145 2277 1205 2333 aut
1229 2259 1262 2333 de

199 2360 274 2433 Gan
333 2359 433 2433 edis⁴
456 2376 553 2462 raptu
572 2358 718 2448 dubitat,
744 2359 825 2460 quid
842 2377 959 2461 poetae
971 2360 1094 2434 velint?
1119 2366 1180 2435 aut
1201 2390 1263 2435 nou

198 2462 277 2536 intel
291 2461 367 2561 igit,
401 2462 483 2561 quid
519 2461 609 2562 apud
630 2458 825 2561 Euripidem
853 2479 884 2536 et
915 2462 1067 2563 loquatur
1100 2480 1132 2537 et
1158 2464 1263 2565 cupiat

196 2565 322 2637 Laius?
347 2564 429 2664 quid
444 2565 585 2664 denique
600 2563 752 2638 homines
767 2564 951 2638 doctissimi
968 2582 1000 2639 et
1015 2566 1136 2639 summi
1150 2583 1263 2666 poetae

198 2666 240 2741 de
268 2695 303 2740 sc
326 2666 439 2767 ipsis⁵
464 2684 496 2740 et
522 2666 724 2739 carminibus
749 2668 848 2740 edant
874 2683 905 2741 et
931 2668 1107 2742 cantibus?
1157 2667 1263 2743 Fortis

197 2769 249 2841 vir
268 2768 303 2841 in
324 2797 384 2841 sua
402 2768 589 2869 republica
607 2769 776 2866 cognitus,
802 2797 886 2868 quae
905 2769 946 2843 de
975 2769 1129 2843 iuvenum
1157 2798 1263 2845 amore

197 2869 344 2944 scribit⁶
374 2870 540 2945 Alcaeus?
564 2899 641 2943 nana
661 2870 880 2945 Anacreontis
904 2871 1038 2971 quidem
1061 2888 1130 2946 tota
1156 2871 1263 2974 poesis

197 2990 247 3046 est
263 2973 429 3045 anratoria.
464 2971 609 3046 Maxime
626 2999 703 3046 vero
721 2973 868 3046 omnium
883 2971 1040 3072 flagrasse
1056 3003 1172 3049 amore
1182 2975 1264 3049 Rbe-

196 3075 311 3174 ginum
328 3075 486 3178 Ibycum,
512 3092 650 3177 apparet
666 3103 704 3149 ex
720 3075 861 3176 scriptis.

261 3226 339 3284 40r.
358 3245 378 3277 c.
392 3229 425 3280 R.
442 3231 475 3280 D.
498 3227 656 3295 Ganymedi.
690 3228 779 3279 Recte.
796 3229 828 3280 V.
845 3227 996 3280 Ramshoru.
1029 3229 1089 3281 Lat.
1111 3228 1160 3279 Gr.
1181 3231 1205 3300 5.
1227 3231 1264 3287 29.

214 3294 282 3353 ,48ι
298 3293 370 3347 Adde
384 3297 450 3347 Ado.
467 3296 507 3347 ed.
523 3299 565 3347 111.
584 3301 633 3360 10,
648 3300 690 3354 21.
740 3299 873 3355 50xonn.
890 3294 952 3363 aliq.
970 3296 1017 3346 De.
1032 3294 1100 3345 Lell.
1112 3297 1176 3347 Em.
1208 3294 1264 3366 ipsi.

196 3448 209 3481 v
211 3362 272 3498 albe
281 3362 402 3501 cinxi,
420 3360 447 3414 in
463 3367 485 3417 1.
511 3370 560 3429 ³0,
578 3370 619 3424 73·
665 3361 740 3422 68ἱο
757 3365 823 3423 0211.
839 3366 871 3417 V.
889 3362 970 3415 Gebh.
988 3365 1020 3415 1).Ι
1035 3361 1103 3413 Lall.
1121 3391 1156 3402 —
1172 3365 1232 3415 Em.
1245 3380 1265 3413 c.

225 3540 262 3570 ²·-
296 3557 329 3569 -
389 3529 482 3598 Ἔρως
496 3529 520 3585 o'
535 3529 672 3600 riro'yuaor
796 3532 827 3582 in
858 3531 1018 3583 Graecorum
1046 3532 1214 3600 gymnasiis)
1237 3532 1265 3581 V.

229 3594 332 3651 Hdvov
348 3596 482 3668 ἅφύκτων
505 3596 611 3667 τούμὸν
634 3598 713 3652 lnoci-
747 3602 802 3650 Ast.
817 3598 849 3649 ad
864 3598 1100 3665 Platonissympos.
1117 3600 1266 3658 IX.4.An-

547 3682 593 3720 σαι
602 3666 695 3731 δέμας.
748 3668 876 3735 iiaerlcung
893 3685 925 3716 zu
942 3666 969 3715 d.
988 3665 1095 3716 Uebers.
1111 3684 1137 3732 p.
1151 3672 1213 3727 291.

196 3732 715 3801 Deistonapnxripauomori-bonori
794 3734 913 3804 Flagiti)
935 3735 981 3784 Est
1011 3743 1164 3786 tetrameter
1188 3732 1265 3787 uach

196 3799 229 3849 cf.
244 3800 339 3851 Adnot.
355 3801 388 3852 ad
404 3821 426 3851 c.
442 3806 480 3864 17,
497 3807 539 3861 38.
749 3801 865 3853 catalect.

246 3868 334 3935 Illum)
351 3871 396 3919 Est
409 3879 557 3920 tetrameter
572 3868 715 3920 trochaicus
798 3874 840 3927 71.
859 3868 931 3939 apud
953 3868 1110 3938 Euripidem
1133 3870 1229 3950 Laius)
1243 3867 1266 3919 ia

196 3935 369 3986 catalecticus.
748 3936 881 4002 tragoedia
899 3935 1046 4004 deperdita,
1065 3954 1131 4004 quae
1149 3937 1266 4005 inscripta

247 4003 442 4054 CartXXXlll.
461 4010 503 4060 70.
522 4005 717 4074 negantsrupri
750 4013 805 4053 erat
820 4003 981 4071 Chrysippus.
1014 4003 1093 4054 Laius
1118 4004 1202 4063 enirn.
1226 4020 1265 4054 rex

197 4072 263 4139 esse)
288 4068 368 4120 stoici
392 4069 525 4130 dicebant,
551 4089 661 4122 amorem
678 4069 716 4139 μὴ
749 4070 903 4131 Thebarum,
922 4070 1097 4139 Chrysippum,
1107 4073 1172 4123 Pelo
1191 4071 1264 4123 infili-

203 4136 276 4192 εἶναι
286 4137 443 4202 συνουσίας,
452 4135 519 4191 ἀλλὰ
529 4138 632 4206 φιλίας.
640 4139 718 4205 Dioge
750 4156 801 4201 um,
814 4139 922 4188 amabat.
948 4140 980 4190 V.
996 4139 1114 4218 Dayisiae
1130 4092 1205 4191 adh.
1218 4138 1234 4189 l.

198 4207 283 4258 Laert.
298 4207 353 4257 vlt.
374 4204 431 4263 130.
801 4222 864 4256 nam
878 4208 1064 4274 Anacreontis)
1080 4209 1114 4259 11.
1122 4224 1147 4260 e.
1160 4208 1193 4259 de
1198 4212 1264 4258 Aua·
