2640 4626
117 178 161 254 24
524 192 786 246 raorrconnna

118 315 219 393 ditur,
245 325 283 377 ut
298 316 462 380 sententias
481 324 582 374 tamen
600 315 726 375 illorum
743 314 933 395 potissimum
948 315 983 375 in
998 335 1089 376 usum
1104 336 1196 376 suum

120 427 293 496 convertat,
324 418 396 497 quia
418 416 547 478 maxime
570 416 644 477 forti
664 427 694 477 et
709 417 795 477 virili
812 427 946 478 utuntur
964 416 1082 479 ratione
1105 428 1197 497 atque

119 520 276 581 sententia.
291 551 333 571 -·
374 518 644 600 Peripateticorum
657 519 745 595 ratio,
767 519 1056 598 quimediocritates
1070 530 1197 601 pertur-

119 622 278 687 bationum
306 620 399 683 animi
426 621 574 702 probent,
606 620 752 681 reiicitur.
775 654 818 668 -
867 620 1023 680 Vocabula
1046 628 1143 691 πάθος
1166 631 1198 681 et

120 723 284 809 aegritudo
309 725 390 784 inter
416 743 447 785 se
472 733 695 801 comparantur.
717 753 759 770 -
787 721 858 781 ζΗίε
879 722 1066 801 praemissis,
1098 723 1197 782 omnis

121 823 287 906 disputatio
305 824 455 886 dividitur
471 824 508 889 in
521 823 596 884 duas
616 832 734 904 partes:
757 843 885 902 quarum
903 825 997 883 altera
1015 834 1060 884 est
1077 823 1114 884 de
1131 824 1197 883 ori-

121 927 190 1006 gine
206 937 236 990 et
249 947 353 988 caussa
370 914 583 1006 aegritudinis,
604 920 752 987 alterode
766 926 831 986 eius
846 925 1012 986 curatione.
1035 925 1061 1006 5.
1078 928 1131 997 22.
1144 928 1196 996 23.

334 1187 360 1226 a.
402 1163 525 1225 PRIOR
545 1162 643 1223 PARS
666 1160 996 1254 msruufflonlu

638 1302 658 1340 D
666 1301 684 1341 B

459 1392 583 1450 CAUSSA
600 1396 851 1449 aucmnmmrs.

204 1522 317 1582 Caussa
330 1541 393 1582 nou
409 1518 607 1599 aegritudinis
622 1517 730 1594 solum,
752 1517 804 1578 sed
820 1517 910 1578 etiam
922 1517 1110 1594 reliquarum
1124 1537 1199 1598 per-

121 1623 332 1689 turbationum
347 1622 382 1683 in
398 1620 541 1703 opinione
555 1621 612 1680 sita
625 1629 680 1701 est.
723 1619 914 1680 Perturbatio
930 1632 1029 1681 autem
1046 1629 1091 1680 est
1106 1618 1200 1679 animi

123 1733 223 1785 motus
239 1723 366 1784 rationis
384 1742 508 1804 expers,
527 1722 614 1800 isque
630 1731 685 1781 aut
699 1720 773 1780 boni
790 1731 844 1781 aut
861 1721 934 1782 mali
952 1720 1095 1801 opinione
1113 1720 1200 1781 exci-

122 1834 216 1885 tatur.
258 1825 340 1887 Hinc
361 1824 501 1901 bifariam
524 1832 669 1903 quattuor
691 1823 934 1903 perturbationes
952 1823 1119 1902 aequaliter
1133 1822 1200 1893 dis-

123 1925 255 1987 tributae
275 1935 369 1987 sunt.
378 1947 404 1988 c.
424 1928 473 1995 11
495 1925 522 2002 5.
543 1923 593 1992 24
610 1925 663 1992 25.
705 1924 783 1984 Nam
1113 1938 1115 1943 ⁴

538 2057 787 2120 Perturbotioneo

400 2233 404 2241 Ι
589 2159 738 2220 exsistunt

227 2323 272 2365 aut
288 2329 320 2366 ex
338 2261 1024 2384 ffione
1040 2308 1102 2361 mali

125 2443 170 2484 aut
186 2450 217 2484 ex
234 2434 366 2517 opinione
405 2446 452 2488 ant
467 2452 531 2486 exo
550 2434 637 2491 inione
690 2442 734 2485 ant
751 2449 783 2483 ex
801 2433 921 2512 opinione
971 2443 1017 2486 aut
1034 2450 1064 2483 ex
1082 2450 1098 2483 o
1115 2392 1203 2485 insso

161 2503 314 2583 proesentis
429 2505 518 2573 impert
538 2503 608 2553 entis
727 2501 882 2580 proesentis
995 2502 1084 2572 impert
1120 2502 1179 2553 ntia

209 2567 271 2621 boni
489 2570 549 2620 boni
775 2569 841 2618 moli
1052 2569 1120 2619 moli

176 2637 303 2689 laetitio.
444 2637 594 2709 Cupiditas.
729 2635 886 2706 Aegrimdo.
1036 2637 1138 2688 Metuo.

210 2744 266 2817 llis
287 2757 568 2838 perturbationibus
587 2754 727 2816 omnibus
749 2754 868 2816 viribus
891 2756 1128 2838 repugnandum
1152 2767 1205 2833 eet,

128 2858 155 2920 si
168 2860 262 2918 vitam
276 2859 442 2937 tranquille
456 2859 635 2939 placideque
648 2856 807 2918 traducem
819 2858 970 2919 volumus.
1007 2857 1089 2918 Huic
1101 2869 1206 2920 autem

128 2959 326 3039 disputationi
340 2960 534 3040 propositum
555 2969 617 3036 est,
647 2968 684 3023 ut
702 2960 866 3040 aegritudo
891 2960 1074 3041 depellatur:
1106 2962 1137 3040 5.
1155 2962 1206 3031 95.

128 3081 218 3140 quam
232 3061 366 3123 omnium
378 3062 643 3142 perturbationum
658 3060 865 3140 gravissimam
878 3082 949 3138 esse,
972 3061 1089 3140 aliquot
1099 3083 1206 3126 exem·

127 3163 188 3244 plia
210 3164 367 3241 probatur.
397 3165 562 3233 &1213-
584 3163 682 3242 princ.
727 3161 846 3235 Quibus
864 3163 1051 3243 praemissis,
1084 3163 1207 3240 Tullius

127 3263 208 3323 redit
225 3266 264 3325 ad
281 3264 490 3344 explicandam
507 3282 641 3324 caussam
659 3263 874 3341 aegritudinis,
889 3260 942 3341 ‘et,
963 3275 1128 3344 postquam
1144 3286 1208 3327 eam

129 3365 269 3426 exsistere
284 3366 380 3442 dixit,
403 3387 497 3445 quum
495 3366 587 3444 quid
604 3365 648 3425 ita
664 3365 765 3425 visum
781 3376 872 3441 esset,
893 3376 930 3425 ut
945 3385 1086 3444 magnum
1105 3368 1208 3446 quod·

128 3466 199 3527 dam
220 3469 333 3529 malum
362 3468 464 3528 adessa
492 3476 523 3527 et
553 3486 660 3545 urgere
687 3466 860 3542 videretur,
890 3468 947 3526 snb
969 3487 1094 3563 examen
1117 3477 1208 3530 voert

128 3570 261 3648 Epicuri
279 3580 308 3631 et
329 3569 565 3649 Cyrenaicorrme
587 3569 625 3627 de
650 3554 838 3645 aegritudine
863 3567 986 3645 eiusque
1006 3589 1112 3629 caussa
1137 3590 1209 3630 seu-

127 3670 263 3729 tentiam.
312 3670 479 3749 Utrique
470 3690 504 3729 ιιι
530 3690 565 3729 eo
588 3669 796 3744 consentiunt,
829 3670 912 3748 quod
932 3670 1188 3748 aegritudinem
1176 3691 1209 3732 rn

127 3780 237 3830 natura
255 3772 342 3831 sitam
359 3793 421 3833 esre
441 3780 579 3848 censent,
602 3792 636 3830 eo
654 3779 754 3830 tamen
772 3770 933 3846 differunt,
955 3773 1038 3850 quod
1053 3773 1208 3853 Epicurei,

128 3872 348 3950 aegritudinem
363 3872 486 3933 omnino
501 3872 643 3952 opinione
657 3871 746 3947 mali,
769 3872 852 3950 quod
867 3872 1001 3949 accidat,
1024 3873 1116 3950 effici,
1138 3895 1209 3936 sen·

127 3974 226 4048 tiunt;
249 3975 407 4054 Cyrenaici
423 3984 540 4050 autem,
568 3995 631 4034 non
648 3993 687 4033 ex
705 3973 788 4033 omni
804 3974 902 4049 malo,
932 3972 985 4033 sed
1003 3974 1164 4055 insperato
1181 3984 1210 4036 et

127 4076 310 4154 necopinato
328 4076 408 4136 malo
430 4097 494 4135 eam
507 4075 591 4151 oriri,
613 4084 760 4135 statuunt.
801 4076 1073 4152 Ciceroconcedit,
1097 4077 1207 4153 omnia,

128 4197 204 4256 quae
223 4175 304 4237 mala
330 4187 496 4259 putentur,
525 4176 683 4267 repentina
712 4185 742 4236 et
769 4176 937 4259 improvisa
964 4178 1110 4256 graviora
1139 4198 1208 4255 esse,
