2640 4626
192 207 254 281 132
436 210 719 266 rracmmsama
734 206 1015 261 ormorsrroaoss

192 331 273 409 ferri
286 339 323 407 ὅς
349 329 445 404 nihil
456 355 596 402 necesse
620 340 683 415 est,
708 325 836 427 inquit3
861 324 1018 425 undr'que
1034 326 1132 397 enim
1147 322 1206 397 ad
1218 327 1270 398 ia-

182 438 288 537 seros
310 431 521 507 tantundem
536 432 612 503 aiae
637 442 716 502 est·
747 431 898 528 Totaque
916 427 959 501 de
978 427 1107 501 ratione
1126 425 1270 501 humati-

195 538 270 612 onis
286 563 390 609 unum
407 533 586 608 tenendum
606 548 665 620 est,
690 530 733 604 ad
750 558 873 631 corpus
889 529 980 603 illam
996 529 1177 630 pertinere,
1203 529 1270 603 sire

194 638 362 715 occiderit¹
375 637 523 725 animus,
548 635 616 709 sive
634 633 750 731 vigeat.
774 633 811 706 in
829 647 1113 733 commeantem,
1139 632 1270 733 perspi·

195 768 294 817 cuum
311 757 371 830 est,
394 737 617 815 reiexstincto
634 736 745 809 animo
759 733 811 809 rel
829 733 954 835 elapso,
977 732 1106 809 nullum
1121 734 1269 809 residere

187 871 338 919 sensum

295 943 415 1018 XLIV.
437 947 522 1022 105.
548 939 617 1013 Sed
630 937 729 1040 plena
753 966 903 1013 errorum
920 953 998 1011 sunt
1015 936 1138 1011 omnia.
1191 939 1269 1011 Tra·

195 1048 247 1123 hit
268 1048 463 1133 Hectorem,
489 1042 533 1115 ad
557 1070 690 1116 eunom
713 1039 907 1139 religatum,
939 1038 1106 1117 Achilles:
1132 1036 1269 1117 lacerari

179 1177 273 1224 ¹eum
299 1166 331 1222 et
361 1146 500 1233 sentire,
533 1144 653 1233 credo,
691 1159 793 1244 putat.
827 1170 906 1240 ergo
932 1140 987 1215 hic
1010 1140 1205 1231 ulciscitur,
1239 1158 1270 1214 ot

197 1251 333 1351 quidem
361 1248 427 1323 sibi
457 1246 594 1320 ridetur.
645 1244 692 1319 As
716 1244 773 1319 ilia
806 1244 893 1319 sicut
921 1243 1176 1321 acerbissimam
1207 1273 1270 1319 rem

197 1369 338 1427 maeret:

280 1473 369 1549 Vidi,
390 1471 495 1532 videre
513 1469 600 1548 quod
620 1489 668 1529 me
689 1490 776 1548 passa
796 1487 987 1547 aegerrume,

279 1558 441 1618 Hectorem
459 1574 557 1615 curru
578 1553 780 1633 quadriiugo⁶
802 1553 959 1634 raptarier.

198 1673 309 1770 Quem
334 1670 535 1744 Hectorem?
561 1684 618 1741 aut
642 1668 800 1767 quamdin
820 1666 875 1741 ilie
897 1667 960 1741 erit
974 1666 1125 1741 Hector?
1151 1665 1272 1740 Melius

198 1773 310 1847 Attius
323 1782 354 1861 ⁷,
380 1789 412 1845 et
425 1770 604 1870 aliquando
620 1770 754 1870 sapiens
769 1768 935 1844 Achilles:
976 1845 980 1852 ,

283 1896 379 1955 Immo
395 1893 548 1954 enimvero
565 1912 675 1972 corpus
688 1892 806 1952 Priamo
823 1890 952 1969 reddidi,
973 1890 1135 1952 Hectorem
1155 1891 1272 1953 abstuli

265 2085 282 2137 5
298 2077 340 2128 Sic
354 2076 440 2145 plures
454 2074 519 2126 Edd.
536 2084 600 2127 vett.
618 2085 644 2125 et
657 2076 689 2126 D.
704 2092 720 2125 e
729 2075 810 2126 codd.
819 2102 851 2112 -
869 2075 929 2124 Ern.
940 2071 1026 2125 celiis
1042 2071 1151 2141 afferri.
1186 2078 1207 2135 6
1221 2076 1272 2127 h

199 2164 222 2197 c.
239 2144 320 2198 Gebh.
340 2145 435 2215 quadr.
453 2161 538 2194 curru.
572 2149 590 2202 7
605 2143 665 2193 Em.
683 2160 705 2193 c.
720 2142 776 2193 aliia
789 2142 896 2196 Accius.

202 2262 328 2314 abstinere
334 2262 473 2324 studerent,
491 2259 721 2324 reminiucundam,
752 2258 795 2323 rii,
813 2257 921 2309 desumti
936 2274 968 2308 ex
984 2256 1089 2326 antique
1101 2256 1193 2327 aliqua
1207 2258 1273 2311 Ennii

201 2330 317 2392 tristem,
332 2339 454 2381 moestam
467 2345 530 2379 voce
544 2328 667 2378 mollioris
684 2328 722 2377 si·
756 2325 905 2378 velPacnvii
918 2324 1058 2392 tragoedia.
1093 2327 1208 2378 Invooe
1222 2328 1273 2377 He-

202 2397 371 2465 gniiicatioais
378 2396 510 2463 designare
520 2394 646 2447 solebant.
654 2396 722 2445 Hinc
755 2407 853 2446 ctorem
867 2394 978 2445 secunda
985 2393 1084 2460 syllaba
1099 2394 1273 2460 productaest

201 2465 332 2518 nsoriendi
348 2482 437 2516 vocem
453 2462 647 2515 reformidantes
673 2477 721 2530 pro
756 2463 825 2531 (quia
846 2460 873 2511 in
898 2478 953 2511 eam
976 2460 1046 2511 cadit
1066 2460 1154 2528 arsis).
1199 2464 1273 2513 varro

201 2533 356 2584 eadicebant
369 2534 428 2582 reita
437 2531 570 2593 excedere,
586 2529 721 2592 decedere,
755 2532 785 2581 L.
801 2532 831 2580 L.
846 2530 901 2591 IX,
918 2533 943 2586 3.
960 2528 1069 2596 (p.104.
1086 2526 1128 2578 ed.
1145 2527 1275 2593 Gothori

202 2601 243 2651 vel
255 2599 403 2668 simpliciter
418 2598 553 2677 accedere,
569 2596 648 2675 obire3
664 2597 722 2647 vita
755 2597 788 2647 dc
804 2595 946 2647 nominibus
964 2595 1090 2646 Hectoris
1104 2604 1132 2674 ct
1150 2597 1274 2649 Nuceria

197 2664 722 2786 ittattftnta'ttttattt¹33:
755 2664 1274 2799 ttttttt‘tattttttffi

202 2803 246 2853 riis
262 2811 368 2852 utuntur
390 2799 634 2862 coenaremus,
658 2816 723 2866 quae
757 2800 864 2861 cebant,
881 2808 1100 2868 utqucestcrem,
1114 2812 1274 2867 prenotata,

203 2887 258 2920 rem
279 2868 378 2917 tristem
401 2866 472 2934 quasi
493 2864 632 2916 emolliant.
667 2868 723 2916 Lo·
756 2866 794 2916 sic
817 2868 974 2926 Hectorem,
996 2865 1151 2917 Nestorem.
1192 2868 1275 2935 tuque

205 2934 347 2987 cutionibus
369 2935 396 2983 ai
412 2933 477 3002 quid
499 2933 566 2983 milri
585 2933 723 2994 acciderit,
755 2933 850 2986 Ennius
858 2934 908 2983 ait:
927 2933 1156 2984 Heescrisnasmn
1164 2932 1275 2987 &aare

205 3003 247 3054 rel
255 3004 281 3052 si
289 3001 353 3071 quid
361 3000 471 3051 humani
486 2999 558 3070 quid,
572 3000 651 3051 vel'si
659 3001 724 3070 quid
757 3000 990 3052 Troidnoiactart.
1022 2998 1274 3055 Acciushocinrn-

205 3069 273 3120 milri
294 3068 447 3118 hantoniam
460 3068 590 3119 acciderit
613 3085 653 3118 res
672 3085 722 3119 on·
775 3068 854 3120 oediis
878 3067 972 3135 largius
995 3085 1010 3119 a
1035 3066 1121 3136 prisca
1137 3079 1276 3121 concnam·

207 3136 270 3187 dent
286 3152 394 3202 graecae
409 3134 476 3188 εἴτι
488 3135 574 3188 πάθω
589 3136 631 3186 vel
646 3087 681 3202 is
696 3153 724 3188 τι
756 3086 816 3187 iine
836 3152 938 3186 morere
957 3134 1058 3203 coepit,
1085 3144 1113 3186 et
1130 3136 1170 3189 ad
1188 3138 1276 3191 tome

205 3203 301 3257 πάθω.
325 3204 465 3255 V-Passow
482 3203 686 3255 Grieclszexic.
700 3220 723 3253 s.
755 3220 859 3271 graecas
889 3203 1023 3254 verboram
1044 3202 1124 3269 magis
1148 3220 1275 3265 mecam

207 3288 231 3322 v.
247 3268 306 3323 acio
322 3286 370 3322 ess.
757 3280 810 3322 eta
826 3288 876 3338 quo
891 3270 1007 3322 Valerius
1026 3269 1075 3321 ait:
1096 3267 1205 3325 Recine
1224 3272 1277 3325 ffl-

256 3355 274 3388 u
311 3339 417 3407 r'quc-
435 3337 473 3388 ad
493 3335 610 3408 inferos)
626 3339 724 3391 Graece
756 3335 1055 3407 ctoremnolletfccerc‚
1076 3338 1275 3399 Hectorem!-
1316 3330 1318 3341 ¹

206 3405 274 3475 apud
288 3405 364 3472 Diog.
377 3405 464 3456 Laert.
484 3408 517 3458 ΙΙ.
531 3409 554 3476 5.
569 3410 612 3465 11.
646 3406 723 3459 Hae·
757 3407 794 3457 let
801 3423 811 3463 ,·
827 3405 896 3473 quod
917 3404 1061 3456 adventicia
1081 3405 1213 3476 pleraque
1231 3408 1275 3459 ha-

205 3471 344 3542 castaus,
378 3470 392 3526 ἔ
415 3491 433 3541 η
457 3473 502 3540 (sc.
533 3477 632 3525 Anaxa
652 3474 723 3539 oras)
756 3474 842 3524 bemus
857 3490 964 3539 graeca,
987 3482 1118 3537 secutum,
1137 3485 1172 3525 ut
1186 3474 1276 3527 deno-

205 3538 290 3610 όμοία
302 3537 377 3594 toris
389 3491 414 3607 3
420 3539 462 3602 alc
476 3539 549 3611 ᾅδου
562 3492 723 3610 κατιῆῑασες.
755 3540 822 3619 theia
836 3541 999 3607 graecanicoa
1011 3556 1113 3607 qnoque
1134 3542 1277 3595 nonnmtos
1316 3552 1318 3557 '

256 3608 316 3659 Gir.
325 3605 419 3660 XLIV·
436 3612 495 3668 105·
513 3610 566 3659 Sed
570 3609 661 3689 pleno)
671 3612 724 3659 Iam
755 3607 1079 3687 plunnumhaberenum
1112 3607 1157 3661 cf.
1174 3608 1276 3663 schne-

205 3677 633 3811 ttttttttttmttcettbtt
646 3693 724 3793 iffi}
756 3675 850 3811 3353}
867 3673 1274 3806 iiiiiiii‘riss'oia'i'ii

206 3819 234 3860 et
248 3809 282 3860 sit
298 3809 379 3861 inanis
400 3810 451 3861 iste
469 3810 632 3877 superstitio,
648 3811 725 3861 etiam
807 3810 953 3879 aliquando
967 3808 1085 3881 capiam)
1109 3812 1155 3863 Η.·
1169 3830 1193 3865 e.
1214 3828 1276 3865 nunc

206 3887 320 3928 mortuos
334 3877 436 3939 sentire,
454 3894 518 3944 quae
527 3877 648 3929 incorum
662 3894 723 3929 cor-
756 3878 867 3938 tandem,
882 3888 1015 3947 postquam
1032 3877 1129 3928 diutins
1145 3880 1239 3931 saeviit
1252 3879 1275 3928 in

206 3962 269 4012 pora
282 3944 486 4005 committantur,
502 3955 632 4012 appareat.
756 3944 875 3997 Hectoris
891 3963 998 4013 corpus,
1015 3944 1047 3996 ad
1062 3962 1155 3997 amam
1170 3957 1275 3999 mmten

256 4013 319 4077 illa)
336 4010 442 4062 Hecuba
457 4021 537 4061 mater
556 4012 598 4062 vel
618 4012 723 4064 Andro·
755 4012 864 4076 rediens,
882 4022 909 4063 et
922 4012 1006 4063 intelli
1024 4030 1083 4077 ens,
1107 4029 1205 4084 corpus
1223 4016 1274 4065 lis-

205 4076 550 4144 macheuxorinteiligenda.
582 4079 722 4147 Descripsit
755 4080 842 4143 ctoris,
860 4080 1003 4149 nonipsum
1037 4089 1182 4136 ectorema
1196 4100 1224 4135 sc
1237 4080 1273 4133 ie-

204 4146 467 4210 hancremHomerus
475 4144 504 4197 11.
513 4146 601 4196 XXII.
618 4151 719 4207 395.aa.
754 4158 867 4199 ceratum
882 4164 944 4198 esse.

75 4206 175 4356 ἵ
253 4214 332 4282 Vide)
348 4214 510 4277 Suatreraus
523 4212 625 4267 iambici
642 4232 719 4265 asna·
801 4215 892 4283 Immo)
925 4216 971 4270 Est
990 4215 1092 4269 iambic.
1115 4223 1272 4271 unm.
