2640 4626
494 236 602 287 tunm(
618 235 824 287 fflsTourcus.
1129 229 1192 297 387

153 364 193 402 tus
216 353 335 402 nunciata
368 353 452 403 fratris
479 353 581 420 repulsa
608 352 635 402 in
701 355 789 419 itaque
811 350 879 399 solus
891 351 972 400 redux
980 352 1092 416 Teucer,
1108 358 1191 422 patria

152 419 303 470 Consulatus
317 421 440 487 petitione
462 420 532 471 illico
550 421 636 500 exspi—
702 439 717 469 a
739 429 813 486 patre
827 419 920 484 pulsus,
937 418 1062 485 Apollinis
1070 426 1191 489 responso
1277 483 1280 489 Ι

151 489 226 537 ravit.
251 490 283 551 4,
306 493 348 547 40.
372 489 410 539 of.
425 491 483 540 Ern.
502 488 557 540 Iud.
575 488 633 538 hrst.
704 505 760 537 cum
783 485 858 536 sociis
873 487 982 552 Cyprum
1004 489 1087 551 venit,
1112 501 1139 540 et
1155 492 1190 541 ibi

151 574 171 605 s.
190 573 214 605 v.
231 555 350 607 Rutilius.
703 553 832 604 Salamina
844 570 936 603 novam
946 554 1068 604 condidit.
1086 563 1110 619 5,
1129 562 1187 618 108.
1263 582 1266 587 ·

672 622 840 673 Theodectes.
859 625 957 683 Orator,
975 621 1111 690 discipulus
1127 617 1189 676 Pla-

259 742 261 751 ,
323 694 326 699 ’
364 726 385 775 S
705 689 790 751 tonis,
830 689 948 738 Isocratis
978 698 1004 738 et
1036 691 1187 744 Aristotelis.

385 761 391 775 ·
707 757 810 818 Quinct.
829 759 877 817 11,
901 762 926 812 2.
944 773 1001 805 eum
1025 757 1089 808 dicit
1112 761 1207 825 semel,
1233 815 1236 819 ,

118 825 234 874 Samnis.
268 825 393 875 Samnites
413 825 516 894 proprie
531 825 640 893 populns
706 824 815 886 auditos,
831 823 969 889 quamlibet
984 824 1084 887 multos,
1102 844 1189 878 versus

151 893 242 942 ltaliae
260 893 394 943 interioris.
418 895 598 959 Fungebantur
612 893 640 942 hi
705 891 812 943 reddere
822 891 945 957 potuisse.
981 894 1010 954 1,
1028 896 1071 949 59.

152 960 267 1008 homines
293 961 461 1025 gladiatorum
487 977 588 1010 munere
607 961 639 1010 ad
672 960 877 1028 Theophrastus.
918 957 1089 1026 Philosophus
1113 961 1189 1011 Peri·
1247 1006 1248 1010 ,

152 1026 319 1079 oblectandos
334 1029 452 1078 convivas
460 1028 486 1077 in
502 1045 589 1077 coena.
605 1029 637 1078 cf.
706 1027 844 1096 pateticus,
876 1025 1013 1093 discipulus
1035 1028 1187 1082 Aristotelis.
1218 1076 1220 1085 ,

76 1150 81 1159 ,
152 1096 244 1144 Horat.
262 1097 308 1162 Ep.
324 1103 350 1156 2,
368 1102 393 1152 2.
409 1099 572 1154 98-2,41.
706 1096 833 1160 Diogenes
850 1095 934 1142 Lacrt.
951 1101 982 1154 5,
1008 1097 1049 1151 45.
1074 1106 1188 1146 recenset

121 1162 333 1242 Sardanapalus.
380 1165 436 1212 lieu
459 1162 577 1230 Assyriae
605 1163 638 1213 ob
706 1179 792 1212 omnes
813 1161 844 1210 ab
866 1177 896 1209 eo
914 1160 1023 1228 scriptos
1039 1161 1135 1225 libros,
1161 1164 1188 1213 in

151 1229 289 1278 mollitiem
302 1241 377 1297 atque
386 1229 514 1280 libidinem
529 1229 637 1280 infamis.
705 1230 795 1297 quibus
812 1238 851 1277 est
866 1227 943 1276 etiam
957 1245 1029 1289 unus,
1045 1229 1188 1295 quiimcri-

152 1304 178 1358 5.
195 1301 253 1354 101·
704 1298 773 1347 bitur
791 1293 995 1360 Κάλλισθὲνης,
1012 1293 1030 1362 ἢ
1046 1295 1111 1363 περὶ
1125 1299 1187 1352 πέν-
1214 1302 1217 1309 ’

118 1365 210 1433 Scipio
225 1367 257 1414 P.
275 1365 387 1415 Nasica.
422 1363 516 1414 Consul
536 1381 592 1414 curn
606 1366 637 1414 D.
704 1367 785 1424 θονς.
821 1369 849 1423 1,
867 1365 907 1420 45.
929 1366 960 1424 3,
976 1368 1017 1420 21.
1034 1367 1075 1421 69.
1098 1367 1186 1427 5,24.

151 1435 231 1480 Bruto
254 1437 284 1482 A.
304 1435 336 1482 V.
363 1433 390 1482 C.
416 1436 474 1489 615.
517 1431 639 1481 Pontifex
704 1435 877 1489 2585108.

152 1498 274 1548 maximus
291 1499 351 1549 Tib.
369 1499 511 1549 Gracchum
530 1499 638 1559 interfer
671 1499 855 1550 Theramenes.
889 1499 960 1546 Unus
977 1497 1081 1562 triginta
1097 1508 1187 1566 tyran—

153 1566 197 1616 cit.
218 1567 270 1617 vid.
284 1568 350 1617 Plut.
368 1567 413 1616 vit.
429 1565 537 1616 Gracch.
704 1585 809 1626 norum,
823 1565 865 1632 qni
883 1581 958 1631 quum
974 1567 1092 1615 resistere
1110 1568 1188 1617 vellet

119 1634 228 1683 Semele.
247 1633 334 1683 Cadmi
348 1634 491 1684 Thebarum
499 1633 569 1699 regis
578 1633 637 1695 filia,
704 1633 848 1684 crudelitati
866 1642 1006 1681 ceterorum
1024 1632 1186 1699 collegarum,

153 1718 184 1750 ex
207 1720 255 1768 qua
281 1701 377 1767 Iupiter
400 1701 524 1751 Bacchum
541 1718 638 1768 proge-
702 1701 729 1750 in
744 1699 829 1768 primis
843 1699 953 1760 Critiae,
978 1699 1004 1748 in
1021 1699 1105 1750 odium
1122 1701 1186 1751 adeo
1235 1738 1238 1746 .

151 1768 216 1818 nuit.
252 1773 280 1831 1,
298 1775 339 1826 28.
523 1814 530 1827 ,
702 1767 809 1829 incidit,
827 1777 856 1817 ut
869 1776 999 1818 accusatus
1017 1784 1102 1817 coram
1117 1769 1188 1819 iudi-

118 1835 275 1904 Sempronia
302 1838 353 1886 lex.
397 1840 429 1898 3,
453 1837 495 1894 48.
528 1834 579 1886 vid.
606 1839 634 1887 0.
705 1835 746 1886 cio
761 1846 888 1902 tamquam
906 1851 1116 1885 rerurnuovarum
1131 1846 1188 1886 stu-

156 1905 253 1971 Sempr.
272 1903 416 1953 Gracchus.
704 1903 797 1961 diosus,
816 1903 975 1950 damnaretur
989 1903 1085 1952 mortis.
1109 1909 1132 1964 1,
1145 1908 1186 1961 96.

121 1971 238 2021 Servilii.
260 1974 358 2020 Nomen
372 1970 483 2020 fauriliae
496 1971 582 2023 maltis
596 1971 639 2021 vi-
703 1975 744 2028 97.
764 1977 819 2026 100.
838 1969 889 2017 vid.
911 1970 1019 2019 Critias.

154 2038 188 2086 ris
205 2039 340 2088 illustribus
358 2038 449 2088 clarae.
485 2043 567 2099 1,13.
671 2037 870 2104 Thermopylae.
911 2039 1038 2100 Angustus
1065 2037 1187 2086 transitus

121 2105 260 2175 Sisyphus.
294 2106 368 2156 Aeoli
381 2106 461 2167 filins,
480 2107 599 2157 conditor
611 2115 639 2156 et
704 2122 749 2172 per
764 2113 913 2171 praeruptos
930 2113 1029 2152 montes
1045 2121 1059 2152 e
1075 2104 1187 2154 Thessa-

153 2191 199 2223 rex
220 2173 343 2223 Corinthi.
379 2174 453 2240 Apud
475 2175 568 2223 inferos
593 2191 637 2222 sa·
703 2173 738 2221 lia
754 2172 781 2220 in
798 2170 937 2221 Boeotiam.
971 2171 1062 2220 Dictae
1080 2173 1186 2223 suntab

152 2259 213 2290 xum
226 2241 252 2290 in
269 2258 390 2290 summum
411 2242 504 2290 montis
518 2240 638 2290 verticem
703 2239 815 2304 angustis
822 2239 936 2288 faucibus
949 2238 1020 2305 aquis
1035 2236 1121 2288 calidis
1128 2256 1187 2290 sca-

152 2308 303 2375 provolvere
319 2319 444 2369 conatur,
462 2310 495 2358 ob
509 2309 637 2375 Aeginam,
703 2305 824 2356 tentibus.
864 2305 977 2355 Illustrcs
999 2306 1104 2355 interitu
1122 2307 1188 2372 regis

154 2373 235 2441 Asopi
251 2374 346 2437 filiam,
369 2393 445 2442 quam
469 2394 483 2424 a
503 2378 563 2425 Iove
584 2393 637 2425 esse
703 2372 840 2423 Leonidae.
866 2377 894 2433 1,
914 2376 969 2430 101.

151 2453 250 2508 raptam
259 2443 326 2509 patri
340 2442 474 2492 indicarat.
499 2447 522 2503 1,
539 2448 578 2500 10.
595 2447 637 2500 98.
672 2442 794 2491 Theseus.
830 2441 912 2488 Heres
927 2440 1103 2502 Atheniensis,
1119 2441 1187 2490 mul-

119 2511 288 2579 Speusippus.
322 2509 504 2576 Philosophus,
524 2510 639 2559 Platonis
704 2508 736 2557 tis
750 2507 879 2574 praeclare
903 2507 977 2556 lactis
994 2506 1108 2558 illustris.
1141 2511 1186 2557 ln-

153 2594 185 2626 ex
203 2593 290 2627 sorore
306 2595 393 2644 nepos,
410 2595 489 2627 annos
506 2586 566 2627 octo
575 2576 647 2627 Pla--
704 2588 744 2626 ter
761 2575 810 2623 alia
827 2573 957 2623 interfecit
972 2572 1145 2624 Minotaurum
1160 2576 1188 2625 in

151 2643 255 2694 tonicae
268 2644 371 2695 scholae
389 2644 508 2715 praelnit.
544 2652 575 2705 5,
596 2647 637 2701 30.
705 2642 805 2692 Cretico
822 2640 988 2706 Labyrintho.
1023 2643 1099 2704 Quod
1121 2642 1187 2693 faci-

152 2716 195 2768 39,
213 2715 256 2768 87.
303 2726 328 2773 Ι·
398 2767 400 2771 ,
704 2729 750 2760 nus
768 2719 805 2758 est
821 2719 995 2774 argumentum
1017 2709 1118 2759 fabulae
1134 2711 1188 2759 En-

120 2779 263 2846 Spheerus.
280 2776 450 2845 Philosophus
465 2779 572 2839 Stoicus,
586 2781 638 2828 Ze·
704 2775 810 2844 ripidis,
836 2793 867 2824 ex
887 2772 937 2842 qir'a
949 2777 1021 2825 locus
1039 2776 1131 2826 allatus
1146 2776 1188 2826 le-

153 2845 227 2895 nonis
243 2844 331 2895 Cittiei
348 2845 494 2914 discipulus.
520 2849 545 2906 4,
563 2849 604 2902 53.
705 2845 773 2911 gitur
788 2848 812 2903 3,
836 2847 878 2900 29.
896 2847 938 2900 58.
955 2845 981 2903 4,
998 2851 1040 2899 50.

119 2913 210 2962 Stoici.
244 2912 455 2979 Philosophorum
473 2923 550 2974 secta,
569 2912 638 2962 cuius
672 2913 808 2978 Thyestes.
851 2910 929 2959 Filius
957 2909 1072 2977 Pelopis,
1108 2927 1187 2978 nepos

154 2990 248 3029 auctor
268 2990 323 3029 erat
346 2983 424 3030 Zeno.
475 2981 639 3030 Vocabantur
704 2976 822 3039 Tantali,
848 2986 875 3025 et
893 2994 1020 3044 pronepos
1043 2977 1116 3028 Iovis.
1149 2979 1188 3026 Ex

154 3047 191 3096 ita
211 3064 226 3096 a
248 3049 316 3115 στοᾷ
332 3047 349 3097 i.
369 3065 391 3096 e.
409 3047 526 3115 porticu,
544 3047 638 3114 inqua
704 3044 774 3096 Atrei
792 3044 876 3093 fratris
891 3061 968 3093 uxore
982 3044 1076 3093 liberos
1090 3044 1185 3109 genuit,

155 3114 289 3164 convenire
314 3132 345 3164 ac
369 3115 491 3165 disserere
512 3115 637 3164 solebant.
704 3130 767 3179 quos
780 3121 870 3178 postea
880 3111 1047 3177 eiepulandos
1061 3112 1187 3178 apposuit.

153 3187 185 3242 1,
202 3186 243 3240 77.
260 3185 303 3240 78.
322 3191 371 3232 etc.
704 3182 761 3230 Hoc
773 3179 909 3227 interfecto
926 3179 957 3227 ab
972 3177 1093 3244 Aegistho
1114 3178 1187 3246 poti-

366 3273 369 3278 ·
448 3262 454 3275 ·’
705 3257 745 3296 tus
759 3263 842 3295 rerum
856 3246 980 3312 Thyestes
994 3263 1053 3295 mou
1071 3247 1103 3295 ab
1117 3247 1187 3296 Atrei

363 3352 388 3399 Τ
704 3313 764 3363 filiis
795 3319 982 3378 Agamemnone
1014 3324 1040 3363 et
1069 3313 1186 3362 Menelao
1238 3373 1240 3377 .

385 3387 392 3400 '
703 3381 789 3448 pulsus
809 3380 836 3429 in
857 3380 959 3430 exilium
982 3380 1067 3447 periit.
1093 3384 1126 3442 3,
1144 3383 1186 3436 26.

119 3450 258 3500 Tantalus.
292 3451 347 3499 Rex
372 3450 477 3517 Lydiae.
511 3452 551 3500 Ad
572 3469 637 3518 epu·
702 3453 744 3505 39·
762 3452 794 3507 4,
818 3453 859 3504 77·

152 3517 190 3566 las
211 3516 316 3566 deorum
339 3516 459 3567 admissus
484 3518 637 3584 insolentior
670 3519 769 3567 Timon.
804 3514 972 3564 Atheniensis.
1006 3515 1089 3567 Homo
1108 3513 1187 3562 inhu-

153 3583 235 3633 iactus
256 3594 310 3646 est,
329 3595 356 3634 et
371 3583 418 3634 illo
434 3585 531 3635 honore
545 3586 636 3635 abusus
702 3600 798 3642 manus,
816 3582 922 3631 aliorum
934 3581 1016 3631 vitans
1031 3597 1186 3647 congressus,

153 3650 221 3719 apud
234 3651 329 3702 inferos
346 3663 469 3719 perpetua
489 3653 555 3701 same
576 3653 636 3702 siti-
701 3649 761 3698 inde
776 3648 965 3715 Misanthropns
986 3647 1186 3714 cognominatus.

153 3735 202 3786 que
218 3719 352 3768 cruciatur.
384 3723 414 3780 1.
433 3725 473 3777 10.
490 3724 515 3780 3,
533 3724 576 3777 26·
594 3725 635 3776 35-
702 3719 727 3778 4,
749 3721 792 3774 25·
808 3720 850 3773 27·
1219 3736 1221 3741 ’

118 3787 268 3854 Tarquinii.
303 3786 369 3834 Urbs
386 3787 509 3836 Etruriae.
534 3791 634 3847 5,109.
670 3783 827 3835 Timotheus.
850 3782 960 3832 Cononis
970 3782 1035 3832 filius
1044 3781 1186 3833 Athenien-

118 3855 233 3903 Telamo.
267 3855 322 3902 Rex
331 3853 488 3914 Salaminius,
507 3854 575 3902 cuius
591 3853 636 3903 filii
703 3851 745 3901 sis.
778 3849 832 3900 (tic.
851 3849 893 3898 off.
912 3854 934 3909 1,
952 3854 1076 3910 32.-5,
1094 3853 1151 3906 100.
1285 3881 1287 3885 ψ

153 3922 251 3970 Teucer
266 3920 370 3970 etAiax.
387 3925 411 3980 3,
428 3925 469 3977 39.
484 3922 526 3978 43.
536 3926 578 3978 58.
594 3924 635 3979 71.
669 3921 788 3970 Titanes.
829 3917 964 3983 Gigantes,
991 3915 1038 3966 filii
1066 3915 1137 3965 Coeli
1161 3925 1187 3964 et

118 3991 226 4038 Teucer.
260 3988 338 4037 Filius
353 3988 498 4037 Telamonis
518 3997 544 4036 et
559 3988 638 4036 frater
703 3987 806 4035 Terrae.
841 3986 920 4033 Erant
943 3995 1066 4051 quatuor,
1089 3983 1185 4043 Coeus,

151 4054 242 4105 Aiacis.
267 4056 343 4104 Pater
357 4055 413 4104 liliis
428 4055 460 4103 ad
475 4055 637 4105 bellumtro-
704 4053 791 4112 Crins,
809 4052 940 4117 Hyperion
959 4061 985 4100 et
1000 4053 1109 4118 Iapetus.
1143 4052 1186 4100 la·
1205 4061 1215 4079 '

150 4123 236 4172 ianam
249 4122 466 4190 proficiscentibus
488 4123 570 4188 legem
585 4138 637 4188 po·
704 4129 776 4186 petus
808 4136 912 4167 uxorem
941 4119 1012 4168 duxit
1043 4118 1186 4184 Clymenem

151 4189 217 4251 snit,
242 4207 273 4238 ne
287 4189 353 4239 alter
366 4189 420 4239 sine
437 4190 518 4239 altero
534 4189 638 4239 rediret.
703 4186 779 4237 filiam
794 4185 889 4236 Oceani
914 4196 940 4235 et
958 4204 989 4235 ex
1006 4202 1037 4235 ea
1051 4185 1187 4252 progenuit

866 4259 974 4323 ‚25¹³
