2640 4626
185 206 248 282 342
433 210 1015 265 rusounauanuuursruramouou

187 350 314 437 graret,
340 331 468 405 civibus
483 329 668 403 libertatem
691 346 722 403 et
749 331 823 403 iura
846 330 1009 404 redderet.
1050 330 1093 405 iis
1119 330 1270 404 enimse

188 438 381 514 adolescens
395 433 584 534 improvida
600 448 703 506 aetate
720 432 883 506 irretierat
898 431 1025 521 erratis,
1052 460 1156 533 eaque
1180 461 1271 507 com-

188 543 332 625 miserat,
346 553 383 609 ut
398 537 507 610 salvus
526 563 597 613 esse
615 563 684 607 non
701 552 825 635 posset,
840 536 869 608 si
888 563 989 609 sanus
1007 562 1078 609 esse
1095 535 1270 636 coepisset

290 640 399 713 XXII.
451 649 508 718 63.
534 637 750 737 Quantopere
767 666 845 711 vero
861 639 1024 712 amicitias
1052 638 1270 727 desideraret,

191 773 332 846 quarum
356 739 580 815 infidelitatem
610 741 859 828 extimescebat,
886 741 1063 814 declaravit
1088 741 1121 813 in
1144 741 1270 844 Pytha·

191 847 302 949 goreis
319 845 450 919 duobus
465 841 547 916 illis:
575 870 717 942 quorum
734 871 836 943 quum
850 842 986 916 alterum
1009 844 1128 917 vadem
1151 844 1270 917 mortis

192 949 392 1049 accepisset;
434 945 531 1033 alter,
565 961 602 1016 ut
640 942 757 1017 vadem
792 973 888 1018 suum
928 944 1100 1033 liberaret,
1135 964 1269 1046 praesto

190 1052 309 1124 fuisset
322 1049 365 1122 ad
380 1048 497 1120 horam
512 1046 629 1120 mortis
645 1047 857 1122 destinatam:
892 1052 1040 1121 Uirbium
1058 1076 1134 1144 ego,
1151 1049 1269 1148 inquit,

193 1156 318 1227 tertius
336 1151 431 1223 vobis
449 1153 586 1221 anrr'cus
597 1148 840 1222 adscriberer!
862 1149 973 1246 Quam
989 1150 1067 1223 huic
1085 1167 1156 1224 crat
1172 1154 1269 1225 mise-

192 1282 286 1341 rum,
320 1279 431 1326 carere
465 1252 705 1325 consuetudine
737 1252 937 1341 amicornm,
969 1254 1127 1327 societate
1154 1255 1269 1341 victus,

193 1383 345 1431 sermone
368 1355 503 1427 omnino
527 1353 701 1427 familiari!
736 1353 865 1427 homini
893 1355 1087 1455 praesertim
1119 1355 1223 1430 docto
1252 1386 1268 1429 a

193 1487 319 1560 puero,
354 1473 386 1530 ct
420 1456 577 1529 artibus⁰
605 1456 760 1554 ingenuis
784 1457 924 1533 erudito.
959 1458 1165 1531 musicorum
1192 1487 1267 1531 vero

193 1560 442 1662 perstudiosum
453 1569 483 1646 1,
508 1575 640 1658 poetam
656 1558 754 1632 etiam
770 1559 931 1657 tragicum
953 1605 1000 1616 -
1017 1589 1117 1660 quam
1133 1561 1268 1650 bonum,

263 1747 325 1805 91).
338 1743 460 1795 deBcutl.
475 1745 541 1796 coni.
551 1745 626 1807 docto
642 1756 694 1795 eta
706 1764 790 1815 puero
807 1745 917 1796 arcibus.
954 1751 966 1805 1
985 1747 1028 1798 Sic
1044 1746 1076 1797 R.
1093 1746 1170 1797 urulti
1192 1747 1268 1798 ucelii

195 1815 276 1866 (lodd.
300 1815 327 1862 P.
343 1811 465 1862 Gebh-
478 1812 538 1862 Ern.
561 1831 582 1863 c.
601 1814 668 1879 vulg.
684 1814 882 1882 perstudiosum
895 1816 1091 1892 accepimus-
1108 1814 1164 1864 Cod
1185 1852 1192 1864 .
1209 1815 1267 1865 Ball.

195 1893 223 1933 st
239 1881 307 1931 Med.
321 1881 467 1948 accepimus
483 1879 579 1931 hebent
593 1891 654 1948 post
670 1883 811 1951 tragicum.
845 1887 940 1950 Aperta
959 1881 1136 1951 interpolatio.
1156 1884 1190 1934 V.
1206 1883 1267 1933 Adn.

195 2015 247 2050 non
259 1997 450 2066 impertiam-
473 1996 640 2064 Utsiguisrcst
650 2014 715 2065 quo-
748 1998 920 2049 subiunetivus
936 1998 1084 2066 praesentis,
1103 2009 1148 2048 aut
1162 1998 1268 2049 subinn-

195 2066 279 2128 modo,
297 2082 349 2135 qua
358 2066 470 2115 rasione.
496 2065 537 2131 (V.
555 2082 621 2132 quae
637 2065 715 2116 fusius
749 2066 830 2116 etium
847 2065 999 2134 imperfecti.
1041 2069 1124 2128 Quum
1148 2077 1269 2134 optantur

196 2133 228 2183 de
241 2133 365 2201 particula
382 2144 411 2182 ιιι
429 2132 608 2199 disputavimus
623 2131 655 2182 ad
670 2135 714 2181 111.
749 2150 787 2195 ea,
809 2151 873 2200 quae
890 2144 997 2201 possunt
1015 2133 1133 2196 evenire,
1150 2151 1266 2201 praesens

195 2202 271 2267 M.)
295 2200 385 2267 Neque
398 2199 472 2249 aliter
487 2199 663 2266 explicandum
676 2208 716 2249 est
748 2200 868 2270 ponitur5
894 2218 969 2268 quum
994 2211 1208 2279 vcro'optantur
1233 2218 1268 2263 ca,

195 2279 233 2330 ut,
247 2284 323 2335 quum
336 2266 449 2334 sequitur
463 2275 537 2333 post:
554 2279 653 2316 certum
667 2279 715 2328 est,
748 2286 813 2336 quae
827 2267 881 2318 lieri
895 2285 946 2319 iton
955 2278 1075 2336 possunt,
1093 2270 1267 2337 imperfectum

195 2346 346 2394 scrumosus,
364 2335 522 2383 inusitatum
537 2346 586 2396 ess,
606 2353 716 2404 aequum
748 2336 861 2404 ponitur.
895 2336 952 2386 Hoc
975 2335 1051 2402 igitur
1064 2335 1123 2386 loco
1142 2345 1206 2403 apte
1220 2335 1267 2385 im·
1310 2384 1313 2391 ,

196 2413 252 2465 est,
266 2419 319 2470 par
338 2413 394 2461 est,
421 2403 556 2462 conuenit,
574 2414 715 2452 cousenta-
748 2404 889 2520 perfectum
912 2402 1024 2470 positum
1046 2413 1100 2464 est,
1125 2402 1147 2452 si
1171 2403 1268 2471 quidem

196 2486 272 2520 neum
289 2481 337 2531 est,
355 2486 409 2518 mos
427 2480 475 2529 est,
493 2470 651 2519 cousuetudo
667 2482 715 2531 est,
773 2470 885 2537 ionyeius
898 2487 952 2520 rem
966 2470 1082 2538 optabat,
1099 2486 1167 2537 quas
1181 2471 1268 2521 effecta

197 2537 308 2598 accedit,
326 2538 410 2612 (supra
425 2537 444 2586 1.
460 2540 500 2598 19,
515 2539 573 2597 43.)
588 2538 715 2606 sequitur,
749 2537 804 2587 dari
831 2554 882 2587 nou
896 2547 1008 2604 poteret.
1043 2536 1086 2587 sic
1112 2538 1268 2605 distinguunt

196 2616 297 2664 restas,
322 2603 496 2672 relinquitur,
521 2604 650 2673 reliquum
666 2616 715 2666 est,
749 2604 840 2656 Graeci
852 2604 985 2658 interesse
993 2606 1075 2658 τοῦτο
1084 2603 1206 2671 γένοιτο,
1216 2606 1266 2656 uti·

196 2685 340 2721 excreatum
355 2682 413 2732 est,
429 2671 580 2721 inauditum
597 2684 636 2721 est
644 2710 652 2733 ,
670 2691 716 2722 ee·
749 2690 808 2723 nem
828 2671 878 2724 hoc
896 2671 955 2733 fiat,
973 2683 1000 2722 et
1022 2672 1090 2722 inter
1107 2671 1172 2726 εἴθε
1187 2674 1268 2726 τοῦτο

197 2737 325 2791 lehrasum
348 2749 403 2799 ess,
441 2736 545 2788 similia.
574 2739 611 2788 Cf.
634 2740 715 2789 Beier.
749 2736 854 2805 ἐγένετο
873 2757 893 2790 s.
911 2737 967 2792 εἴθ’
981 2736 1068 2806 ὤφελε
1085 2740 1173 2799 τοῦτο
1187 2741 1270 2808 yiyvs·

196 2807 230 2857 ad
252 2805 324 2858 Offic·
347 2807 387 2866 ll,
417 2806 587 2872 usp-154.
624 2808 653 2855 111
677 2805 716 2855 hit
750 2809 837 2872 σθαι,
855 2807 950 2856 ιιιίιιιιιη
971 2806 1119 2875 hocfieret.
1160 2808 1269 2875 Elegan-

197 2872 327 2935 omnibus‚
351 2881 472 2939 sequente
496 2884 538 2934 ιιι,
556 2875 622 2923 inest
642 2873 716 2923 notio
749 2885 791 2924 ter
814 2884 841 2923 et
864 2884 937 2924 acute
956 2874 983 2923 iu
999 2875 1064 2924 harro
1086 2892 1142 2924 rem
1161 2875 1271 2945 disputat

191 2940 247 3008 flu,
267 2951 311 2991 aut
320 2937 428 3008 sacrum
445 2951 501 3001 est,
527 2951 572 3003 ant=
582 2940 651 3020 fieri
668 2942 718 2991 de-
750 2943 908 2993 Hermnnnns
924 2941 951 2990 in
959 2941 1050 3009 Viger.
1064 2959 1090 3008 p.
1099 2945 1161 3000 756.
1182 2946 1205 3013 ᾗ
1216 2944 1269 3002 1901

198 3006 254 3069 bes,
281 3018 326 3059 aut
342 3007 411 3072 fieri
433 3018 529 3075 potest.
562 3010 606 3060 διο
627 3019 716 3058 nostro
751 3008 790 3060 Cf.
808 3008 931 3059 Matthiae
955 3011 1002 3059 Gr.
1026 3012 1146 3059 Gramm.
1172 3013 1195 3080 ς.
1213 3014 1268 3069 513,

196 3074 299 3125 Iocone
317 3074 564 3143 integrumquidsm
579 3087 646 3137 σιαι,
661 3075 718 3125 he.
744 3093 777 3145 p.
791 3080 850 3135 975.
868 3093 906 3143 sq.
922 3076 990 3126 Edit.
1007 3094 1057 3127 sec.

197 3159 231 3192 ne
244 3141 299 3190 fieri
319 3141 419 3208 quidem
435 3150 553 3208 poteret,
570 3150 600 3193 ut
611 3141 642 3192 is.
672 3142 719 3192 Gi·
801 3160 820 3197 a
831 3144 926 3212 puero)
944 3145 976 3196 Η.
989 3161 1010 3194 e.
1021 3143 1268 3212 apn'maiuventutc.

199 3224 251 3259 cer.
269 3207 334 3257 Phil.
351 3210 406 3259 Vll.
422 3215 447 3270 2,
464 3210 489 3266 4.
510 3208 560 3270 Qui
577 3209 719 3260 enimeon-
801 3212 957 3260 musicorum
979 3229 1043 3262 uero
1062 3211 1268 3290 perstudiosum)

198 3274 284 3338 venit,
317 3283 360 3337 ut,
384 3274 430 3341 qui
449 3275 584 3343 populares
608 3277 719 3338 fuerunt,
752 3276 840 3328 Cicero
854 3278 881 3327 in
897 3288 983 3329 mente
1000 3278 1088 3329 hahmt
1105 3280 1266 3339 verbumas·

198 3342 276 3393 iidem
296 3369 329 3381 -
345 3343 475 3409 improbos
498 3359 525 3394 se
545 3361 619 3411 quam
633 3361 719 3412 popu·
751 3348 883 3415 cepimus:
903 3346 971 3414 quod
988 3363 1048 3397 vero
1060 3346 1156 3410 omisit,
1176 3344 1268 3398 oistio-

198 3410 265 3460 lares
287 3426 341 3458 esse
363 3409 460 3466 malint.
478 3438 511 3451 ·—
541 3411 666 3475 Accedit,
690 3423 719 3462 ιιι
751 3413 790 3463 nis
798 3415 893 3481 impetu
905 3413 1021 3464 sedaliam
1029 3415 1185 3465 senteutiam
1201 3414 1268 3465 dela-

198 3477 225 3527 h.
244 3495 266 3527 e.
287 3487 418 3544 praeterea
437 3478 466 3526 lit
480 3477 574 3540 etiam,
598 3489 634 3528 ut.
673 3481 719 3529 ln·
750 3480 995 3543 tus201hocaliis
1013 3498 1044 3530 ue
1060 3476 1197 3549 permultis
1212 3482 1269 3533 locis

199 3544 322 3594 usitatum
346 3555 400 3607 est,
428 3554 471 3608 ut,
498 3545 524 3596 h.
548 3563 570 3596 e.
599 3543 719 3597 inudtute
751 3547 891 3598 meridiana
910 3548 968 3599 luce
990 3498 1082 3598 darius
1096 3560 1215 3616 apparet,
1235 3548 1268 3598 his

199 3614 294 3661 l'actum
315 3622 364 3673 est,
387 3621 417 3661 ut
439 3638 473 3651 -·
495 3628 583 3663 verum
603 3622 658 3675 est,
680 3623 718 3677 nt,
752 3615 964 3682 disputationibus
980 3632 1032 3665 non
1057 3616 1208 3669 ultimam
1228 3615 1279 3666 Cia

199 3679 516 3743 hermotimum,
539 3688 569 3730 ut
584 3708 618 3720 -
635 3688 664 3731 st
681 3680 719 3733 sic
753 3699 846 3732 cetone
862 3683 947 3732 limam
964 3683 1092 3734 admotam
1112 3700 1178 3737 esse.
1200 3687 1268 3735 ·8eu-

200 3763 285 3814 porro.
752 3750 850 3799 tentiae
859 3762 942 3801 autem
951 3751 1022 3801 sicse
1029 3751 1179 3819 excipiunt:
1195 3755 1268 3814 Quam

250 3814 310 3863 Gar.
325 3812 413 3863 xxii.
430 3816 474 3873 63.
494 3814 524 3865 in
539 3815 630 3883 Pyrria
650 3816 720 3866 oreis
753 3815 813 3866 huic
827 3827 881 3868 erat
897 3818 1022 3880 miserum,
1038 3829 1268 3871 carereoonsuetu-

200 3879 313 3943 duobus)
330 3882 444 3931 Damone
460 3889 488 3932 st
504 3881 613 3937 Phintia.
629 3834 670 3934 df.
689 3884 721 3933 de
754 3884 813 3934 diue
823 3885 968 3946 amicorum,
980 3885 1104 3936 societate
1114 3887 1206 3948 victus,
1220 3903 1268 3936 eer-

200 3949 273 3998 Offic.
297 3949 342 3998 111.
367 3952 417 4011 10,
447 3946 490 4006 45.
522 3942 610 4016 ibique
640 3951 721 4001 Beier.
753 3969 828 4001 mono
836 3952 939 4003 omnino
947 3953 1079 4003 familiari!
1094 3953 1278 4024 hominiprae.

200 4034 226 4085 p.
242 4020 302 4074 259.
324 4016 441 4066 Goerenz
455 4014 510 4065 rin.
522 4034 551 4132 p.
568 4019 628 4076 241.
754 4019 839 4070 sertim
864 4021 942 4071 docto
965 4039 980 4071 a
1002 4036 1084 4089 puero
1090 4059 1099 4083 ,
1126 4032 1155 4073 et
1181 4021 1269 4073 artihru

254 4084 363 4133 Urinam
377 4109 410 4121 -
429 4080 521 4132 adseri
538 4087 631 4152 ererl)
672 4084 721 4136 Ti·
753 4087 870 4154 ingenuis
885 4087 994 4139 erudito.
1018 4088 1206 4141 Vivebetenim
1219 4103 1267 4139 eum

201 4166 277 4200 renes
294 4151 442 4210 observent,
461 4148 554 4217 duplex
571 4169 649 4217 genus
666 4171 721 4203 esse
754 4154 867 4221 fugitivis
890 4165 941 4207 ste.
975 4158 1007 4209 V.
1028 4156 1166 4209 adnotata
1189 4158 1215 4210 is
1240 4156 1267 4205 ll·

203 4217 285 4285 optati
298 4215 472 4285 exprimendis
487 4218 590 4286 ponitur
602 4219 721 4274 eu'uusm
755 4228 781 4288 1,
797 4227 824 4282 3.
