2640 4626
545 210 673 262 ursan
690 213 721 262 u.
738 216 764 271 a.
1133 204 1190 270 157

120 327 244 401 menti:
270 327 380 426 ipsum
404 326 490 400 enim
516 327 689 423 Herculem
715 328 841 403 viderat
868 330 903 403 in
921 330 1006 404 Oeta
1029 335 1192 429 magnitu-

122 429 202 502 dine
218 429 369 502 dolorum
388 427 572 502 eiulantem.
598 429 682 503 nihil
701 431 905 532 igiturhunc
922 433 1027 507 virum
1045 435 1192 532 sagittae,

122 560 207 630 quas
241 531 282 604 ab
310 530 451 623 Hercule
485 530 672 632 acceperat,
704 549 775 605 tum
805 534 1069 624 consolantur2,
1089 565 1189 636 quum

207 654 234 713 Ε
254 654 394 732 ¹viperino
415 672 518 712 morsu
537 674 631 715 vanae
651 655 801 714 viscerum

208 737 331 798 Veneno
353 738 484 799 imbutae
504 747 598 799 tetros
620 741 772 799 cruciatus
790 741 882 827 cient.
985 816 1005 853 ι

122 854 239 952 ltaque
256 853 433 940 exclamat,
457 851 615 929 auxilium
632 868 804 952 expetens,
829 854 915 929 mori
935 853 1090 956 cupiens:

208 975 291 1034 Heu!
313 975 380 1052 quis
401 975 487 1034 salsis
506 975 644 1034 fluctibu’
665 977 789 1035 mandet

208 1059 258 1118 Me
270 1081 317 1118 sex
337 1059 466 1118 sublimo
476 1059 491 1122 ³.
511 1060 625 1119 vertice
646 1058 734 1119 auxil

208 1144 272 1204 Iam
291 1147 352 1202 iam
372 1146 525 1203 absumor:
550 1143 671 1203 conficit
692 1144 820 1207 animam

211 1228 264 1288 Vis
283 1229 434 1304 rohaeris,
457 1228 566 1287 ulceris
587 1237 693 1288 aestus.
898 1207 907 1233 ⁹

122 1341 270 1416 Difficile
295 1343 385 1416 dictu
403 1343 549 1431 videtur,
576 1366 650 1419 eum
665 1364 734 1416 non
751 1344 788 1417 in
803 1342 890 1415 malo
907 1371 996 1431 esse,
1023 1359 1054 1416 et
1069 1373 1189 1442 magno

123 1445 281 1544 quidem,
308 1444 365 1544 qui
380 1445 425 1518 ita
442 1445 580 1519 clamare
597 1462 740 1544 cogatur.
790 1446 878 1517 VIII.
928 1455 986 1524 20.
1012 1445 1082 1538 Sed
1100 1447 1191 1520 vide-

123 1575 219 1620 amus
233 1547 408 1638 Herculem
422 1548 543 1648 ipsum,
562 1547 704 1648 quitum
719 1547 833 1623 dolore
848 1547 1070 1646 frangebatur,
1088 1576 1191 1647 quum

122 1648 403 1723 immortalitatem
427 1650 528 1750 ipsa⁴
556 1668 661 1724 morte
691 1651 876 1750 quaerebat.
902 1679 984 1750 quas
1009 1650 1064 1723 hie
1092 1678 1190 1725 voces
1250 1658 1252 1665 '

123 1753 216 1853 apud
239 1751 440 1851 Sophoclem
464 1752 499 1823 in
514 1752 702 1826 Trachiniis
725 1752 811 1825 edit!
837 1751 890 1826 cui
917 1780 1018 1852 quum
1032 1753 1191 1849 Deianira

121 1854 285 1948 sanguine
303 1853 456 1926 Centauri
471 1855 607 1927 tinctam
623 1849 768 1928 tunicam
782 1854 955 1943 induisset,
980 1855 1190 1930 inhaesisset·
1295 1866 1297 1871 ’

122 1985 188 2056 que
208 1985 246 2030 ea
263 1956 465 2042 visceribus,
491 1956 536 2028 ait
552 1955 623 2030 ille:
648 1989 652 2051 j
1018 1977 1019 1980 ’
1304 1974 1311 1985 “

210 2079 353 2138 0=multa
374 2078 460 2137 dictu
480 2079 600 2155 gravia,
621 2098 766 2158 perpessu
788 2097 908 2156 aspera,

210 2163 444 2242 Quae'corpore
466 2163 662 2238 exanclavi⁵,
685 2163 893 2240 atque‘animo
915 2162 1044 2241 pertuh'!

208 2242 272 2306 Nec
292 2246 368 2305 mihi
389 2248 513 2307 Iunonis
533 2257 632 2307 terror
651 2247 868 2326 implacabilis,

207 2333 270 2391 Nec
290 2341 408 2392 tantum
428 2332 545 2391 invexit
564 2331 659 2391 tristis
680 2330 867 2410 Eurystheus
888 2331 977 2407 mali,

209 2412 364 2490 Quantum
385 2437 447 2475 una
464 2437 570 2476 vecors
593 2416 684 2477 Oenei
706 2425 799 2495 partu
819 2415 908 2503 edita.

173 2571 192 2624 2
208 2564 417 2617 SicD.debentI.
428 2563 493 2614 coni.
509 2564 592 2630 Vulgo
607 2562 823 2615 consolabantur:
840 2560 1190 2630 quodmihinonaollicitan-
1265 2603 1268 2609 .

121 2635 185 2685 dum
199 2633 306 2684 videtur.
339 2637 357 2689 3
374 2632 414 2682 Sic
431 2641 502 2682 recte
509 2633 553 2683 W.
564 2631 665 2682 eCodd.
680 2631 786 2683 Ballcol.
804 2642 831 2682 et
838 2631 921 2684 Vatis.
937 2647 985 2700 pro
1000 2629 1067 2696 vulg.
1075 2627 1190 2681 sublimi.

122 2700 313 2755 vmamshorn.
330 2701 447 2749 Lat-Gr.
459 2699 531 2769 ΜΟ.
549 2718 574 2768 p.
585 2701 627 2757 64.
661 2701 679 2759 4
697 2701 758 2758 0411.
768 2709 795 2750 et
803 2699 865 2749 eod.
874 2697 1045 2764 Cantabriae
1057 2696 1144 2756 'sama
1151 2697 1190 2749 nti

121 2771 156 2820 D.
175 2767 262 2818 edidit.
278 2768 422 2834 Perpcram.
465 2765 540 2824 5Sic
554 2769 613 2818 Ern.
632 2784 653 2816 c.
671 2767 722 2816 EL.
750 2765 777 2816 et
791 2767 828 2817 sic
844 2766 868 2816 b.
885 2795 918 2805 -
936 2769 978 2816 Or.
997 2783 1019 2816 o.
1056 2761 1116 2815 ocid.
1133 2782 1189 2816 me-

120 2836 207 2888 liorib.
232 2835 278 2885 Ed.
303 2843 354 2885 vet.
372 2832 452 2885 B0uh.
477 2834 557 2884 CMD.
582 2835 731 2887 exanclato.
747 2830 798 2885 alii
820 2833 901 2884 codd.
918 2842 946 2883 et
960 2832 1024 2882 Edd.
1042 2832 1189 2883 exanclato.

120 2908 221 2972 Inepte.

121 3002 168 3056 alii
185 3001 292 3054 Poeanti
314 2986 575 3069 assignaieruntruti
588 3001 640 3052 do·
672 3019 774 3053 monem
795 2993 943 3052 conversum
966 3018 1020 3051 esse
1040 3001 1189 3065 arbitratur:

121 3071 176 3125 cuit
191 3069 320 3121 Daviaad
333 3070 360 3120 h.
377 3070 396 3120 l.
673 3088 689 3120 a
712 3087 761 3137 qna
789 3069 908 3137 opinione
936 3069 1044 3119 maxime
1073 3068 1191 3121 videntur

138 3206 145 3218 .
172 3136 342 3218 iimperino)
359 3138 453 3187 Versus
472 3145 532 3186 sunt
548 3136 641 3187 iambi·
674 3137 810 3189 abhorrere
828 3136 907 3186 Tullii
920 3137 1006 3186 verba.

122 3225 160 3258 ct·
223 3216 226 3221 '
296 3223 317 3255 s.
346 3205 454 3266 senarii,
477 3204 585 3256 desumti
610 3221 641 3254 ex
722 3205 917 3274 quaerorpore)
931 3206 1043 3254 Graece:
1060 3202 1191 3272 uelzawl

121 3272 189 3324 Attii
294 3282 357 3322 teta.
498 3294 501 3299 ⁴
674 3270 723 3324 uel
747 3270 860 3324 νώτοισι
876 3269 1021 3338 μοχθήσας
1036 3269 1106 3338 ἐγώ·
1124 3271 1192 3321 unde

283 3340 310 3406 ¹)
327 3341 392 3388 Tres
406 3338 643 3406 primirersussnnt
674 3339 790 3390 Davisius
815 3337 955 3405 suspicatur
976 3338 1122 3390 Ciceronem
1143 3354 1190 3406 pro

120 3407 279 3477 anapaestrci
285 3406 395 3470 dimetri,
401 3406 505 3465 ultimus
512 3413 573 3456 vero
582 3423 642 3456 ver·
675 3405 788 3461 νώτοισι
802 3405 893 3471 legisse
907 3403 1005 3457 νόοισι.

120 3494 164 3526 sus
184 3485 224 3526 est
239 3474 426 3542 pereminens,
449 3473 574 3541 quihano
593 3472 643 3529 ha·
670 3499 672 3503 ·
725 3490 818 3537 vecors
831 3472 911 3522 Oenei
922 3471 1099 3540 partuadita)
1118 3472 1190 3534 Quae

118 3543 575 3602 betformam--z'J-oo-o:
591 3557 642 3608 quo
676 3539 793 3601 Ciceroni
814 3556 906 3589 vecors
926 3537 1035 3601 dicitm,
1068 3555 1099 3589 ea
1123 3539 1192 3606 apud

119 3606 643 3729 :staflltt‘httttihtafiflffi
673 3605 1055 3740 Ittl⁰lghthl‘.ltllt‘⁶·
1073 3607 1192 3724 ..Isti

119 3745 187 3796 tavit
213 3695 371 3796 IIermllr'mua
385 3805 386 3810 ¹
402 3737 526 3796 alemant:
554 3692 637 3794 dohlllr.
674 3760 761 3804 mens,
785 3736 884 3810 furore
911 3690 1190 3810 'correprlaiinsana

119 3821 196 3864 metr.
211 3815 243 3862 II.
257 3831 279 3864 c.
295 3817 338 3871 22.
673 3810 715 3861 Sic
732 3806 840 3872 Festus:
869 3824 961 3860 oecon
984 3818 1023 3858 est
1046 3809 1142 3860 turbati
1164 3818 1191 3860 ct
1247 3826 1249 3830 ·

158 3880 258 3934 *sanis
271 3877 402 3949 fluoribus
421 3877 539 3945 munder)
566 3879 599 3933 H.
617 3895 638 3928 e.
672 3876 733 3927 mali
745 3875 837 3927 cordis.
870 3877 941 3927 Inest
955 3874 1123 3927 inhacvoce
1138 3877 1190 3926 im-

118 3947 148 3999 in
158 3947 245 3999 salsos
258 3948 351 3998 fluctus
366 3947 457 4014 (merc)
469 3945 583 4008 deiiciat.
672 3944 808 4012 probitatis
820 3953 848 3995 et
859 3943 972 3999 malitiae
984 3943 1065 3994 notio.
1082 3946 1115 3995 V.
1122 3946 1190 3996 Forh

172 4015 232 4066 (lar.
250 4016 319 4065 VIII.
343 4019 387 4072 20.
412 4014 442 4063 in
472 4013 640 4079 Trachiniis)
674 4011 759 4081 collini
772 4011 848 4062 Thes.
865 4011 950 4062 Latin.
966 4029 987 4061 s.
1004 4028 1045 4062 vv.
1062 4011 1191 4075 vecordia
1224 4010 1226 4015 '

120 4099 145 4134 v.
156 4084 232 4142 1048.
250 4081 313 4132 edit.
326 4080 438 4147 Weigel.
453 4081 487 4131 Η.
497 4079 639 4148 Stephanus
674 4090 707 4130 et·
717 4096 861 4131 vacara-
878 4081 979 4132 Parcus
1000 4078 1033 4128 da
1047 4096 1109 4130 sexu
1123 4076 1190 4126 virili

119 4148 188 4201 huno
202 4147 338 4216 Sophoclis
353 4146 438 4199 locrun
453 4165 544 4199 nona
564 4148 639 4198 Cice-
672 4147 797 4198 mrissime
812 4146 921 4209 dicitur,
947 4163 1045 4215 parere
1058 4161 1190 4194 verocre-

119 4234 199 4282 rone,
216 4216 264 4268 sed
276 4215 311 4268 ad
323 4212 396 4267 Ataia
408 4215 445 4266 in
458 4213 567 4266 latinum
582 4232 639 4267 ser·
664 4214 755 4266 ‘briam
773 4213 842 4284 apud
858 4215 973 4266 Graecos
986 4212 1088 4280 saepius
1108 4210 1200 4270 abnez
