2640 4626
538 206 800 261 rnoaacosmrm
1148 192 1206 271 '17

126 331 289 393 iunctione
302 329 417 407 ¹aliqua
431 327 636 389 'tenebratum
665 350 692 390 c.
719 331 771 399 27.
794 329 823 409 §.
846 328 899 401 ffi
942 330 1022 414 (Hoc
1043 353 1207 413 argumen-

126 443 215 510 tum,
237 432 343 512 pancia
364 429 431 490 aliis
452 430 636 506 interiectis,
675 451 700 491 c.
722 434 775 501 29.
804 429 832 509 §.
854 432 905 500 71.
932 432 1045 495 iterum
1074 457 1206 499 comme-

124 533 289 614 moratur.)

214 634 270 719 (3).
293 634 445 695 Sententia
468 633 642 715 proposita,
662 632 846 697 immortales
860 639 1071 716 minimos,
1100 639 1206 702 desen·

126 737 214 801 ditur
231 739 268 797 ab
286 738 341 813 iis,
366 757 442 816 quae
458 746 564 796 eontra
580 755 644 795 eam
658 735 760 796 afferri
777 738 903 816 possint.
920 773 964 788 -
980 739 1009 822 a)
1032 741 1124 816 Quod
1137 745 1206 824 pri·

128 860 216 901 mum
233 838 325 899 obiici
337 839 443 921 possit,
467 837 600 897 animum
608 858 671 896 non
681 838 785 898 videre
795 839 923 900 formam
937 862 1031 918 suam,
1053 864 1109 905 nec
1119 846 1205 924 scira,

124 943 183 1002 ubi
199 941 331 1017 habitet,
362 941 396 1001 id
413 941 480 1000 leva
497 950 550 1000 est.
587 940 671 1019 ¹Nam
686 950 723 999 ut
737 942 860 1018 oculus,
882 944 926 1003 sic
939 945 1073 1021 animus,
1095 967 1206 1025 senon

125 1044 256 1120 videns,
279 1042 336 1124 alia
359 1044 473 1103 cernit:
496 1041 653 1102 facultates
677 1055 758 1102 certe
779 1064 848 1103 suas
869 1045 961 1106 videt.
983 1067 1009 1106 c.
1026 1048 1077 1115 27.
1103 1049 1130 1124 §.
1151 1051 1204 1120 66.

125 1149 194 1216 67..
224 1147 280 1220 Et,
301 1156 337 1205 ut
351 1144 436 1220 deus,
453 1143 510 1204 etsi
524 1143 620 1203 oculis
643 1143 742 1203 rideri
761 1166 823 1204 non
839 1155 949 1226 potest,
971 1149 1146 1228 agnoscitur
1165 1173 1205 1212 ex

125 1247 270 1328 operibus
286 1247 367 1307 eius:
389 1248 433 1306 ita
450 1266 489 1306 ex
504 1244 617 1304 divinis
634 1245 728 1304 animi
745 1246 941 1309 facultatibus
956 1251 1020 1311 eius
1034 1252 1082 1312 vis
1098 1252 1205 1314 divina
1281 1307 1285 1313 .

125 1349 313 1429 agnoscitur.
345 1369 371 1408 c.
396 1350 448 1417 28.
465 1377 508 1394 -
529 1344 602 1428 (Hic
625 1346 734 1405 iterum
767 1347 893 1408 affertur
915 1364 1125 1430 argumentum
1143 1339 1227 1415 im-³
1295 1416 1300 1435 ι

126 1451 333 1526 mortalitatis,
354 1472 372 1509 a
394 1448 526 1531 simplici
540 1447 633 1507 animi
646 1459 754 1508 natura
773 1450 1050 1514 ductum-Tum
1068 1476 1203 1534 sequun-

125 1564 180 1614 tur
198 1553 315 1612 Socrati
336 1560 366 1610 et
386 1550 509 1610 Catonis
532 1549 686 1629 exempla,
715 1570 791 1629 quae
816 1552 1203 1647 luculentedemonrtrant,

124 1654 203 1715 haec
218 1654 256 1714 de
275 1653 445 1713 animorum
461 1651 685 1713 immortalitate
703 1646 867 1731 persuasio,
889 1676 966 1733 quae
982 1656 1076 1718 firmis
1086 1659 1205 1721 nitatur

125 1756 329 1836 argumentis,
358 1762 502 1832 quantam
528 1753 567 1812 ad
588 1754 837 1814 contemnendam
860 1766 988 1818 monem
1010 1759 1073 1819 vim
1090 1759 1202 1822 habers

123 1859 224 1940 possit
238 1866 329 1937 atque
342 1855 608 1915 efficacitatem.-·
617 1856 735 1917 Socrati
744 1858 891 1919 sententia
901 1858 939 1919 de
950 1859 1119 1921 animorum
1131 1872 1204 1942 post

123 1968 254 2021 mortem
270 1969 352 2018 statu
374 1957 547 2036 exponitur.
570 1990 612 2016 ⁷-
653 1959 774 2018 Catonis
791 1958 963 2040 exemplum
987 1962 1145 2041 admonet,
1166 1973 1203 2025 nt

123 2081 224 2143 pauca
246 2044 395 2121 dicantur
412 2059 450 2118 de
477 2067 588 2134 morte,
617 2079 706 2136 quam
723 2058 790 2138 quis
811 2060 871 2121 sibi
894 2062 960 2143 ipse
975 2065 1142 2126 consciscit.
1158 2057 1213 2114 -’

125 2163 297 2237 Sententia,
318 2173 415 2245 totpm
426 2161 679 2240 philosophorum
691 2166 791 2221 vitam
801 2168 1079 2228 commentationem
1093 2171 1201 2228 mortis

123 2287 201 2335 ease,
225 2263 341 2342 egregia
359 2262 551 2332 illustratur..
562 2282 588 2321 c.
604 2264 648 2330 29
661 2294 701 2308 -
718 2261 783 2343 31.)

210 2364 243 2445 b)
266 2367 343 2424 Tum
370 2363 553 2423 refelluntur
577 2366 692 2434 Stoici,
722 2366 776 2442 qui
804 2365 919 2427 animos
945 2389 1065 2428 manere
1084 2368 1200 2447 dicunt,

123 2488 222 2548 quum
241 2488 257 2527 a
276 2487 403 2546 corpore
425 2464 625 2539 excesserint,
653 2465 705 2524 sed
732 2486 793 2524 non
809 2487 939 2547 semper:
963 2469 1045 2548 quod
1063 2469 1200 2550 ineptum

122 2580 186 2644 est;
209 2569 284 2628 dant
299 2546 381 2628 eniffl
394 2567 437 2641 id,
460 2567 542 2645 quod
559 2566 769 2627 difficillimum
785 2567 817 2626 in
835 2589 938 2629 caussa
956 2579 1009 2645 est,
1030 2553 1116 2649 posse
1130 2572 1199 2631 ani·

121 2691 209 2732 mum
222 2690 343 2729 manere
357 2689 483 2747 corpora
496 2678 670 2744 vacantem,
691 2669 806 2730 tollunt
821 2680 921 2731 autem
936 2671 987 2747 id,
1010 2672 1093 2751 quod
1111 2671 1200 2734 facile

122 2782 189 2848 est,
208 2793 262 2841 ¹eos
284 2792 402 2850 semper
416 2791 546 2830 manere.
570 2791 596 2830 c.
612 2772 664 2840 31.
680 2772 731 2840 32.
748 2774 776 2850 §.
796 2773 845 2841 78.
888 2773 1023 2852 Itemque
1040 2775 1199 2834 Panaetius

122 2874 310 2948 confutatur,
326 2873 388 2951 qui,
407 2873 490 2950 quod
508 2881 538 2931 et
551 2883 714 2933 nascantur
728 2874 862 2943 animiet
877 2874 912 2933 in
923 2875 1063 2934 morbum
1077 2875 1197 2954 cadant,

122 2996 175 3037 eos
191 2975 279 3035 etiam
296 2974 418 3035 interire
437 2973 644 3035 concludebat.
669 2996 694 3034 c.
712 2978 763 3044 32.
781 2977 806 3053 §.
828 2975 877 3042 79.
901 2995 926 3035 c.
944 2979 996 3046 33.

208 3080 239 3148 3.
262 3078 367 3138 Cicero
394 3075 434 3135 ad
456 3076 663 3155 propositum,
686 3080 719 3135 in
735 3088 829 3135 morte
845 3077 930 3137 nihil
950 3100 1012 3137 esee
1028 3080 1124 3148 mali,
1144 3098 1197 3138 re·

120 3199 255 3260 gressus,
279 3177 491 3258 quaestionem,
509 3198 604 3256 quam
622 3177 682 3236 iam
698 3197 789 3256 supra
805 3176 953 3255 attigerat,
975 3201 1029 3248 an,
1050 3202 1087 3238 ne
1103 3182 1134 3237 ei
1145 3183 1197 3238 in-

120 3284 251 3342 terirent
268 3280 393 3360 quidem
417 3283 533 3349 animi,
563 3283 597 3337 in
619 3281 714 3338 mulia
739 3279 878 3338 ducenda
895 3291 971 3338 earet
987 3302 1066 3340 mors
1074 3322 1086 3350 ,
1108 3298 1197 3339 resu-

122 3382 192 3444 mit.
234 3382 280 3441 Ne
296 3378 477 3458 sicquidem
492 3380 605 3439 malum
618 3391 663 3440 est
677 3401 767 3440 mors.
809 3380 895 3454 Nam,

110 3474 113 3478 Δ
208 3480 239 3564 a)
260 3482 308 3542 uti
321 3502 413 3561 supra
435 3480 674 3541 demonstratum
694 3491 757 3556 est,
779 3480 807 3539 si
826 3479 944 3556 animus
958 3480 1002 3539 aio
1018 3480 1140 3556 interit,
1161 3488 1199 3542 ut

118 3603 251 3665 corpus,
278 3592 501 3673 postmortem
528 3577 649 3641 nullum
678 3602 798 3643 sensnm
823 3579 977 3641 habemus.
1019 3579 1076 3662 (cs.
1105 3601 1199 3663 supra

118 3707 148 3747 o.
170 3683 233 3767 11.)
255 3707 281 3745 c·
295 3682 347 3756 34
370 3684 396 3760 §·
411 3686 462 3754 82.

205 3784 239 3868 b)
262 3785 330 3866 lpas
346 3795 447 3846 autem
467 3784 560 3845 animi
573 3806 592 3844 a
606 3804 732 3864 corpore
747 3783 895 3844 discesms
911 3786 936 3844 si
945 3782 982 3844 fit
998 3804 1067 3845 cum
1083 3784 1198 3864 dolore,
1228 3779 1233 3785 ⁴

115 3889 146 3950 is
161 3908 311 3969 perquam
328 3896 373 3948 est
389 3887 532 3966 exiguum
554 3894 584 3945 at
598 3885 778 3966 plerumque
791 3886 827 3945 fit
841 3886 906 3948 sina
922 3907 1028 3964 sensu,
1049 3906 1197 3948 nonnun-
1246 3890 1251 3903 “

116 4010 213 4070 qnam
235 3989 327 4050 etiam
341 4009 411 4051 cum
427 3989 595 4068 voluptate.
618 4009 644 4047 o.
661 3985 713 4056 34.
737 3989 765 4065 §.
781 3989 844 4056 82.⁸

206 4088 237 4172 c)
258 4091 363 4169 Neque
376 4090 525 4152 discesm
544 4112 561 4148 a
575 4088 657 4149 vitae
671 4089 760 4150 bonis
778 4109 887 4168 angere
903 4110 960 4151 noa
976 4098 1007 4151 et
1023 4089 1199 4151 excruciare

115 4201 239 4274 poteat5
260 4211 349 4269 nam,
369 4212 465 4272 quuna
486 4192 553 4254 vita
575 4190 704 4251 miseriis
726 4201 768 4252 et'
783 4190 1011 4254 adamnanus
1023 4189 1220 4262 adeam-ne,
