2640 4626
390 221 668 274 maurocenum
683 186 843 273 arsenn'
1071 231 1133 268 ιιιιι

65 368 281 415 numerorum
296 339 384 438 leges
402 339 596 414 revocandis
614 339 675 413 etsi
692 332 834 412 maxima
849 366 924 413 cum
946 337 1044 413 laude
1063 369 1135 414 ver·
1242 331 1247 341 ¹

65 495 158 552 satus
186 493 236 551 est
263 476 572 577 perspicacissimus
594 475 784 565 Bentleius,
810 491 941 575 etpost
964 503 1040 550 curn
1065 505 1135 550 ma-

66 642 168 714 gnam
190 613 287 713 etiam
305 641 417 686 curam
436 610 606 686 colfficavit
625 611 834 686 acutissimus
850 610 1007 701 Wollius,
1032 641 1135 711 quum

67 749 210 823 aliorum
228 748 402 821 homiuum
427 749 619 836 doctorum,
642 765 713 821 tum
729 748 911 822 Hermanni
935 748 1056 821 studiis
1078 750 1138 822 ad-

67 887 175 975 iutus;
199 901 328 972 tamen,
354 884 474 957 iisdem
498 913 594 991 novo·
609 884 766 957 subiectis
790 883 949 971 examini,
975 883 1063 956 hunc
1086 884 1139 957 lo-

67 1050 145 1095 cum
168 1050 237 1093 non
259 1021 306 1093 ita
327 1019 569 1120 complanatum
594 1047 666 1094 csse
683 1018 826 1093 intellexi
842 1036 939 1120 atque
953 1048 1137 1120 perpurga-

67 1176 156 1247 tum,
181 1155 266 1230 nihil
291 1173 327 1229 ut
349 1155 548 1229 dubitationi
580 1173 611 1229 et
645 1156 867 1230 emendationi
898 1155 1138 1255 relinqueretur

68 1293 143 1366 loci.
194 1294 233 1366 ln
257 1320 324 1392 quo
351 1291 480 1366 difficili
505 1291 636 1365 criticae
659 1278 769 1364 officio
785 1292 1031 1391 paratissimum
1052 1293 1136 1365 mihi

69 1428 228 1502 auxilium
251 1428 415 1528 praestitit
439 1427 651 1514 Grotefendi,
683 1427 763 1500 artis
792 1427 947 1500 metricae
973 1428 1136 1527 peritissi-

69 1565 136 1651 mi,
162 1593 307 1639 acumen.

173 1837 341 1932 Quoniam
366 1836 407 1909 de
426 1836 538 1909 critica
552 1835 632 1924 dixi,
655 1864 743 1909 nunc
763 1836 804 1909 de
824 1834 1062 1936 interpretandi
1081 1865 1137 1934 ge-

69 2000 166 2061 nere,
193 1974 283 2072 quod
299 1972 334 2044 in
354 1971 567 2072 explanandis
583 1972 636 2045 his
650 1971 746 2045 libris
769 1989 926 2072 sequutus
946 2000 1030 2060 sum,
1055 2000 1136 2072 pan-

68 2137 106 2182 ca
127 2108 244 2181 dicaan.

115 2482 118 2488 Ι
173 2384 225 2455 Ac
240 2466 243 2473 ¹
260 2383 407 2482 primum
439 2381 593 2481 quidem,
625 2409 726 2480 quum
751 2381 885 2467 Tullius
914 2383 1136 2455 academicum

71 2517 336 2628 philosophandi
365 2545 486 2616 genus,
512 2517 620 2617 quod,
634 2545 765 2617 parum
789 2517 956 2616 cognitum
991 2545 1029 2590 ac
1063 2544 1139 2617 per-

73 2671 242 2754 spectum,
267 2653 388 2728 multos
403 2655 468 2728 iam
484 2655 520 2746 in
538 2681 665 2728 errores
683 2654 861 2743 abstraxit,
885 2653 1072 2753 ineptisque
1097 2653 1139 2726 de

71 2807 186 2863 nostro
207 2790 411 2891 philosopho
432 2791 552 2865 imbuit
569 2790 806 2890 opinionibus,
830 2806 986 2889 sequutus
1003 2789 1061 2878 sit,
1088 2789 1140 2861 ni-

70 2924 120 2997 hil
135 2925 237 3015 mihi,
262 2925 395 3026 planam
411 2925 675 3000 adolescentibus
692 2955 729 3000 ac
748 2943 870 3000 certam
887 2954 952 3025 qua
973 2925 1008 2997 in
1030 2924 1141 3023 legen-

59 3061 124 3167 dis
142 3061 312 3136 Ciceronis
327 3063 461 3163 scriptis
476 3061 719 3162 philosophicis
735 3062 831 3135 firmo
845 3061 1036 3135 incederent
1055 3060 1141 3160 pede

69 3197 157 3273 viam
179 3198 405 3298 patefactura,
430 3198 548 3272 melius
567 3198 740 3298 aptiusque
755 3198 861 3271 visum
885 3215 953 3286 est,
979 3196 1142 3297 quamsi,

69 3361 155 3433 quae
176 3334 318 3407 maxime
341 3352 489 3434 spectare
503 3334 693 3408 riderentur
713 3335 755 3407 ad
774 3333 1023 3434 percipiendam
1039 3347 1142 3404 recte-

69 3496 135 3568 que
154 3469 403 3544 diiudicandam
427 3471 668 3545 ciceronianam
688 3468 950 3571 philosophandi
970 3467 1143 3557 rationem,

70 3633 176 3705 quam·
190 3606 384 3681 brevissime
401 3606 569 3706 exposita,
594 3606 655 3679 toti
676 3606 761 3679 libro
781 3605 1030 3706 praemitterem.
1062 3604 1143 3692 Iam,
1247 3678 1253 3686 ,

71 3742 232 3840 quoniam
249 3743 284 3815 in
300 3742 495 3816 illustrando
513 3742 601 3816 libro
617 3741 851 3843 philosophico
867 3741 975 3842 prima
993 3769 1030 3813 ac
1047 3768 1144 3839 prae·

72 3869 172 3979 cipua
190 3879 378 3980 interpretis
394 3909 473 3953 cura
487 3881 523 3952 in
541 3908 579 3954 eo
595 3880 705 3980 posita
728 3907 798 3952 esse
814 3879 930 3966 debet,
956 3894 993 3948 ut
1017 3892 1047 3948 et
1069 3875 1143 3947 uni·
1205 3895 1207 3900 ·

69 4042 183 4087 versae
219 4015 454 4116 disputationis
486 4033 583 4089 tenor
608 4019 841 4103 constituatur,
875 4031 905 4088 et
937 4010 1142 4109 singularum
