2640 4626
193 208 233 270 10
401 290 404 295 ι
597 216 857 269 rsomoonsua.

191 347 226 397 nt
244 337 308 396 sine
321 336 393 394 ullis
407 337 551 396 orationis
570 339 754 398 ornamentis
769 348 799 397 et
812 339 962 398 illecebris
978 341 1114 417 exposita
1128 384 1137 415 ,
1160 352 1268 418 sponte

191 441 306 500 animos
320 438 481 497 advertent
496 439 535 497 ad
548 462 580 499 se
592 441 790 519 rapiantque:
812 450 879 500 tum
894 461 929 500 eo
947 441 1068 500 dicendi
1087 462 1196 520 genere
1213 465 1267 501 ex-

190 543 313 623 planata
329 549 358 598 et
372 541 523 600 illustrata
537 552 617 618 sunt,
638 555 682 617 ut,
705 563 765 620 quo
779 544 880 602 minus
897 543 978 602 illud
999 543 1037 601 ad
1059 565 1179 603 severas
1197 566 1268 603 ora·

190 645 283 703 tionis
299 642 377 720 leges
395 652 534 702 exactum
551 654 580 702 et
594 645 770 722 castigatum
787 646 835 719 sit,
857 644 916 705 hoc
930 645 1075 704 libentius
1091 647 1124 704 in
1142 668 1178 704 eo
1192 668 1267 706 con-

191 746 335 824 quiescas.
378 745 441 804 Etsi
464 746 567 822 negari
590 767 653 804 non
676 757 792 824 potest,
814 747 870 806 hos
889 748 988 806 libros
1006 747 1112 805 multis
1129 748 1205 807 locis
1224 750 1268 807 se-

192 844 389 927 stinantiusl)
400 857 438 921 ,et
454 848 670 925 negligentius,
693 858 723 908 et
742 851 838 908 multo
856 849 975 925 minus,
998 871 1088 927 quam
1105 849 1164 907 alia
1186 851 1267 909 eius-

192 952 261 1010 dem
283 948 378 1008 Tu'llii
403 949 515 1028 scripta
532 949 762 1028 philosophica,
793 951 929 1010 elimatos
948 973 982 1010 ac
1006 951 1173 1030 perpolitos
1197 973 1269 1025 esse,

192 1051 348 1128 multaque
363 1051 396 1109 in
412 1051 449 1109 iis
463 1051 575 1126 inesse,
597 1052 630 1111 in
646 1053 756 1129 quibus
772 1052 948 1132 philosophi
972 1054 1124 1112 subtilitas
1147 1063 1177 1111 et
1195 1053 1268 1112 dili-

192 1153 293 1231 gentis
309 1134 510 1213 desideretur:
533 1164 618 1213 tanta
636 1162 735 1212 tamen
751 1165 780 1213 et
794 1155 1012 1214 sententiarrmr
1028 1156 1174 1229 ubertate,
1198 1176 1268 1233 gra-

192 1257 287 1316 vitate
301 1278 335 1315 ac
352 1255 544 1330 salubritate,
567 1267 598 1314 et
612 1256 758 1316 orationis
775 1257 928 1332 facilitate,
951 1257 1139 1315 iucunditate
1159 1267 1190 1315 et
1215 1279 1268 1316 ve-

192 1368 312 1417 nustate
327 1377 390 1416 sese
410 1358 636 1432 commendant,
658 1367 737 1416 utet
754 1359 788 1417 in
801 1358 970 1417 utilissimis
989 1359 1065 1418 etin
1086 1360 1269 1418 suavissimis

192 1458 368 1540 philosophi
390 1460 486 1519 nostri
511 1460 632 1539 scriptis
650 1459 717 1518 iure
736 1459 851 1519 censeri
869 1470 989 1537 queant.
1033 1461 1149 1538 Atque,
1170 1462 1219 1521 uti
1238 1462 1269 1519 iri

194 1562 347 1621 Ciceronis
356 1562 546 1620 orationibus
562 1562 782 1638 rhetoricisque
798 1562 884 1620 libris
903 1583 1053 1621 summum
1070 1563 1187 1620 romani
1205 1585 1268 1622 ser—

64 1686 67 1693 *
100 1739 101 1743 ἵ
194 1665 291 1723 monis
310 1664 503 1742 splendorem
528 1673 558 1722 et
574 1663 775 1739 maiestatem,
797 1685 1002 1743 summamque
1017 1686 1052 1723 ac
1076 1665 1131 1723 vix
1145 1665 1268 1724 imitan-

193 1766 263 1824 dam
292 1776 386 1824 artem
411 1766 613 1824 admiramur:
649 1766 691 1825 ita
713 1764 770 1824 hae
797 1765 1026 1845 philosophicae
1051 1767 1269 1845 disputationes

193 1860 345 1946 egregium
360 1870 472 1926 formae
498 1867 662 1945 dialogicae
679 1868 829 1945 specimen
846 1866 990 1927 exhibent
1000 1913 1008 1942 ,
1030 1869 1062 1927 in
1086 1887 1145 1946 que
1163 1869 1268 1941 oratio,

195 1971 269 2029 artis
292 1969 404 2049 regulis
434 1968 534 2027 minus
565 1969 725 2044 adstricta,
756 1970 881 2029 liberius
904 1981 1063 2048 evagatur,
1095 1978 1125 2029 et
1155 1980 1269 2047 gratam

195 2071 347 2150 quandam
365 2071 577 2148 negligentiam
595 2071 740 2148 sequitur.

278 2174 317 2232 ln
332 2173 471 2232 omnibus
488 2173 641 2232 Ciceronis
655 2173 874 2253 philosophicis
889 2175 1009 2252 scriptis
1026 2174 1089 2232 eius
1104 2173 1268 2250 ingenium,

196 2274 295 2354 poesis
316 2276 496 2350 veneribus,
529 2277 722 2353 omniumque
739 2277 948 2335 doctrinarum
966 2277 1112 2335 varietate
1136 2284 1165 2333 et
1185 2275 1269 2353 copia

194 2386 372 2453 saturatum,
391 2387 420 2436 et
427 2376 637 2456 philosophiae
648 2378 815 2438 subtilitate
822 2378 991 2452 subactum,
1001 2378 1123 2454 eiusque
1134 2378 1271 2435 ubertate

192 2480 344 2538 nutritum
361 2480 515 2558 praeclare
531 2480 677 2540 enitescit.
715 2480 878 2538 Enimvero
894 2479 926 2536 in
944 2478 1161 2556 coniungendis
1173 2479 1270 2537 sobrie

194 2583 522 2659 moderatequeoraudi
538 2581 708 2660 praeceptis
723 2601 792 2638 cum
807 2578 1015 2658 philosophiae
1025 2582 1172 2657 gravitate
1182 2590 1271 2656 atque

196 2678 371 2743 austeritate
395 2682 602 2742 admirabilem
628 2683 780 2759 quandam
805 2692 899 2740 artem
915 2682 1067 2760 probavit.
1111 2684 1195 2740 Inter
1211 2702 1270 2760 pu-

195 2784 306 2844 blicam
324 2785 403 2843 enim
422 2783 624 2862 eloquentiam
641 2794 669 2842 et
687 2783 852 2842 contritum
869 2784 1095 2862 vulgaremque,
1117 2794 1209 2860 atque
1225 2793 1270 2842 te-

196 2887 309 2944 tricum
333 2907 368 2943 ac
394 2885 547 2943 difficilem
572 2905 738 2944 sermonem
762 2905 856 2962 quum
879 2906 996 2963 semper
1016 2885 1148 2943 medium
1171 2894 1272 2943 tenere

196 2987 363 3063 studuerit,
386 2988 541 3065 aequabile
567 2986 718 3063 quoddam
740 2996 769 3046 et
785 2996 983 3065 temperatum
1002 2987 1196 3063 quietumque
1217 3009 1270 3045 ex—

196 3089 275 3147 stitit
289 3089 432 3148 orationis
449 3109 552 3166 genus.
596 3088 719 3163 Verum,
736 3089 791 3148 etsi
807 3089 968 3148 maximam
983 3099 1099 3166 partem
1116 3088 1149 3145 in
1166 3086 1270 3166 philo-

196 3190 330 3270 sophicis
348 3190 610 3269 disquisitionibus
638 3191 700 3251 eius
716 3212 812 3250 sermo
828 3189 941 3269 placidi
955 3190 1089 3250 fluminis
1102 3189 1200 3248 instar
1219 3190 1270 3248 de-

197 3292 304 3366 currit,
327 3313 444 3372 semper
459 3302 560 3351 tamen
580 3293 745 3371 prudenter
762 3277 865 3350 stilum
884 3291 923 3349 ad
939 3293 983 3350 rei
998 3312 1087 3369 quam
1102 3301 1272 3369 pertracta-

197 3396 245 3455 vit
262 3404 446 3453 momentum
462 3394 666 3453 concinnavit.
710 3395 746 3452 ln
763 3393 974 3452 subtilioribus
991 3395 1070 3452 enim
1087 3395 1273 3471 argumentis

195 3496 385 3574 exponendis
406 3495 503 3555 oratio
518 3497 579 3555 sere
595 3517 672 3575 pura
689 3505 734 3554 est
749 3504 838 3573 atque
863 3495 1015 3569 dilucida,
1038 3495 1131 3554 nullis
1150 3494 1272 3553 adhibi-

130 3624 133 3629 ·
197 3598 239 3657 tis
253 3598 398 3657 sermonis
412 3598 563 3658 illecebris
578 3621 613 3658 ac
625 3598 803 3672 lenociniis,
822 3618 915 3675 quum
927 3607 1025 3656 autem
1037 3597 1073 3656 de
1082 3598 1173 3655 rebus
1181 3618 1273 3675 gran-

196 3699 347 3774 dioribus,
369 3700 466 3758 veluti
479 3701 515 3760 de
530 3701 635 3760 divino
650 3698 775 3758 numine
787 3699 908 3777 eiusque
916 3699 1093 3774 virtutibus,
1116 3698 1152 3756 de
1168 3698 1273 3756 mundi

195 3800 438 3880 pulchritudine,
458 3803 565 3862 ordine
580 3813 670 3881 atque
686 3810 813 3874 ornatu,
836 3800 873 3859 de
888 3801 1009 3859 moralis
1028 3801 1184 3860 doctrinae
1203 3821 1273 3878 gra-

268 4037 293 4101 2)
312 4038 340 4086 F.
359 4039 388 4088 A.
407 4037 517 4088 Wolfius
533 4037 560 4086 in
577 4037 660 4086 Praet'.
679 4036 741 4086 edit.
766 4053 826 4085 suae
848 4052 873 4102 p.
891 4035 933 4085 lV.
958 4035 1114 4085 Tusculanas
1139 4035 1215 4084 nnius
1236 4033 1274 4082 vel

196 4104 306 4154 duorum
328 4105 451 4156 mensium
467 4106 547 4154 fetum
569 4121 623 4154 esse
640 4113 722 4170 putat.
756 4107 839 4170 Atque
863 4121 893 4153 er
910 4102 958 4152 hac
975 4102 1030 4222 ipsa
1052 4102 1218 4153 festinatione
1236 4102 1273 4150 la-

196 4181 268 4288 etbam
285 4181 338 4238 est,
355 4184 384 4225 ut
399 4173 427 4224 hi
442 4173 501 4225 libri
512 4171 602 4224 referti
618 4181 702 4224 essent
716 4167 924 4234 ἅνακολούθοια
939 4187 983 4221 ver
1001 4188 1074 4223 orum
1091 4170 1273 4239 consequerio-

188 4255 219 4286 ιιι
237 4257 275 4291 es.
