2640 4626
543 188 671 239 erran
688 123 782 246 vesi
1129 181 1192 247 361

122 309 240 406 Quid?
264 308 385 382 victum
401 306 740 392 Lacedaemoniorum
763 305 799 377 in
820 303 990 405 philitiis⁶
1014 336 1123 382 nomm
1144 310 1194 383 vi-

121 413 264 485 demus?
314 409 383 482 Ubi
407 438 509 509 quum
524 426 685 512 tyramms
704 408 886 482 cenavisset
903 409 1109 513 Dionysius,
1133 440 1193 486 ne-

75 504 79 515 ’
121 515 211 613 gavit
232 541 267 586 se
284 512 355 585 iure
374 511 431 584 illo
446 513 564 608 nigro,
591 511 681 611 quod
700 539 798 584 cenae
816 527 915 611 caput
940 528 1025 601 erat,
1052 513 1193 588 delecta-

119 635 199 689 tum.
232 632 302 687 tum
330 616 379 700 is,
404 614 462 712 qui
486 613 540 686 illa
567 630 715 686 coxerat:
751 613 887 687 minime
912 613 1049 703 mirum;
1076 616 1193 689 condi·-

119 735 233 792 menta
248 718 336 813 enim
357 717 538 790 defuerunt.
556 761 602 772 —
623 715 717 811 Quae
739 717 892 804 tandem,
917 716 1026 815 inquit
1048 717 1125 791 ille?
1143 765 1190 776 -

121 820 235 895 Labor
260 821 295 895 in
319 836 455 904 venatu,
481 818 602 904 sudor,
619 846 743 893 ,cursus
769 819 812 891 ad
841 821 1050 907 Eurotam7,
1076 820 1193 912 fames,

120 927 203 1013 sitis,
235 922 288 994 his
305 922 393 993 enim
413 921 513 993 rebus
528 915 866 994 Lacedaemoniorum
893 920 1006 1019 epulae
1028 924 1193 996 condiun-

115 1044 182 1099 tur.
233 1019 507 1122 Atque‘hoc'non
527 1052 563 1095 er
579 1023 750 1096 hominum
764 1052 855 1096 more
871 1022 988 1110 solum,
1015 1025 1074 1097 sed
1093 1027 1190 1099 etiam

121 1158 162 1203 er
184 1127 306 1208 bestiis,
326 1124 464 1222 intelligi
493 1141 619 1224 potest:
647 1139 745 1234 quae,
772 1142 808 1200 ut
835 1127 999 1225 quidquid
1025 1127 1191 1202 obiectum

122 1248 189 1318 est,
215 1229 306 1328 quod
332 1227 433 1300 modo
455 1234 501 1299 a⁸
522 1245 637 1303 natura
658 1228 784 1299 nonsit
808 1224 967 1316 alienum,
994 1226 1040 1302 eo'
1057 1248 1191 1303 conten-

120 1351 174 1405 tae
191 1361 260 1403 non
289 1329 622 1431 quaeruntamplius.
673 1339 729 1407 99.
757 1330 911 1402 Civitates
932 1332 1092 1429 quaedam
1117 1333 1192 1405 uni·
1297 1353 1304 1371 ⁶

121 1463 254 1521 versae,
279 1461 370 1505 more
388 1432 522 1520 doctae,
547 1430 751 1530 parsimonia
766 1432 986 1520 delectantur,
1012 1450 1049 1505 ut
1072 1434 1112 1506 de
1126 1436 1191 1507 La-

122 1535 345 1611 cedaemoniis
379 1533 490 1633 paullo
526 1551 600 1607 ante
634 1534 793 1607 dirimas.¹
836 1535 1011 1607 Persarum
1035 1564 1054 1607 a
1076 1538 1192 1621 Xeno·
1286 1586 1290 1595 ·

121 1644 247 1741 phonte
264 1637 369 1710 victus
391 1637 580 1735 exponitur:
607 1664 690 1736 quos
711 1651 809 1733 negat
826 1637 1008 1736 adponem
1033 1638 1192 1713 adhibere

121 1742 304 1841 quidquam
319 1755 449 1838 praeter
466 1739 672 1820 nasturtium.
723 1737 949 1837 Quamquam,
976 1740 1005 1812 si
1029 1742 1191 1839 quaedam

122 1845 220 1917 etiam
240 1843 389 1915 suaviora
408 1859 523 1914 natura
542 1841 723 1928 desideret,
749 1869 848 1939 quam
863 1841 966 1914 multa
983 1855 1122 1916 exterra
1140 1872 1192 1916 ar·
1217 1882 1220 1887 ·

121 1946 328 2043 Laribusque
344 1945 540 2042 gignuntur,
566 1954 664 2028 tum⁹
689 1943 783 2042 copia
802 1943 915 2030 sacili,
935 1960 1005 2016 tum
1033 1946 1192 2020 suavitate
1297 2025 1309 2039 .

122 2048 338 2149 praestantia!
389 2046 487 2120 Adde
522 2046 715 2132 siccitatem,
745 2073 828 2144 quae
864 2045 1075 2146 consequitur
1103 2048 1189 2122 hanc
1308 2039 1317 2069 ³

122 2149 357 2225 continentiam
389 2147 426 2220 in⁴
462 2147 569 2236 victu;
608 2147 693 2220 adde
732 2147 951 2245 integritatem
991 2146 1190 2224 valitudinis.

122 2262 204 2333 100.
239 2251 352 2326 confer
375 2250 545 2338 sudantis,
577 2249 754 2337 ructantis,
789 2250 926 2324 refertos
950 2249 1072 2349 epulis,
1107 2268 1192 2326 tam·

121 2384 222 2454 quam
242 2355 373 2454 opimos
387 2353 507 2427 hoves:
532 2371 602 2424 tum
621 2351 800 2449 intelliges,
826 2350 1098 2452 qui-voluptatem
1122 2384 1192 2428 ma·
1261 2404 1264 2408 ι

119 2459 207 2541 xime
225 2472 420 2555 sequantur,
446 2483 502 2528 eos
524 2454 659 2527 minime
685 2455 861 2553 cousequi;
877 2453 1190 2558 'iucunditatemque

120 2561 227 2633 victus
244 2587 316 2631 esse
331 2558 367 2630 in
385 2557 570 2644 desiderio,
596 2585 664 2629 non
683 2556 719 2628 iri
733 2557 888 2630 satietate.
1039 2578 1044 2589 “
1075 2556 1120 2603 *²³

221 2664 363 2735 XXXV.
415 2660 646 2747 Timotheum,
662 2658 785 2777 clarum
803 2658 972 2732 hominem
986 2616 1108 2733 Athe...
1128 2714 1138 2750 ,
1160 2679 1199 2735 et*

189 2869 206 2922 6
222 2862 266 2914 Sic
281 2865 311 2914 R.
326 2881 348 2914 c.
363 2863 449 2914 multis
465 2862 545 2912 codd.
561 2862 610 2912 PL
620 2861 685 2915 Lau.
695 2891 728 2901 -
743 2863 802 2912 Ern.
820 2879 842 2912 c.
860 2862 928 2929 vulg.
943 2862 1081 2932 phiditiir.
1115 2870 1133 2925 7
1149 2865 1192 2930 sie

75 2933 76 2940 ’
119 2939 222 2984 Oxonn.
248 2931 307 2998 aliq.
333 2932 371 2981 De
393 2931 476 2980 Bentl.
495 2929 561 2979 coni.
580 2931 611 2978 D.
627 2929 694 2986 Lall.
708 2956 743 2968 —-
765 2931 824 2979 Ern.
842 2949 864 2980 c.
887 2929 954 2996 vulg.
978 2930 1012 2980 ab
1025 2935 1133 2982 Eurota.
1172 2936 1192 2991 8

119 3003 211 3068 Praep.
229 3017 262 3061 a,
282 3017 346 3066 quae
364 3000 436 3049 abest
456 3016 472 3048 a
487 2998 518 3047 R.
540 3000 638 3046 Oxonn.
653 2997 771 3065 plerisq,
791 3006 817 3046 et
832 3015 908 3064 quam
932 2998 1002 3048 omis.
1019 2999 1102 3049 Gebh.
1122 2999 1190 3050 Oliv.

118 3067 202 3128 Latt,
223 3071 264 3117 Or.
281 3066 351 3116 uncis
371 3065 457 3117 cinxit.
500 3069 517 3122 9
534 3063 575 3114 sic
589 3065 635 3114 W.
650 3083 664 3114 e
680 3062 761 3128 coni,
781 3081 829 3115 nec
845 3064 922 3114 aliter
933 3064 959 3115 b.
973 3093 1007 3104 ···
1023 3066 1110 3134 ,Vulgo
1125 3085 1190 3118 curte

118 3136 153 3184 V.
172 3134 238 3184 Adn.
255 3134 283 3183 in
298 3151 319 3184 c.
339 3140 380 3195 25,
396 3139 438 3191 72.

171 3255 214 3311 98.
233 3253 293 3308 iure
307 3250 356 3302 illo
370 3248 458 3320 nigro)
484 3249 564 3318 ζωμῷ
583 3250 639 3302 Λα·
674 3238 820 3300 coniectura
835 3248 920 3300 dedit:
955 3247 1011 3301 cum
1026 3253 1103 3321 copia
1112 3250 1193 3321 saci-

118 3318 240 3388 κωνικῷ.
674 3318 726 3378 lia,
758 3329 813 3367 tum
842 3318 977 3368 suavitate
1004 3323 1192 3389 praestantia:

173 3419 265 3453 cursus
285 3401 322 3452 ad
335 3403 492 3466 ,Eurotam
517 3403 550 3452 ad
572 3400 641 3452 cuin,
674 3385 791 3452 equidem
805 3384 892 3434 malim
907 3403 963 3434 cnm
976 3387 1099 3437 Lambino
1112 3405 1193 3454 repo-

119 3471 202 3538 ripam
209 3470 467 3521 Lacedaemoniorum
481 3468 597 3519 iuventus
614 3486 641 3519 ee
673 3470 747 3501 nese*
783 3469 840 3500 σω
857 3451 1040 3520 θοΡῑΨῘαθίῙῖ,
1050 3467 1112 3504 Wm
1127 3473 1193 3505 Μα-

120 3556 240 3589 exefceoe
257 3538 380 3587 mmm„
398 3537 496 3588 Md„
674 3521 758 3570 oitate
770 3521 929 3589 praestanti.
955 3520 1052 3571 Ultima
1065 3516 1132 3582 enim
1145 3522 1194 3580 lit-

173 3622 321 3690 quidquid)
351 3637 413 3687 pro:
428 3609 432 3614 ·
446 3618 567 3688 quidque·
608 3620 641 3670 V·
674 3598 729 3637 tera
743 3587 842 3637 facilee
858 3587 973 3654 sequenti
981 3605 1044 3638 voce
1058 3589 1128 3639 nasci
1142 3607 1192 3657 po-

119 3689 264 3741 Ramshorn
295 3691 356 3738 Lat.
384 3689 499 3736 Gramm.
514 3719 518 3727 .
535 3691 557 3756 §
583 3691 639 3746 150,
674 3653 732 3704 mil·

120 3776 147 3826 p·
164 3758 222 3814 574.
240 3756 272 3822 ο).
297 3756 335 3805 cr.
351 3753 439 3804 oram
454 3755 596 3806 observate.
614 3755 641 3804 in
704 3721 884 3801 .⁸‘'⁶⁶²'⁶⁰‘⁶⁷¹¹l
909 3721 1098 3801 sonariam,
1124 3741 1191 3787 nam,

120 3826 198 3875 Tmo,
216 3840 241 3890 p,
256 3827 314 3881 391,
569 3810 578 3829 ·
595 3842 599 3847 .
674 3800 712 3839 utr
725 3800 794 3840 recte
809 3791 1031 3841 monetErnestms
1042 3791 1111 3841 Clav.
1130 3811 1149 3842 s.
1160 3811 1191 3853 v.,
1258 3843 1261 3845 ,

171 3911 214 3966 a.
241 3924 260 3957 .
283 3907 476 3977 anot>
509 3907 602 3975 ο...
620 3908 640 3956 1.
675 3857 1086 3988 mercaturae
1100 3858 1195 3977 aaa:

119 3983 156 4041 2,
177 3982 202 4034 8·
674 3990 784 4042 tinentia
807 4003 834 4044 et
847 3992 936 4043 labore
955 4002 982 4042 et
1004 3986 1195 4059 exercitationi·
1263 4048 1267 4057 ,

173 4059 346 4123 nasturtium)
369 4056 527 4126 κάρδαμον.Ἰ
547 4059 579 4109 V.
596 4059 642 4108 Fi·
675 4057 729 4123 bus.
756 4059 788 4108 de
802 4064 902 4110 Senect.
925 4077 947 4110 c.
963 4065 1003 4117 10.
1023 4078 1155 4124 summam.
1169 4061 1197 4111 in

120 4129 204 4183 soher.
223 4128 255 4178 ad
268 4126 388 4195 Xenoph.
406 4128 463 4194 Cyr.
478 4127 496 4176 l.
512 4126 536 4176 d.
559 4144 584 4194 p.
602 4125 641 4183 14.
676 4142 707 4175 eo
723 4143 776 4176 esse
793 4127 906 4194 corporis
919 4127 1068 4179 siccitatem.
1087 4128 1125 4179 uf.
1136 4129 1196 4178 Xe·

175 4195 361 4266 praestantia)
381 4194 496 4246 Davisius
513 4192 647 4244 eBentleii
680 4193 758 4262 noph.
780 4194 836 4260 Cyr.
854 4196 873 4243 t.
891 4200 919 4256 2,
936 4199 976 4252 16.
996 4248 999 4253 ,
