<?xml version="1.0" encoding="UTF-8"?>
<!DOCTYPE html PUBLIC "-//W3C//DTD XHTML 1.0 Transitional//EN"
    "http://www.w3.org/TR/xhtml1/DTD/xhtml1-transitional.dtd">
<html xmlns="http://www.w3.org/1999/xhtml" xml:lang="en" lang="en">
 <head>
  <title>
</title>
<meta http-equiv="Content-Type" content="text/html;charset=utf-8" />
  <meta name='ocr-system' content='tesseract 3.04.00' />
  <meta name='ocr-capabilities' content='ocr_page ocr_carea ocr_par ocr_line ocrx_word'/>
</head>
<body>
  <div class='ocr_page' id='page_1' title='image "./mtulliiciceroni18cicegoog_0228.png"; bbox 0 0 2640 4626; ppageno 0'>
   <div class='ocr_carea' id='block_1_1' title="bbox 565 170 1265 269">
    <p class='ocr_par' dir='ltr' id='par_1_1' title="bbox 565 170 1265 269">
     <span class='ocr_line' id='line_1_1' title="bbox 565 170 1265 269; baseline 0 -10"><span class='ocrx_word' id='word_1_1' title='bbox 565 210 789 268; x_wconf 69' lang='lat' dir='ltr'><strong>multante</strong></span> <span class='ocrx_word' id='word_1_2' title='bbox 1106 235 1108 245; x_wconf 85' lang='lat'><em>=</em></span> <span class='ocrx_word' id='word_1_3' title='bbox 1141 201 1205 269; x_wconf 79' lang='lat'><strong>207</strong></span> <span class='ocrx_word' id='word_1_4' title='bbox 1260 170 1265 181; x_wconf 40' lang='lat'><strong><em>¹</em></strong></span> 
     </span>
    </p>
   </div>
   <div class='ocr_carea' id='block_1_2' title="bbox 127 326 1224 2374">
    <p class='ocr_par' dir='ltr' id='par_1_2' title="bbox 129 326 1208 1962">
     <span class='ocr_line' id='line_1_2' title="bbox 239 326 1207 426; baseline 0.008 -28"><span class='ocrx_word' id='word_1_5' title='bbox 239 333 296 406; x_wconf 87' lang='lat'><strong>15.</strong></span> <span class='ocrx_word' id='word_1_6' title='bbox 330 327 504 400; x_wconf 85' lang='lat' dir='ltr'><strong>Praeterea</strong></span> <span class='ocrx_word' id='word_1_7' title='bbox 525 356 660 403; x_wconf 88' lang='lat' dir='ltr'><strong>necesse</strong></span> <span class='ocrx_word' id='word_1_8' title='bbox 682 326 832 426; x_wconf 77' lang='lat' dir='ltr'><strong>est,‘qui</strong></span> <span class='ocrx_word' id='word_1_9' title='bbox 858 327 954 400; x_wconf 87' lang='lat' dir='ltr'><strong>sortis</strong></span> <span class='ocrx_word' id='word_1_10' title='bbox 979 327 1040 416; x_wconf 83' lang='lat' dir='ltr'><strong>sit,</strong></span> <span class='ocrx_word' id='word_1_11' title='bbox 1066 330 1207 406; x_wconf 88' lang='lat' dir='ltr'><strong>eundem</strong></span> 
     </span>
     <span class='ocr_line' id='line_1_3' title="bbox 134 426 1207 533; baseline 0.005 -31"><span class='ocrx_word' id='word_1_12' title='bbox 134 456 208 503; x_wconf 88' lang='lat' dir='ltr'><strong>esse</strong></span> <span class='ocrx_word' id='word_1_13' title='bbox 233 429 345 528; x_wconf 83' lang='lat' dir='ltr'><strong>magni</strong></span> <span class='ocrx_word' id='word_1_14' title='bbox 369 428 489 520; x_wconf 84' lang='lat' dir='ltr'><strong>animi3</strong></span> <span class='ocrx_word' id='word_1_15' title='bbox 516 430 574 529; x_wconf 92' lang='lat' dir='ltr'><strong>qui</strong></span> <span class='ocrx_word' id='word_1_16' title='bbox 599 431 711 528; x_wconf 83' lang='lat' dir='ltr'><strong>magni</strong></span> <span class='ocrx_word' id='word_1_17' title='bbox 738 430 921 519; x_wconf 82' lang='lat' dir='ltr'><strong>ammisit,</strong></span> <span class='ocrx_word' id='word_1_18' title='bbox 947 429 1122 518; x_wconf 89' lang='lat' dir='ltr'><strong>invictum;</strong></span> <span class='ocrx_word' id='word_1_19' title='bbox 1149 426 1207 533; x_wconf 90' lang='lat' dir='ltr'><strong>qui</strong></span> 
     </span>
     <span class='ocr_line' id='line_1_4' title="bbox 132 531 1208 634; baseline 0.006 -30"><span class='ocrx_word' id='word_1_20' title='bbox 132 531 275 605; x_wconf 85' lang='lat' dir='ltr'><strong>invictus</strong></span> <span class='ocrx_word' id='word_1_21' title='bbox 302 533 365 620; x_wconf 89' lang='lat' dir='ltr'><strong>sit,</strong></span> <span class='ocrx_word' id='word_1_22' title='bbox 391 561 465 605; x_wconf 94' lang='lat' dir='ltr'><strong>eum</strong></span> <span class='ocrx_word' id='word_1_23' title='bbox 492 560 545 605; x_wconf 90' lang='lat' dir='ltr'><strong>res</strong></span> <span class='ocrx_word' id='word_1_24' title='bbox 565 534 726 607; x_wconf 90' lang='lat' dir='ltr'><strong>humanas</strong></span> <span class='ocrx_word' id='word_1_25' title='bbox 743 532 933 633; x_wconf 80' lang='lat' dir='ltr'><strong>despicere,</strong></span> <span class='ocrx_word' id='word_1_26' title='bbox 959 550 1056 634; x_wconf 88' lang='lat' dir='ltr'><strong>atque</strong></span> <span class='ocrx_word' id='word_1_27' title='bbox 1071 534 1158 608; x_wconf 83' lang='lat' dir='ltr'><strong>infra</strong></span> <span class='ocrx_word' id='word_1_28' title='bbox 1171 564 1208 610; x_wconf 87' lang='lat' dir='ltr'><strong>se</strong></span> 
     </span>
     <span class='ocr_line' id='line_1_5' title="bbox 130 633 1207 736; baseline 0.005 -29"><span class='ocrx_word' id='word_1_29' title='bbox 130 634 261 734; x_wconf 86' lang='lat' dir='ltr'><strong>positas</strong></span> <span class='ocrx_word' id='word_1_30' title='bbox 285 633 457 723; x_wconf 89' lang='lat' dir='ltr'><strong>arbitrari;</strong></span> <span class='ocrx_word' id='word_1_31' title='bbox 482 634 654 735; x_wconf 84' lang='lat' dir='ltr'><strong>despicere</strong></span> <span class='ocrx_word' id='word_1_32' title='bbox 678 652 787 708; x_wconf 91' lang='lat' dir='ltr'><strong>autem</strong></span> <span class='ocrx_word' id='word_1_33' title='bbox 809 664 907 709; x_wconf 93' lang='lat' dir='ltr'><strong>ncmo</strong></span> <span class='ocrx_word' id='word_1_34' title='bbox 931 652 1041 736; x_wconf 89' lang='lat' dir='ltr'><strong>potest</strong></span> <span class='ocrx_word' id='word_1_35' title='bbox 1063 664 1118 710; x_wconf 85' lang='lat' dir='ltr'><strong>eas</strong></span> <span class='ocrx_word' id='word_1_36' title='bbox 1142 664 1207 728; x_wconf 82' lang='lat' dir='ltr'><strong>ree,</strong></span> 
     </span>
     <span class='ocr_line' id='line_1_6' title="bbox 130 737 1205 838; baseline 0.004 -29"><span class='ocrx_word' id='word_1_37' title='bbox 130 753 272 837; x_wconf 87' lang='lat' dir='ltr'><strong>propter</strong></span> <span class='ocrx_word' id='word_1_38' title='bbox 300 765 383 837; x_wconf 88' lang='lat' dir='ltr'><strong>quas</strong></span> <span class='ocrx_word' id='word_1_39' title='bbox 407 737 612 835; x_wconf 81' lang='lat' dir='ltr'><strong>aegritudine</strong></span> <span class='ocrx_word' id='word_1_40' title='bbox 639 738 727 812; x_wconf 85' lang='lat' dir='ltr'><strong>affici</strong></span> <span class='ocrx_word' id='word_1_41' title='bbox 748 755 865 838; x_wconf 87' lang='lat' dir='ltr'><strong>potest.</strong></span> <span class='ocrx_word' id='word_1_42' title='bbox 900 767 937 811; x_wconf 87' lang='lat' dir='ltr'><strong>ex</strong></span> <span class='ocrx_word' id='word_1_43' title='bbox 965 767 1031 838; x_wconf 93' lang='lat' dir='ltr'><strong>quo</strong></span> <span class='ocrx_word' id='word_1_44' title='bbox 1055 738 1205 830; x_wconf 84' lang='lat' dir='ltr'><strong>efficitur,</strong></span> 
     </span>
     <span class='ocr_line' id='line_1_7' title="bbox 130 839 1205 939; baseline 0.007 -28"><span class='ocrx_word' id='word_1_45' title='bbox 130 839 253 913; x_wconf 81' lang='lat' dir='ltr'><strong>fortem</strong></span> <span class='ocrx_word' id='word_1_46' title='bbox 279 839 385 913; x_wconf 86' lang='lat' dir='ltr'><strong>virum</strong></span> <span class='ocrx_word' id='word_1_47' title='bbox 408 840 613 938; x_wconf 80' lang='lat' dir='ltr'><strong>aegritudine</strong></span> <span class='ocrx_word' id='word_1_48' title='bbox 638 868 817 939; x_wconf 81' lang='lat' dir='ltr'><strong>numquam</strong></span> <span class='ocrx_word' id='word_1_49' title='bbox 841 839 936 914; x_wconf 85' lang='lat' dir='ltr'><strong>affici.</strong></span> <span class='ocrx_word' id='word_1_50' title='bbox 962 869 1078 916; x_wconf 91' lang='lat' dir='ltr'><strong>omnes</strong></span> <span class='ocrx_word' id='word_1_51' title='bbox 1096 860 1205 918; x_wconf 91' lang='lat' dir='ltr'><strong>autem</strong></span> 
     </span>
     <span class='ocr_line' id='line_1_8' title="bbox 130 941 1206 1042; baseline 0.003 -28"><span class='ocrx_word' id='word_1_52' title='bbox 130 941 318 1041; x_wconf 86' lang='lat' dir='ltr'><strong>sapientes,</strong></span> <span class='ocrx_word' id='word_1_53' title='bbox 343 942 453 1015; x_wconf 86' lang='lat' dir='ltr'><strong>fortes.</strong></span> <span class='ocrx_word' id='word_1_54' title='bbox 484 971 553 1015; x_wconf 93' lang='lat' dir='ltr'><strong>non</strong></span> <span class='ocrx_word' id='word_1_55' title='bbox 576 943 664 1016; x_wconf 90' lang='lat' dir='ltr'><strong>cadit</strong></span> <span class='ocrx_word' id='word_1_56' title='bbox 686 943 787 1041; x_wconf 84' lang='lat' dir='ltr'><strong>igitur</strong></span> <span class='ocrx_word' id='word_1_57' title='bbox 811 943 845 1014; x_wconf 91' lang='lat' dir='ltr'><strong>in</strong></span> <span class='ocrx_word' id='word_1_58' title='bbox 864 943 1047 1042; x_wconf 82' lang='lat' dir='ltr'><strong>sapientem</strong></span> <span class='ocrx_word' id='word_1_59' title='bbox 1064 946 1206 1042; x_wconf 86' lang='lat' dir='ltr'><strong>aegritu-</strong></span> 
     </span>
     <span class='ocr_line' id='line_1_9' title="bbox 131 1044 1207 1144; baseline 0.003 -27"><span class='ocrx_word' id='word_1_60' title='bbox 131 1044 185 1117; x_wconf 89' lang='lat' dir='ltr'><strong>do.</strong></span> <span class='ocrx_word' id='word_1_61' title='bbox 246 1045 289 1116; x_wconf 87' lang='lat' dir='ltr'><strong>Et</strong></span> <span class='ocrx_word' id='word_1_62' title='bbox 331 1045 610 1144; x_wconf 80' lang='lat' dir='ltr'><strong>quemadmodum</strong></span> <span class='ocrx_word' id='word_1_63' title='bbox 646 1046 760 1120; x_wconf 90' lang='lat' dir='ltr'><strong>oculus</strong></span> <span class='ocrx_word' id='word_1_64' title='bbox 797 1046 1012 1118; x_wconf 88' lang='lat' dir='ltr'><strong>conturbatus</strong></span> <span class='ocrx_word' id='word_1_65' title='bbox 1050 1076 1120 1119; x_wconf 92' lang='lat' dir='ltr'><strong>non</strong></span> <span class='ocrx_word' id='word_1_66' title='bbox 1157 1064 1207 1121; x_wconf 89' lang='lat' dir='ltr'><strong>est</strong></span> 
     </span>
     <span class='ocr_line' id='line_1_10' title="bbox 131 1146 1206 1251; baseline 0.005 -33"><span class='ocrx_word' id='word_1_67' title='bbox 131 1146 386 1246; x_wconf 77' lang='lat' dir='ltr'><strong>probeaiiectus</strong></span> <span class='ocrx_word' id='word_1_68' title='bbox 400 1147 909 1244; x_wconf 77' lang='lat' dir='ltr'><strong>adsuumniunussungendun13</strong></span> <span class='ocrx_word' id='word_1_69' title='bbox 935 1149 1206 1251; x_wconf 89' lang='lat' dir='ltr'><strong>etreliquaepar-</strong></span> 
     </span>
     <span class='ocr_line' id='line_1_11' title="bbox 130 1251 1207 1351; baseline 0.006 -31"><span class='ocrx_word' id='word_1_70' title='bbox 130 1265 200 1338; x_wconf 83' lang='lat' dir='ltr'><strong>tes,</strong></span> <span class='ocrx_word' id='word_1_71' title='bbox 225 1265 370 1324; x_wconf 85' lang='lat' dir='ltr'><strong>totumve</strong></span> <span class='ocrx_word' id='word_1_72' title='bbox 398 1278 537 1349; x_wconf 86' lang='lat' dir='ltr'><strong>corpus,</strong></span> <span class='ocrx_word' id='word_1_73' title='bbox 563 1267 648 1323; x_wconf 87' lang='lat' dir='ltr'><strong>statu</strong></span> <span class='ocrx_word' id='word_1_74' title='bbox 673 1279 774 1351; x_wconf 90' lang='lat' dir='ltr'><strong>quum</strong></span> <span class='ocrx_word' id='word_1_75' title='bbox 789 1265 837 1322; x_wconf 91' lang='lat' dir='ltr'><strong>cst</strong></span> <span class='ocrx_word' id='word_1_76' title='bbox 854 1267 996 1339; x_wconf 87' lang='lat' dir='ltr'><strong>motum,</strong></span> <span class='ocrx_word' id='word_1_77' title='bbox 1023 1252 1115 1325; x_wconf 83' lang='lat' dir='ltr'><strong>deest</strong></span> <span class='ocrx_word' id='word_1_78' title='bbox 1133 1251 1207 1326; x_wconf 87' lang='lat' dir='ltr'><strong>offi-</strong></span> 
     </span>
     <span class='ocr_line' id='line_1_12' title="bbox 132 1350 1206 1454; baseline 0.005 -30"><span class='ocrx_word' id='word_1_79' title='bbox 132 1350 185 1424; x_wconf 92' lang='lat' dir='ltr'><strong>cio</strong></span> <span class='ocrx_word' id='word_1_80' title='bbox 203 1379 266 1424; x_wconf 87' lang='lat' dir='ltr'><strong>suo</strong></span> <span class='ocrx_word' id='word_1_81' title='bbox 282 1368 314 1425; x_wconf 88' lang='lat' dir='ltr'><strong>et</strong></span> <span class='ocrx_word' id='word_1_82' title='bbox 330 1353 476 1425; x_wconf 89' lang='lat' dir='ltr'><strong>muneri:</strong></span> <span class='ocrx_word' id='word_1_83' title='bbox 504 1353 552 1425; x_wconf 92' lang='lat' dir='ltr'><strong>sic</strong></span> <span class='ocrx_word' id='word_1_84' title='bbox 572 1353 786 1425; x_wconf 85' lang='lat' dir='ltr'><strong>conturbatus</strong></span> <span class='ocrx_word' id='word_1_85' title='bbox 804 1351 934 1424; x_wconf 90' lang='lat' dir='ltr'><strong>animus</strong></span> <span class='ocrx_word' id='word_1_86' title='bbox 953 1382 1022 1425; x_wconf 93' lang='lat' dir='ltr'><strong>uon</strong></span> <span class='ocrx_word' id='word_1_87' title='bbox 1042 1371 1091 1427; x_wconf 88' lang='lat' dir='ltr'><strong>est</strong></span> <span class='ocrx_word' id='word_1_88' title='bbox 1108 1371 1206 1454; x_wconf 85' lang='lat' dir='ltr'><strong>aptus</strong></span> 
     </span>
     <span class='ocr_line' id='line_1_13' title="bbox 131 1454 1206 1554; baseline 0.003 -27"><span class='ocrx_word' id='word_1_89' title='bbox 131 1454 177 1527; x_wconf 89' lang='lat' dir='ltr'><strong>ad</strong></span> <span class='ocrx_word' id='word_1_90' title='bbox 202 1455 446 1554; x_wconf 85' lang='lat' dir='ltr'><strong>exsequendum</strong></span> <span class='ocrx_word' id='word_1_91' title='bbox 470 1484 589 1528; x_wconf 90' lang='lat' dir='ltr'><strong>munus</strong></span> <span class='ocrx_word' id='word_1_92' title='bbox 618 1484 723 1528; x_wconf 90' lang='lat' dir='ltr'><strong>suum.</strong></span> <span class='ocrx_word' id='word_1_93' title='bbox 749 1483 869 1527; x_wconf 90' lang='lat' dir='ltr'><strong>munus</strong></span> <span class='ocrx_word' id='word_1_94' title='bbox 897 1471 1005 1529; x_wconf 86' lang='lat' dir='ltr'><strong>autem</strong></span> <span class='ocrx_word' id='word_1_95' title='bbox 1027 1457 1128 1529; x_wconf 91' lang='lat' dir='ltr'><strong>animi</strong></span> <span class='ocrx_word' id='word_1_96' title='bbox 1148 1474 1206 1547; x_wconf 86' lang='lat' dir='ltr'><strong>est,</strong></span> 
     </span>
     <span class='ocr_line' id='line_1_14' title="bbox 131 1556 1204 1658; baseline 0.004 -30"><span class='ocrx_word' id='word_1_97' title='bbox 131 1556 262 1629; x_wconf 89' lang='lat' dir='ltr'><strong>ratione</strong></span> <span class='ocrx_word' id='word_1_98' title='bbox 286 1557 371 1631; x_wconf 89' lang='lat' dir='ltr'><strong>bene</strong></span> <span class='ocrx_word' id='word_1_99' title='bbox 398 1558 463 1645; x_wconf 89' lang='lat' dir='ltr'><strong>uti;</strong></span> <span class='ocrx_word' id='word_1_100' title='bbox 490 1575 520 1630; x_wconf 88' lang='lat' dir='ltr'><strong>et</strong></span> <span class='ocrx_word' id='word_1_101' title='bbox 536 1558 696 1658; x_wconf 90' lang='lat' dir='ltr'><strong>sapientis</strong></span> <span class='ocrx_word' id='word_1_102' title='bbox 711 1557 841 1631; x_wconf 89' lang='lat' dir='ltr'><strong>animus</strong></span> <span class='ocrx_word' id='word_1_103' title='bbox 857 1557 902 1629; x_wconf 91' lang='lat' dir='ltr'><strong>ita</strong></span> <span class='ocrx_word' id='word_1_104' title='bbox 919 1585 1051 1657; x_wconf 88' lang='lat' dir='ltr'><strong>semper</strong></span> <span class='ocrx_word' id='word_1_105' title='bbox 1065 1557 1204 1632; x_wconf 78' lang='lat' dir='ltr'><strong>affectus</strong></span> 
     </span>
     <span class='ocr_line' id='line_1_15' title="bbox 131 1659 1205 1762; baseline 0.001 -29"><span class='ocrx_word' id='word_1_106' title='bbox 131 1676 201 1747; x_wconf 82' lang='lat' dir='ltr'><strong>est,</strong></span> <span class='ocrx_word' id='word_1_107' title='bbox 227 1675 264 1730; x_wconf 93' lang='lat' dir='ltr'><strong>ut</strong></span> <span class='ocrx_word' id='word_1_108' title='bbox 282 1660 409 1734; x_wconf 88' lang='lat' dir='ltr'><strong>ratione</strong></span> <span class='ocrx_word' id='word_1_109' title='bbox 431 1659 555 1759; x_wconf 89' lang='lat' dir='ltr'><strong>optime</strong></span> <span class='ocrx_word' id='word_1_110' title='bbox 572 1677 689 1734; x_wconf 92' lang='lat' dir='ltr'><strong>utatur.</strong></span> <span class='ocrx_word' id='word_1_111' title='bbox 714 1688 895 1760; x_wconf 89' lang='lat' dir='ltr'><strong>numquam</strong></span> <span class='ocrx_word' id='word_1_112' title='bbox 912 1659 1014 1758; x_wconf 85' lang='lat' dir='ltr'><strong>igitur</strong></span> <span class='ocrx_word' id='word_1_113' title='bbox 1029 1668 1106 1735; x_wconf 82' lang='lat' dir='ltr'><strong>est2</strong></span> <span class='ocrx_word' id='word_1_114' title='bbox 1130 1690 1205 1762; x_wconf 92' lang='lat' dir='ltr'><strong>per-</strong></span> 
     </span>
     <span class='ocr_line' id='line_1_16' title="bbox 129 1760 1205 1864; baseline 0.004 -31"><span class='ocrx_word' id='word_1_115' title='bbox 129 1760 291 1834; x_wconf 90' lang='lat' dir='ltr'><strong>turbatus.</strong></span> <span class='ocrx_word' id='word_1_116' title='bbox 318 1778 351 1834; x_wconf 91' lang='lat' dir='ltr'><strong>at</strong></span> <span class='ocrx_word' id='word_1_117' title='bbox 381 1763 554 1860; x_wconf 86' lang='lat' dir='ltr'><strong>aegritudo</strong></span> <span class='ocrx_word' id='word_1_118' title='bbox 569 1764 775 1864; x_wconf 87' lang='lat' dir='ltr'><strong>perturbatio</strong></span> <span class='ocrx_word' id='word_1_119' title='bbox 791 1779 839 1835; x_wconf 90' lang='lat' dir='ltr'><strong>est</strong></span> <span class='ocrx_word' id='word_1_120' title='bbox 856 1762 966 1835; x_wconf 91' lang='lat' dir='ltr'><strong>animi.</strong></span> <span class='ocrx_word' id='word_1_121' title='bbox 992 1791 1125 1864; x_wconf 89' lang='lat' dir='ltr'><strong>semper</strong></span> <span class='ocrx_word' id='word_1_122' title='bbox 1142 1765 1205 1864; x_wconf 80' lang='lat' dir='ltr'><strong>igi.</strong></span> 
     </span>
     <span class='ocr_line' id='line_1_17' title="bbox 129 1865 546 1962; baseline -0.007 -23"><span class='ocrx_word' id='word_1_123' title='bbox 129 1881 185 1939; x_wconf 86' lang='lat' dir='ltr'><strong>tur</strong></span> <span class='ocrx_word' id='word_1_124' title='bbox 201 1892 238 1937; x_wconf 90' lang='lat' dir='ltr'><strong>ea</strong></span> <span class='ocrx_word' id='word_1_125' title='bbox 255 1865 388 1962; x_wconf 82' lang='lat' dir='ltr'><strong>sapiens</strong></span> <span class='ocrx_word' id='word_1_126' title='bbox 409 1865 546 1938; x_wconf 85' lang='lat' dir='ltr'><strong>vacabit.</strong></span> 
     </span>
    </p>

    <p class='ocr_par' dir='ltr' id='par_1_3' title="bbox 127 1964 1224 2374">
     <span class='ocr_line' id='line_1_18' title="bbox 232 1964 1205 2065; baseline 0.002 -28"><span class='ocrx_word' id='word_1_127' title='bbox 232 1968 320 2040; x_wconf 90' lang='lat' dir='ltr'><strong>VIII.</strong></span> <span class='ocrx_word' id='word_1_128' title='bbox 363 1975 418 2047; x_wconf 98' lang='grc'><strong>16.</strong></span> <span class='ocrx_word' id='word_1_129' title='bbox 444 1968 522 2040; x_wconf 88' lang='lat' dir='ltr'><strong>Veri</strong></span> <span class='ocrx_word' id='word_1_130' title='bbox 546 1967 642 2040; x_wconf 89' lang='lat' dir='ltr'><strong>etiam</strong></span> <span class='ocrx_word' id='word_1_131' title='bbox 667 1967 773 2040; x_wconf 85' lang='lat' dir='ltr'><strong>simile</strong></span> <span class='ocrx_word' id='word_1_132' title='bbox 796 1964 963 2054; x_wconf 72' lang='lat' dir='ltr'><strong>illudes,</strong></span> <span class='ocrx_word' id='word_1_133' title='bbox 989 1967 1047 2065; x_wconf 89' lang='lat' dir='ltr'><strong>qui</strong></span> <span class='ocrx_word' id='word_1_134' title='bbox 1064 1967 1108 2038; x_wconf 87' lang='lat' dir='ltr'><strong>sit</strong></span> <span class='ocrx_word' id='word_1_135' title='bbox 1123 1985 1205 2041; x_wconf 89' lang='lat' dir='ltr'><strong>tem-</strong></span> 
     </span>
     <span class='ocr_line' id='line_1_19' title="bbox 128 2064 1204 2170; baseline 0.003 -30"><span class='ocrx_word' id='word_1_136' title='bbox 128 2095 253 2168; x_wconf 87' lang='lat' dir='ltr'><strong>perans</strong></span> <span class='ocrx_word' id='word_1_137' title='bbox 270 2111 321 2127; x_wconf 89' lang='lat'><em>-</em></span> <span class='ocrx_word' id='word_1_138' title='bbox 335 2097 433 2168; x_wconf 90' lang='lat' dir='ltr'><strong>quem</strong></span> <span class='ocrx_word' id='word_1_139' title='bbox 451 2064 570 2146; x_wconf 86' lang='lat' dir='ltr'><strong>Graeci</strong></span> <span class='ocrx_word' id='word_1_140' title='bbox 600 2070 750 2170; x_wconf 78' lang='grc' dir='ltr'>σώφρονα</span> <span class='ocrx_word' id='word_1_141' title='bbox 774 2067 958 2168; x_wconf 87' lang='lat' dir='ltr'><strong>appellant,</strong></span> <span class='ocrx_word' id='word_1_142' title='bbox 985 2096 1123 2168; x_wconf 86' lang='lat' dir='ltr'><strong>eamque</strong></span> <span class='ocrx_word' id='word_1_143' title='bbox 1140 2071 1204 2143; x_wconf 90' lang='lat' dir='ltr'><strong>vir-</strong></span> 
     </span>
     <span class='ocr_line' id='line_1_20' title="bbox 127 2170 1204 2273; baseline 0.003 -31"><span class='ocrx_word' id='word_1_144' title='bbox 127 2186 234 2243; x_wconf 89' lang='lat' dir='ltr'><strong>tutem</strong></span> <span class='ocrx_word' id='word_1_145' title='bbox 258 2173 464 2273; x_wconf 69' lang='lat' dir='ltr'><strong>supponitur</strong></span> <span class='ocrx_word' id='word_1_146' title='bbox 482 2189 617 2256; x_wconf 78' lang='lat' dir='ltr'><strong>vocant,</strong></span> <span class='ocrx_word' id='word_1_147' title='bbox 642 2199 741 2270; x_wconf 93' lang='lat' dir='ltr'><strong>quam</strong></span> <span class='ocrx_word' id='word_1_148' title='bbox 757 2170 848 2243; x_wconf 83' lang='lat' dir='ltr'><strong>soleo</strong></span> <span class='ocrx_word' id='word_1_149' title='bbox 867 2172 1021 2270; x_wconf 91' lang='lat' dir='ltr'><strong>equidem</strong></span> <span class='ocrx_word' id='word_1_150' title='bbox 1038 2188 1108 2244; x_wconf 84' lang='lat' dir='ltr'><strong>tum</strong></span> <span class='ocrx_word' id='word_1_151' title='bbox 1123 2189 1204 2245; x_wconf 90' lang='lat' dir='ltr'><strong>tem-</strong></span> 
     </span>
     <span class='ocr_line' id='line_1_21' title="bbox 128 2273 1224 2374; baseline -0.003 -27"><span class='ocrx_word' id='word_1_152' title='bbox 128 2273 335 2373; x_wconf 86' lang='lat' dir='ltr'><strong>perantiam,</strong></span> <span class='ocrx_word' id='word_1_153' title='bbox 360 2291 429 2345; x_wconf 90' lang='lat' dir='ltr'><strong>tum</strong></span> <span class='ocrx_word' id='word_1_154' title='bbox 456 2273 718 2347; x_wconf 89' lang='lat' dir='ltr'><strong>moderationem</strong></span> <span class='ocrx_word' id='word_1_155' title='bbox 744 2273 930 2374; x_wconf 84' lang='lat' dir='ltr'><strong>appellare,</strong></span> <span class='ocrx_word' id='word_1_156' title='bbox 953 2303 1224 2374; x_wconf 88' lang='lat' dir='ltr'><strong>nonnumquam.</strong></span> 
     </span>
    </p>
   </div>
   <div class='ocr_carea' id='block_1_3' title="bbox 193 2472 919 2548">
    <p class='ocr_par' dir='ltr' id='par_1_4' title="bbox 193 2472 919 2548">
     <span class='ocr_line' id='line_1_22' title="bbox 193 2472 919 2548; baseline -0.003 -21"><span class='ocrx_word' id='word_1_157' title='bbox 193 2472 215 2535; x_wconf 77' lang='lat'><strong>2</strong></span> <span class='ocrx_word' id='word_1_158' title='bbox 231 2476 329 2530; x_wconf 84' lang='lat' dir='ltr'><strong>Multae</strong></span> <span class='ocrx_word' id='word_1_159' title='bbox 346 2477 410 2530; x_wconf 87' lang='lat' dir='ltr'><strong>Edd.</strong></span> <span class='ocrx_word' id='word_1_160' title='bbox 429 2489 492 2528; x_wconf 88' lang='lat' dir='ltr'><strong>vett.</strong></span> <span class='ocrx_word' id='word_1_161' title='bbox 512 2491 552 2528; x_wconf 89' lang='lat' dir='ltr'><strong>est</strong></span> <span class='ocrx_word' id='word_1_162' title='bbox 566 2479 668 2548; x_wconf 83' lang='lat' dir='ltr'><strong>igitur:</strong></span> <span class='ocrx_word' id='word_1_163' title='bbox 687 2476 756 2544; x_wconf 93' lang='lat' dir='ltr'><strong>quod</strong></span> <span class='ocrx_word' id='word_1_164' title='bbox 771 2477 919 2545; x_wconf 84' lang='lat' dir='ltr'><strong>praeferam.</strong></span> 
     </span>
    </p>
   </div>
   <div class='ocr_carea' id='block_1_4' title="bbox 114 2584 1271 4283">
    <p class='ocr_par' dir='ltr' id='par_1_5' title="bbox 114 2584 1271 3742">
     <span class='ocr_line' id='line_1_23' title="bbox 182 2584 1202 2665; baseline 0.001 -20"><span class='ocrx_word' id='word_1_165' title='bbox 182 2598 223 2652; x_wconf 88' lang='lat'><strong>15.</strong></span> <span class='ocrx_word' id='word_1_166' title='bbox 242 2612 287 2645; x_wconf 84' lang='lat' dir='ltr'><strong>res</strong></span> <span class='ocrx_word' id='word_1_167' title='bbox 304 2595 436 2647; x_wconf 80' lang='lat' dir='ltr'><strong>humanas</strong></span> <span class='ocrx_word' id='word_1_168' title='bbox 452 2596 599 2665; x_wconf 82' lang='lat' dir='ltr'><strong>despicere)</strong></span> <span class='ocrx_word' id='word_1_169' title='bbox 618 2594 650 2646; x_wconf 87' lang='lat' dir='ltr'><strong>de</strong></span> <span class='ocrx_word' id='word_1_170' title='bbox 684 2584 773 2644; x_wconf 87' lang='lat' dir='ltr'><strong>ordine</strong></span> <span class='ocrx_word' id='word_1_171' title='bbox 796 2593 880 2660; x_wconf 85' lang='lat' dir='ltr'><strong>legere</strong></span> <span class='ocrx_word' id='word_1_172' title='bbox 904 2593 973 2643; x_wconf 85' lang='lat' dir='ltr'><strong>ruit:</strong></span> <span class='ocrx_word' id='word_1_173' title='bbox 1005 2612 1138 2664; x_wconf 85' lang='lat' dir='ltr'><strong>nunquam</strong></span> <span class='ocrx_word' id='word_1_174' title='bbox 1161 2610 1202 2647; x_wconf 86' lang='lat' dir='ltr'><strong>eet</strong></span> 
     </span>
     <span class='ocr_line' id='line_1_24' title="bbox 129 2661 1202 2731; baseline 0.005 -20"><span class='ocrx_word' id='word_1_175' title='bbox 129 2666 202 2712; x_wconf 84' lang='lat' dir='ltr'><strong>Orat.</strong></span> <span class='ocrx_word' id='word_1_176' title='bbox 228 2664 261 2712; x_wconf 90' lang='lat' dir='ltr'><strong>II.</strong></span> <span class='ocrx_word' id='word_1_177' title='bbox 280 2665 339 2725; x_wconf 75' lang='grc'><strong>6-1,</strong></span> <span class='ocrx_word' id='word_1_178' title='bbox 362 2666 420 2721; x_wconf 73' lang='grc'><strong>344.</strong></span> <span class='ocrx_word' id='word_1_179' title='bbox 467 2665 598 2731; x_wconf 81' lang='lat' dir='ltr'><strong>Sapientia</strong></span> <span class='ocrx_word' id='word_1_180' title='bbox 623 2673 650 2712; x_wconf 91' lang='lat' dir='ltr'><strong>et</strong></span> <span class='ocrx_word' id='word_1_181' title='bbox 683 2664 695 2712; x_wconf 91' lang='lat' dir='ltr'><strong>i</strong></span> <span class='ocrx_word' id='word_1_182' title='bbox 715 2664 785 2711; x_wconf 89' lang='lat' dir='ltr'><strong>itur:</strong></span> <span class='ocrx_word' id='word_1_183' title='bbox 803 2661 873 2730; x_wconf 90' lang='lat' dir='ltr'><strong>qnod</strong></span> <span class='ocrx_word' id='word_1_184' title='bbox 889 2672 957 2711; x_wconf 89' lang='lat' dir='ltr'><strong>certe</strong></span> <span class='ocrx_word' id='word_1_185' title='bbox 971 2661 1036 2724; x_wconf 84' lang='lat' dir='ltr'><strong>h.l.,</strong></span> <span class='ocrx_word' id='word_1_186' title='bbox 1055 2665 1123 2714; x_wconf 91' lang='lat' dir='ltr'><strong>utin</strong></span> <span class='ocrx_word' id='word_1_187' title='bbox 1137 2681 1202 2716; x_wconf 87' lang='lat' dir='ltr'><strong>con·</strong></span> 
     </span>
     <span class='ocr_line' id='line_1_25' title="bbox 128 2681 1200 2799; baseline 0 -18"><span class='ocrx_word' id='word_1_188' title='bbox 128 2729 280 2796; x_wconf 82' lang='lat' dir='ltr'><strong>magnitudo</strong></span> <span class='ocrx_word' id='word_1_189' title='bbox 305 2730 395 2792; x_wconf 87' lang='lat' dir='ltr'><strong>animi,</strong></span> <span class='ocrx_word' id='word_1_190' title='bbox 422 2749 472 2799; x_wconf 87' lang='lat' dir='ltr'><strong>qua</strong></span> <span class='ocrx_word' id='word_1_191' title='bbox 495 2749 582 2782; x_wconf 90' lang='lat' dir='ltr'><strong>omnes</strong></span> <span class='ocrx_word' id='word_1_192' title='bbox 607 2748 647 2781; x_wconf 89' lang='lat' dir='ltr'><strong>res</strong></span> <span class='ocrx_word' id='word_1_193' title='bbox 683 2681 802 2780; x_wconf 74' lang='lat' dir='ltr'><strong>tindendi</strong></span> <span class='ocrx_word' id='word_1_194' title='bbox 824 2729 948 2792; x_wconf 83' lang='lat' dir='ltr'><strong>formula,</strong></span> <span class='ocrx_word' id='word_1_195' title='bbox 975 2746 1028 2780; x_wconf 89' lang='lat' dir='ltr'><strong>non</strong></span> <span class='ocrx_word' id='word_1_196' title='bbox 1051 2731 1148 2799; x_wconf 84' lang='lat' dir='ltr'><strong>placet.</strong></span> <span class='ocrx_word' id='word_1_197' title='bbox 1167 2761 1200 2772; x_wconf 92' lang='lat'><em>-</em></span> 
     </span>
     <span class='ocr_line' id='line_1_26' title="bbox 127 2797 1220 2868; baseline 0.003 -21"><span class='ocrx_word' id='word_1_198' title='bbox 127 2797 256 2848; x_wconf 84' lang='lat' dir='ltr'><strong>humanae</strong></span> <span class='ocrx_word' id='word_1_199' title='bbox 274 2809 410 2848; x_wconf 87' lang='lat' dir='ltr'><strong>cernuntur</strong></span> <span class='ocrx_word' id='word_1_200' title='bbox 428 2810 531 2861; x_wconf 86' lang='lat' dir='ltr'><strong>tenues,</strong></span> <span class='ocrx_word' id='word_1_201' title='bbox 557 2809 584 2849; x_wconf 85' lang='lat' dir='ltr'><strong>et</strong></span> <span class='ocrx_word' id='word_1_202' title='bbox 597 2816 649 2868; x_wconf 88' lang='lat' dir='ltr'><strong>pro</strong></span> <span class='ocrx_word' id='word_1_203' title='bbox 681 2799 744 2847; x_wconf 77' lang='lat' dir='ltr'><strong>Mon</strong></span> <span class='ocrx_word' id='word_1_204' title='bbox 761 2810 790 2846; x_wconf 85' lang='lat' dir='ltr'><strong>at</strong></span> <span class='ocrx_word' id='word_1_205' title='bbox 803 2797 948 2866; x_wconf 81' lang='lat' dir='ltr'><strong>aegritudo</strong></span> <span class='ocrx_word' id='word_1_206' title='bbox 970 2797 1140 2849; x_wconf 77' lang='lat' dir='ltr'><strong>observandus</strong></span> <span class='ocrx_word' id='word_1_207' title='bbox 1161 2811 1220 2858; x_wconf 82' lang='lat' dir='ltr'><strong>eet¹</strong></span> 
     </span>
     <span class='ocr_line' id='line_1_27' title="bbox 128 2864 1200 2934; baseline 0.004 -20"><span class='ocrx_word' id='word_1_208' title='bbox 128 2864 217 2915; x_wconf 77' lang='lat' dir='ltr'><strong>nihilo</strong></span> <span class='ocrx_word' id='word_1_209' title='bbox 226 2877 371 2934; x_wconf 87' lang='lat' dir='ltr'><strong>putantur:</strong></span> <span class='ocrx_word' id='word_1_210' title='bbox 390 2867 431 2916; x_wconf 93' lang='lat' dir='ltr'><strong>ubi</strong></span> <span class='ocrx_word' id='word_1_211' title='bbox 444 2885 469 2915; x_wconf 88' lang='lat' dir='ltr'><strong>v.</strong></span> <span class='ocrx_word' id='word_1_212' title='bbox 478 2867 602 2916; x_wconf 86' lang='lat' dir='ltr'><strong>Pearcius.</strong></span> <span class='ocrx_word' id='word_1_213' title='bbox 616 2867 648 2917; x_wconf 89' lang='lat' dir='ltr'><strong>de</strong></span> <span class='ocrx_word' id='word_1_214' title='bbox 682 2883 739 2914; x_wconf 90' lang='lat' dir='ltr'><strong>usus</strong></span> <span class='ocrx_word' id='word_1_215' title='bbox 754 2864 894 2932; x_wconf 87' lang='lat' dir='ltr'><strong>particulae</strong></span> <span class='ocrx_word' id='word_1_216' title='bbox 909 2877 952 2925; x_wconf 85' lang='lat' dir='ltr'><strong>at,</strong></span> <span class='ocrx_word' id='word_1_217' title='bbox 970 2866 1038 2932; x_wconf 90' lang='lat' dir='ltr'><strong>apud</strong></span> <span class='ocrx_word' id='word_1_218' title='bbox 1053 2867 1200 2918; x_wconf 86' lang='lat' dir='ltr'><strong>Ciceronem</strong></span> 
     </span>
     <span class='ocr_line' id='line_1_28' title="bbox 127 2932 1199 3000; baseline 0.002 -17"><span class='ocrx_word' id='word_1_219' title='bbox 127 2935 211 2999; x_wconf 86' lang='lat' dir='ltr'><strong>Legg.</strong></span> <span class='ocrx_word' id='word_1_220' title='bbox 229 2935 249 2982; x_wconf 93' lang='grc' dir='ltr'><strong>Ι.</strong></span> <span class='ocrx_word' id='word_1_221' title='bbox 266 2938 314 2994; x_wconf 82' lang='lat'><strong>23,</strong></span> <span class='ocrx_word' id='word_1_222' title='bbox 332 2939 374 2991; x_wconf 84' lang='lat'><strong>62.</strong></span> <span class='ocrx_word' id='word_1_223' title='bbox 402 2951 477 3000; x_wconf 92' lang='lat' dir='ltr'><strong>quam</strong></span> <span class='ocrx_word' id='word_1_224' title='bbox 494 2946 650 2995; x_wconf 67' lang='lat' dir='ltr'><strong>contemnet,</strong></span> <span class='ocrx_word' id='word_1_225' title='bbox 681 2934 743 2982; x_wconf 88' lang='lat' dir='ltr'><strong>satis</strong></span> <span class='ocrx_word' id='word_1_226' title='bbox 761 2933 887 2999; x_wconf 85' lang='lat' dir='ltr'><strong>frequens,</strong></span> <span class='ocrx_word' id='word_1_227' title='bbox 905 2950 955 2999; x_wconf 91' lang='lat' dir='ltr'><strong>quo</strong></span> <span class='ocrx_word' id='word_1_228' title='bbox 971 2932 1078 2985; x_wconf 80' lang='lat' dir='ltr'><strong>inservit</strong></span> <span class='ocrx_word' id='word_1_229' title='bbox 1092 2935 1199 2986; x_wconf 87' lang='lat' dir='ltr'><strong>conclu—</strong></span> 
     </span>
     <span class='ocr_line' id='line_1_29' title="bbox 128 2999 1199 3072; baseline 0.003 -22"><span class='ocrx_word' id='word_1_230' title='bbox 128 3017 207 3068; x_wconf 89' lang='lat' dir='ltr'><strong>qnam</strong></span> <span class='ocrx_word' id='word_1_231' title='bbox 230 3000 371 3070; x_wconf 82' lang='lat' dir='ltr'><strong>despiciet,</strong></span> <span class='ocrx_word' id='word_1_232' title='bbox 396 3019 470 3069; x_wconf 87' lang='lat' dir='ltr'><strong>quam</strong></span> <span class='ocrx_word' id='word_1_233' title='bbox 490 3019 542 3072; x_wconf 86' lang='lat' dir='ltr'><strong>pro</strong></span> <span class='ocrx_word' id='word_1_234' title='bbox 562 3002 649 3052; x_wconf 80' lang='lat' dir='ltr'><strong>nr&#39;lrilo</strong></span> <span class='ocrx_word' id='word_1_235' title='bbox 681 2999 747 3050; x_wconf 87' lang='lat' dir='ltr'><strong>sioni</strong></span> <span class='ocrx_word' id='word_1_236' title='bbox 772 3016 819 3067; x_wconf 87' lang='lat' dir='ltr'><strong>per</strong></span> <span class='ocrx_word' id='word_1_237' title='bbox 845 3001 1034 3051; x_wconf 83' lang='lat' dir='ltr'><strong>assumtionem.</strong></span> <span class='ocrx_word' id='word_1_238' title='bbox 1085 3002 1140 3052; x_wconf 89' lang='lat' dir='ltr'><strong>Fin.</strong></span> <span class='ocrx_word' id='word_1_239' title='bbox 1167 3005 1199 3053; x_wconf 90' lang='lat' dir='ltr'><strong>II.</strong></span> 
     </span>
     <span class='ocr_line' id='line_1_30' title="bbox 114 3065 1197 3158; baseline 0.002 -41"><span class='ocrx_word' id='word_1_240' title='bbox 114 3065 235 3158; x_wconf 53' lang='lat' dir='ltr'><strong>‘putabit</strong></span> <span class='ocrx_word' id='word_1_241' title='bbox 259 3086 306 3128; x_wconf 87' lang='lat' dir='ltr'><strong>ea,</strong></span> <span class='ocrx_word' id='word_1_242' title='bbox 335 3087 398 3137; x_wconf 89' lang='lat' dir='ltr'><strong>qnae</strong></span> <span class='ocrx_word' id='word_1_243' title='bbox 426 3069 503 3136; x_wconf 83' lang='lat' dir='ltr'><strong>vulgo</strong></span> <span class='ocrx_word' id='word_1_244' title='bbox 530 3069 648 3119; x_wconf 88' lang='lat' dir='ltr'><strong>dicuutur</strong></span> <span class='ocrx_word' id='word_1_245' title='bbox 680 3068 721 3129; x_wconf 81' lang='lat'><strong>24,</strong></span> <span class='ocrx_word' id='word_1_246' title='bbox 740 3071 781 3125; x_wconf 84' lang='grc'><strong>79.</strong></span> <span class='ocrx_word' id='word_1_247' title='bbox 816 3069 850 3117; x_wconf 78' lang='lat' dir='ltr'><strong>At</strong></span> <span class='ocrx_word' id='word_1_248' title='bbox 865 3067 931 3117; x_wconf 89' lang='lat' dir='ltr'><strong>enim</strong></span> <span class='ocrx_word' id='word_1_249' title='bbox 945 3085 1037 3135; x_wconf 88' lang='lat' dir='ltr'><strong>sequor</strong></span> <span class='ocrx_word' id='word_1_250' title='bbox 1051 3069 1197 3136; x_wconf 84' lang='lat' dir='ltr'><strong>utilitatem.</strong></span> 
     </span>
     <span class='ocr_line' id='line_1_31' title="bbox 128 3134 1197 3202; baseline 0.002 -16"><span class='ocrx_word' id='word_1_251' title='bbox 128 3134 304 3202; x_wconf 83' lang='lat' dir='ltr'><strong>amplissima?</strong></span> <span class='ocrx_word' id='word_1_252' title='bbox 321 3166 354 3175; x_wconf 92' lang='lat'><em>-</em></span> <span class='ocrx_word' id='word_1_253' title='bbox 380 3136 419 3186; x_wconf 77' lang='lat' dir='ltr'><strong>Ibi</strong></span> <span class='ocrx_word' id='word_1_254' title='bbox 434 3134 590 3186; x_wconf 85' lang='lat' dir='ltr'><strong>observanda</strong></span> <span class='ocrx_word' id='word_1_255' title='bbox 609 3146 648 3186; x_wconf 85' lang='lat' dir='ltr'><strong>est</strong></span> <span class='ocrx_word' id='word_1_256' title='bbox 680 3134 796 3185; x_wconf 86' lang='lat' dir='ltr'><strong>Manebit</strong></span> <span class='ocrx_word' id='word_1_257' title='bbox 811 3152 873 3201; x_wconf 86' lang='lat' dir='ltr'><strong>ergo</strong></span> <span class='ocrx_word' id='word_1_258' title='bbox 886 3135 1007 3186; x_wconf 88' lang='lat' dir='ltr'><strong>amicitia.</strong></span> <span class='ocrx_word' id='word_1_259' title='bbox 1031 3139 1062 3188; x_wconf 91' lang='lat' dir='ltr'><strong>V.</strong></span> <span class='ocrx_word' id='word_1_260' title='bbox 1073 3138 1197 3188; x_wconf 79' lang='lat' dir='ltr'><strong>Goerenu.</strong></span> 
     </span>
     <span class='ocr_line' id='line_1_32' title="bbox 128 3202 1271 3272; baseline 0.002 -20"><span class='ocrx_word' id='word_1_261' title='bbox 128 3202 248 3269; x_wconf 82' lang='lat' dir='ltr'><strong>gradatio</strong></span> <span class='ocrx_word' id='word_1_262' title='bbox 285 3205 425 3255; x_wconf 83' lang='lat' dir='ltr'><strong>verborum.</strong></span> <span class='ocrx_word' id='word_1_263' title='bbox 478 3208 647 3255; x_wconf 81' lang='lat' dir='ltr'><strong>Contemnere</strong></span> <span class='ocrx_word' id='word_1_264' title='bbox 681 3202 809 3268; x_wconf 83' lang='lat' dir='ltr'><strong>adLegg.</strong></span> <span class='ocrx_word' id='word_1_265' title='bbox 824 3205 844 3251; x_wconf 91' lang='lat' dir='ltr'><strong>I.</strong></span> <span class='ocrx_word' id='word_1_266' title='bbox 862 3207 907 3264; x_wconf 85' lang='lat'><strong>17,</strong></span> <span class='ocrx_word' id='word_1_267' title='bbox 926 3204 966 3260; x_wconf 82' lang='grc'><strong>46.</strong></span> <span class='ocrx_word' id='word_1_268' title='bbox 987 3223 1012 3272; x_wconf 92' lang='lat' dir='ltr'><strong>p.</strong></span> <span class='ocrx_word' id='word_1_269' title='bbox 1029 3209 1070 3262; x_wconf 82' lang='grc'><strong>73.</strong></span> <span class='ocrx_word' id='word_1_270' title='bbox 1087 3234 1120 3243; x_wconf 95' lang='grc'>-</span> <span class='ocrx_word' id='word_1_271' title='bbox 1143 3207 1199 3255; x_wconf 87' lang='lat' dir='ltr'><strong>De-</strong></span> <span class='ocrx_word' id='word_1_272' title='bbox 1267 3250 1271 3257; x_wconf 85' lang='grc'><em>,</em></span> 
     </span>
     <span class='ocr_line' id='line_1_33' title="bbox 128 3269 1198 3338; baseline 0.001 -18"><span class='ocrx_word' id='word_1_273' title='bbox 128 3271 197 3320; x_wconf 87' lang='lat' dir='ltr'><strong>enim</strong></span> <span class='ocrx_word' id='word_1_274' title='bbox 212 3269 331 3321; x_wconf 88' lang='lat' dir='ltr'><strong>dicuntur</strong></span> <span class='ocrx_word' id='word_1_275' title='bbox 344 3289 399 3331; x_wconf 84' lang='lat' dir='ltr'><strong>res,</strong></span> <span class='ocrx_word' id='word_1_276' title='bbox 424 3288 486 3337; x_wconf 82' lang='lat' dir='ltr'><strong>quas</strong></span> <span class='ocrx_word' id='word_1_277' title='bbox 502 3272 588 3323; x_wconf 85' lang='lat' dir='ltr'><strong>inanes</strong></span> <span class='ocrx_word' id='word_1_278' title='bbox 604 3282 647 3322; x_wconf 88' lang='lat' dir='ltr'><strong>et·</strong></span> <span class='ocrx_word' id='word_1_279' title='bbox 680 3270 757 3337; x_wconf 87' lang='lat' dir='ltr'><strong>nique</strong></span> <span class='ocrx_word' id='word_1_280' title='bbox 773 3270 806 3320; x_wconf 87' lang='lat' dir='ltr'><strong>ad</strong></span> <span class='ocrx_word' id='word_1_281' title='bbox 821 3271 934 3320; x_wconf 86' lang='lat' dir='ltr'><strong>futurum</strong></span> <span class='ocrx_word' id='word_1_282' title='bbox 949 3269 1071 3335; x_wconf 81' lang='lat' dir='ltr'><strong>vacabit,</strong></span> <span class='ocrx_word' id='word_1_283' title='bbox 1088 3273 1158 3338; x_wconf 88' lang='lat' dir='ltr'><strong>quod</strong></span> <span class='ocrx_word' id='word_1_284' title='bbox 1171 3273 1198 3321; x_wconf 94' lang='lat' dir='ltr'><strong>in</strong></span> 
     </span>
     <span class='ocr_line' id='line_1_34' title="bbox 128 3337 1198 3408; baseline 0 -21"><span class='ocrx_word' id='word_1_285' title='bbox 128 3355 177 3406; x_wconf 89' lang='lat' dir='ltr'><strong>qne</strong></span> <span class='ocrx_word' id='word_1_286' title='bbox 197 3338 267 3389; x_wconf 86' lang='lat' dir='ltr'><strong>leves</strong></span> <span class='ocrx_word' id='word_1_287' title='bbox 290 3356 344 3389; x_wconf 87' lang='lat' dir='ltr'><strong>esse</strong></span> <span class='ocrx_word' id='word_1_288' title='bbox 370 3337 528 3390; x_wconf 74' lang='lat' dir='ltr'><strong>existimant:</strong></span> <span class='ocrx_word' id='word_1_289' title='bbox 554 3340 647 3408; x_wconf 87' lang='lat' dir='ltr'><strong>despi-</strong></span> <span class='ocrx_word' id='word_1_290' title='bbox 681 3339 882 3405; x_wconf 89' lang='lat' dir='ltr'><strong>consequutione</strong></span> <span class='ocrx_word' id='word_1_291' title='bbox 903 3347 930 3387; x_wconf 87' lang='lat' dir='ltr'><strong>et</strong></span> <span class='ocrx_word' id='word_1_292' title='bbox 951 3338 1114 3400; x_wconf 77' lang='lat' dir='ltr'><strong>conclusione</strong></span> <span class='ocrx_word' id='word_1_293' title='bbox 1136 3339 1198 3405; x_wconf 91' lang='lat' dir='ltr'><strong>poni</strong></span> 
     </span>
     <span class='ocr_line' id='line_1_35' title="bbox 128 3404 1197 3474; baseline 0.001 -20"><span class='ocrx_word' id='word_1_294' title='bbox 128 3422 258 3468; x_wconf 85' lang='lat' dir='ltr'><strong>cereres,</strong></span> <span class='ocrx_word' id='word_1_295' title='bbox 276 3407 464 3473; x_wconf 81' lang='lat' dir='ltr'><strong>quasinirase,</strong></span> <span class='ocrx_word' id='word_1_296' title='bbox 482 3405 648 3474; x_wconf 83' lang='lat' dir='ltr'><strong>infradigni-</strong></span> <span class='ocrx_word' id='word_1_297' title='bbox 680 3406 762 3466; x_wconf 85' lang='lat' dir='ltr'><strong>solet,</strong></span> <span class='ocrx_word' id='word_1_298' title='bbox 789 3406 822 3454; x_wconf 80' lang='lat' dir='ltr'><strong>cf.</strong></span> <span class='ocrx_word' id='word_1_299' title='bbox 845 3404 912 3454; x_wconf 84' lang='lat' dir='ltr'><strong>inira</strong></span> <span class='ocrx_word' id='word_1_300' title='bbox 933 3407 1066 3467; x_wconf 77' lang='lat' dir='ltr'><strong>c.8,18.</strong></span> <span class='ocrx_word' id='word_1_301' title='bbox 1090 3415 1118 3455; x_wconf 82' lang='lat' dir='ltr'><strong>et</strong></span> <span class='ocrx_word' id='word_1_302' title='bbox 1138 3416 1197 3455; x_wconf 85' lang='lat' dir='ltr'><strong>sunt</strong></span> 
     </span>
     <span class='ocr_line' id='line_1_36' title="bbox 127 3470 1197 3544; baseline -0.002 -20"><span class='ocrx_word' id='word_1_303' title='bbox 127 3484 210 3524; x_wconf 85' lang='lat' dir='ltr'><strong>tatem</strong></span> <span class='ocrx_word' id='word_1_304' title='bbox 224 3491 295 3523; x_wconf 86' lang='lat' dir='ltr'><strong>suam</strong></span> <span class='ocrx_word' id='word_1_305' title='bbox 306 3473 580 3543; x_wconf 77' lang='lat' dir='ltr'><strong>positnsarbitrantur5</strong></span> <span class='ocrx_word' id='word_1_306' title='bbox 596 3491 648 3544; x_wconf 88' lang='lat' dir='ltr'><strong>pro</strong></span> <span class='ocrx_word' id='word_1_307' title='bbox 679 3472 725 3522; x_wconf 87' lang='lat' dir='ltr'><strong>illa</strong></span> <span class='ocrx_word' id='word_1_308' title='bbox 745 3472 879 3539; x_wconf 85' lang='lat' dir='ltr'><strong>sapientis:</strong></span> <span class='ocrx_word' id='word_1_309' title='bbox 908 3471 996 3520; x_wconf 84' lang='lat' dir='ltr'><strong>aberit</strong></span> <span class='ocrx_word' id='word_1_310' title='bbox 1014 3470 1102 3542; x_wconf 72' lang='lat' dir='ltr'><strong>igitur</strong></span> <span class='ocrx_word' id='word_1_311' title='bbox 1121 3488 1135 3520; x_wconf 85' lang='lat' dir='ltr'><strong>o</strong></span> <span class='ocrx_word' id='word_1_312' title='bbox 1153 3489 1197 3522; x_wconf 86' lang='lat' dir='ltr'><strong>sa-</strong></span> 
     </span>
     <span class='ocr_line' id='line_1_37' title="bbox 128 3537 1219 3610; baseline -0.001 -20"><span class='ocrx_word' id='word_1_313' title='bbox 128 3541 216 3591; x_wconf 81' lang='lat' dir='ltr'><strong>niltilo</strong></span> <span class='ocrx_word' id='word_1_314' title='bbox 223 3553 321 3610; x_wconf 83' lang='lat' dir='ltr'><strong>putare</strong></span> <span class='ocrx_word' id='word_1_315' title='bbox 330 3560 378 3603; x_wconf 89' lang='lat' dir='ltr'><strong>res,</strong></span> <span class='ocrx_word' id='word_1_316' title='bbox 395 3559 457 3608; x_wconf 86' lang='lat' dir='ltr'><strong>quas</strong></span> <span class='ocrx_word' id='word_1_317' title='bbox 467 3539 560 3592; x_wconf 91' lang='lat' dir='ltr'><strong>nullius</strong></span> <span class='ocrx_word' id='word_1_318' title='bbox 570 3542 647 3609; x_wconf 88' lang='lat' dir='ltr'><strong>plane</strong></span> <span class='ocrx_word' id='word_1_319' title='bbox 680 3540 766 3607; x_wconf 86' lang='lat' dir='ltr'><strong>piente</strong></span> <span class='ocrx_word' id='word_1_320' title='bbox 779 3537 919 3604; x_wconf 85' lang='lat' dir='ltr'><strong>aegritudo.</strong></span> <span class='ocrx_word' id='word_1_321' title='bbox 931 3541 952 3606; x_wconf 80' lang='lat'><strong>§.</strong></span> <span class='ocrx_word' id='word_1_322' title='bbox 965 3541 1005 3596; x_wconf 87' lang='lat'><strong>19.</strong></span> <span class='ocrx_word' id='word_1_323' title='bbox 1017 3555 1068 3604; x_wconf 84' lang='lat' dir='ltr'><strong>qua</strong></span> <span class='ocrx_word' id='word_1_324' title='bbox 1077 3538 1197 3605; x_wconf 85' lang='lat' dir='ltr'><strong>quoniam</strong></span> <span class='ocrx_word' id='word_1_325' title='bbox 1216 3599 1219 3605; x_wconf 20' lang='grc' dir='ltr'><em>ι</em></span> 
     </span>
     <span class='ocr_line' id='line_1_38' title="bbox 127 3603 1193 3671; baseline -0.002 -13"><span class='ocrx_word' id='word_1_326' title='bbox 127 3608 252 3659; x_wconf 87' lang='lat' dir='ltr'><strong>momenti</strong></span> <span class='ocrx_word' id='word_1_327' title='bbox 272 3609 376 3659; x_wconf 89' lang='lat' dir='ltr'><strong>ducunt.</strong></span> <span class='ocrx_word' id='word_1_328' title='bbox 412 3611 442 3660; x_wconf 88' lang='lat' dir='ltr'><strong>V.</strong></span> <span class='ocrx_word' id='word_1_329' title='bbox 459 3608 572 3658; x_wconf 84' lang='lat' dir='ltr'><strong>Ochsner</strong></span> <span class='ocrx_word' id='word_1_330' title='bbox 592 3608 646 3659; x_wconf 91' lang='lat' dir='ltr'><strong>Ecl.</strong></span> <span class='ocrx_word' id='word_1_331' title='bbox 680 3616 769 3668; x_wconf 81' lang='lat' dir='ltr'><strong>vacat,</strong></span> <span class='ocrx_word' id='word_1_332' title='bbox 802 3603 960 3671; x_wconf 82' lang='lat' dir='ltr'><strong>aegritudine</strong></span> <span class='ocrx_word' id='word_1_333' title='bbox 983 3606 1061 3655; x_wconf 87' lang='lat' dir='ltr'><strong>ctiam</strong></span> <span class='ocrx_word' id='word_1_334' title='bbox 1083 3605 1193 3656; x_wconf 86' lang='lat' dir='ltr'><strong>vacabit.</strong></span> 
     </span>
     <span class='ocr_line' id='line_1_39' title="bbox 128 3672 1195 3742; baseline -0.002 -17"><span class='ocrx_word' id='word_1_335' title='bbox 128 3677 209 3725; x_wconf 87' lang='lat' dir='ltr'><strong>Cicer.</strong></span> <span class='ocrx_word' id='word_1_336' title='bbox 226 3693 252 3742; x_wconf 91' lang='lat' dir='ltr'><strong>p.</strong></span> <span class='ocrx_word' id='word_1_337' title='bbox 266 3680 306 3735; x_wconf 71' lang='lat'><strong>38</strong></span> <span class='ocrx_word' id='word_1_338' title='bbox 497 3681 499 3685; x_wconf 58' lang='lat'><em>⁴</em></span> <span class='ocrx_word' id='word_1_339' title='bbox 679 3674 711 3723; x_wconf 90' lang='lat' dir='ltr'><strong>V.</strong></span> <span class='ocrx_word' id='word_1_340' title='bbox 735 3676 861 3724; x_wconf 85' lang='lat' dir='ltr'><strong>Goerenz.</strong></span> <span class='ocrx_word' id='word_1_341' title='bbox 887 3672 920 3722; x_wconf 86' lang='lat' dir='ltr'><strong>ad</strong></span> <span class='ocrx_word' id='word_1_342' title='bbox 943 3673 999 3723; x_wconf 88' lang='lat' dir='ltr'><strong>Fin.</strong></span> <span class='ocrx_word' id='word_1_343' title='bbox 1025 3675 1070 3724; x_wconf 88' lang='lat' dir='ltr'><strong>III.</strong></span> <span class='ocrx_word' id='word_1_344' title='bbox 1095 3676 1127 3734; x_wconf 82' lang='grc'><strong>8,</strong></span> <span class='ocrx_word' id='word_1_345' title='bbox 1155 3681 1195 3732; x_wconf 65' lang='grc'><strong>26.</strong></span> 
     </span>
    </p>

    <p class='ocr_par' dir='ltr' id='par_1_6' title="bbox 127 3741 1248 4015">
     <span class='ocr_line' id='line_1_40' title="bbox 179 3741 1197 3814; baseline -0.001 -22"><span class='ocrx_word' id='word_1_346' title='bbox 179 3744 217 3792; x_wconf 83' lang='lat' dir='ltr'><strong>ad</strong></span> <span class='ocrx_word' id='word_1_347' title='bbox 243 3761 318 3794; x_wconf 88' lang='lat' dir='ltr'><strong>suum</strong></span> <span class='ocrx_word' id='word_1_348' title='bbox 346 3762 440 3794; x_wconf 83' lang='lat' dir='ltr'><strong>rnunus</strong></span> <span class='ocrx_word' id='word_1_349' title='bbox 458 3741 644 3814; x_wconf 73' lang='lat' dir='ltr'><strong>fungendum)</strong></span> <span class='ocrx_word' id='word_1_350' title='bbox 679 3759 705 3808; x_wconf 86' lang='lat' dir='ltr'><strong>p.</strong></span> <span class='ocrx_word' id='word_1_351' title='bbox 720 3742 780 3800; x_wconf 81' lang='lat'><strong>346.</strong></span> <span class='ocrx_word' id='word_1_352' title='bbox 807 3741 849 3808; x_wconf 90' lang='lat' dir='ltr'><strong>qui</strong></span> <span class='ocrx_word' id='word_1_353' title='bbox 864 3756 923 3790; x_wconf 84' lang='lat' dir='ltr'><strong>mox</strong></span> <span class='ocrx_word' id='word_1_354' title='bbox 940 3741 1069 3802; x_wconf 81' lang='lat' dir='ltr'><strong>c.8‚&#39;19.</strong></span> <span class='ocrx_word' id='word_1_355' title='bbox 1096 3759 1110 3790; x_wconf 88' lang='lat' dir='ltr'><strong>e</strong></span> <span class='ocrx_word' id='word_1_356' title='bbox 1131 3742 1197 3791; x_wconf 89' lang='lat' dir='ltr'><strong>binis</strong></span> 
     </span>
     <span class='ocr_line' id='line_1_41' title="bbox 127 3808 1196 3930; baseline -0.006 -66"><span class='ocrx_word' id='word_1_357' title='bbox 127 3813 159 3864; x_wconf 85' lang='lat' dir='ltr'><strong>V.</strong></span> <span class='ocrx_word' id='word_1_358' title='bbox 177 3809 272 3880; x_wconf 86' lang='lat' dir='ltr'><strong>Zumpt</strong></span> <span class='ocrx_word' id='word_1_359' title='bbox 296 3815 357 3862; x_wconf 84' lang='lat' dir='ltr'><strong>Lat.</strong></span> <span class='ocrx_word' id='word_1_360' title='bbox 375 3814 490 3862; x_wconf 81' lang='lat' dir='ltr'><strong>Gramm.</strong></span> <span class='ocrx_word' id='word_1_361' title='bbox 509 3817 535 3930; x_wconf 64' lang='lat' dir='ltr'><strong>p.</strong></span> <span class='ocrx_word' id='word_1_362' title='bbox 554 3817 596 3871; x_wconf 83' lang='lat'><strong>82.</strong></span> <span class='ocrx_word' id='word_1_363' title='bbox 620 3817 646 3870; x_wconf 85' lang='lat'><strong>2.</strong></span> <span class='ocrx_word' id='word_1_364' title='bbox 679 3809 730 3858; x_wconf 86' lang='lat' dir='ltr'><strong>suis</strong></span> <span class='ocrx_word' id='word_1_365' title='bbox 745 3809 825 3860; x_wconf 89' lang='lat' dir='ltr'><strong>Codd.</strong></span> <span class='ocrx_word' id='word_1_366' title='bbox 849 3818 919 3858; x_wconf 88' lang='lat' dir='ltr'><strong>recte</strong></span> <span class='ocrx_word' id='word_1_367' title='bbox 936 3808 1112 3875; x_wconf 81' lang='lat' dir='ltr'><strong>corrigendum</strong></span> <span class='ocrx_word' id='word_1_368' title='bbox 1134 3827 1196 3859; x_wconf 90' lang='lat' dir='ltr'><strong>cen-</strong></span> 
     </span>
     <span class='ocr_line' id='line_1_42' title="bbox 127 3875 1248 3949; baseline 0 -22"><span class='ocrx_word' id='word_1_369' title='bbox 127 3884 201 3928; x_wconf 83' lang='lat' dir='ltr'><strong>Anm.</strong></span> <span class='ocrx_word' id='word_1_370' title='bbox 219 3880 238 3928; x_wconf 93' lang='lat' dir='ltr'><strong>I.</strong></span> <span class='ocrx_word' id='word_1_371' title='bbox 256 3898 282 3947; x_wconf 89' lang='lat' dir='ltr'><strong>p.</strong></span> <span class='ocrx_word' id='word_1_372' title='bbox 298 3881 356 3937; x_wconf 81' lang='grc'><strong>463.</strong></span> <span class='ocrx_word' id='word_1_373' title='bbox 384 3881 507 3930; x_wconf 82' lang='lat' dir='ltr'><strong>Grotefen</strong></span> <span class='ocrx_word' id='word_1_374' title='bbox 550 3883 571 3949; x_wconf 82' lang='lat'><strong>§.</strong></span> <span class='ocrx_word' id='word_1_375' title='bbox 586 3885 646 3938; x_wconf 87' lang='lat'><strong>221.</strong></span> <span class='ocrx_word' id='word_1_376' title='bbox 682 3886 733 3926; x_wconf 84' lang='lat' dir='ltr'><strong>set:</strong></span> <span class='ocrx_word' id='word_1_377' title='bbox 751 3893 878 3943; x_wconf 87' lang='lat' dir='ltr'><strong>nunqnam</strong></span> <span class='ocrx_word' id='word_1_378' title='bbox 889 3875 967 3944; x_wconf 86' lang='lat' dir='ltr'><strong>igitur</strong></span> <span class='ocrx_word' id='word_1_379' title='bbox 980 3876 1080 3946; x_wconf 85' lang='lat' dir='ltr'><strong>sapiens</strong></span> <span class='ocrx_word' id='word_1_380' title='bbox 1092 3879 1196 3929; x_wconf 86' lang='lat' dir='ltr'><strong>irasce-</strong></span> <span class='ocrx_word' id='word_1_381' title='bbox 1244 3905 1248 3911; x_wconf 87' lang='lat'><strong>·</strong></span> 
     </span>
     <span class='ocr_line' id='line_1_43' title="bbox 127 3945 1009 4015; baseline -0.002 -20"><span class='ocrx_word' id='word_1_382' title='bbox 127 3951 201 3997; x_wconf 79' lang='lat' dir='ltr'><strong>Anm.</strong></span> <span class='ocrx_word' id='word_1_383' title='bbox 218 3948 249 3996; x_wconf 89' lang='lat' dir='ltr'><strong>II.</strong></span> <span class='ocrx_word' id='word_1_384' title='bbox 274 3966 299 4015; x_wconf 93' lang='lat' dir='ltr'><strong>p.</strong></span> <span class='ocrx_word' id='word_1_385' title='bbox 316 3951 375 4005; x_wconf 83' lang='grc'><strong>339.</strong></span> <span class='ocrx_word' id='word_1_386' title='bbox 394 3965 430 4014; x_wconf 86' lang='lat' dir='ltr'><strong>sq.</strong></span> <span class='ocrx_word' id='word_1_387' title='bbox 466 3948 578 3998; x_wconf 90' lang='lat' dir='ltr'><strong>Ochsner</strong></span> <span class='ocrx_word' id='word_1_388' title='bbox 593 3948 646 3998; x_wconf 90' lang='lat' dir='ltr'><strong>Ecl.</strong></span> <span class='ocrx_word' id='word_1_389' title='bbox 681 3957 725 3994; x_wconf 88' lang='lat' dir='ltr'><strong>tur</strong></span> <span class='ocrx_word' id='word_1_390' title='bbox 742 3945 803 4011; x_wconf 85' lang='lat' dir='ltr'><strong>(pro</strong></span> <span class='ocrx_word' id='word_1_391' title='bbox 819 3945 973 4011; x_wconf 75' lang='lat' dir='ltr'><strong>irascitur).</strong></span> <span class='ocrx_word' id='word_1_392' title='bbox 1007 3955 1009 3959; x_wconf 82' lang='grc'>’</span> 
     </span>
    </p>

    <p class='ocr_par' dir='ltr' id='par_1_7' title="bbox 127 4013 1209 4283">
     <span class='ocr_line' id='line_1_44' title="bbox 128 4013 1196 4083; baseline -0.001 -20"><span class='ocrx_word' id='word_1_393' title='bbox 128 4014 182 4064; x_wconf 88' lang='lat' dir='ltr'><strong>Cic.</strong></span> <span class='ocrx_word' id='word_1_394' title='bbox 197 4033 224 4082; x_wconf 84' lang='lat' dir='ltr'><strong>p.</strong></span> <span class='ocrx_word' id='word_1_395' title='bbox 238 4018 279 4072; x_wconf 81' lang='lat'><strong>62.</strong></span> <span class='ocrx_word' id='word_1_396' title='bbox 312 4015 397 4063; x_wconf 77' lang='lat' dir='ltr'><strong>eremi</strong></span> <span class='ocrx_word' id='word_1_397' title='bbox 414 4014 446 4063; x_wconf 89' lang='lat' dir='ltr'><strong>ad</strong></span> <span class='ocrx_word' id='word_1_398' title='bbox 463 4015 562 4065; x_wconf 86' lang='lat' dir='ltr'><strong>Cornel.</strong></span> <span class='ocrx_word' id='word_1_399' title='bbox 578 4017 646 4083; x_wconf 89' lang='lat' dir='ltr'><strong>Nep.</strong></span> <span class='ocrx_word' id='word_1_400' title='bbox 732 4014 791 4061; x_wconf 72' lang='lat' dir='ltr'><strong>(iar.</strong></span> <span class='ocrx_word' id='word_1_401' title='bbox 808 4013 875 4063; x_wconf 91' lang='lat' dir='ltr'><strong>VIII.</strong></span> <span class='ocrx_word' id='word_1_402' title='bbox 894 4016 933 4070; x_wconf 87' lang='lat'><strong>16.</strong></span> <span class='ocrx_word' id='word_1_403' title='bbox 968 4013 1014 4080; x_wconf 85' lang='lat' dir='ltr'><strong>qui</strong></span> <span class='ocrx_word' id='word_1_404' title='bbox 1036 4013 1072 4063; x_wconf 88' lang='lat' dir='ltr'><strong>sit</strong></span> <span class='ocrx_word' id='word_1_405' title='bbox 1096 4025 1196 4080; x_wconf 85' lang='lat' dir='ltr'><strong>tempe-</strong></span> 
     </span>
     <span class='ocr_line' id='line_1_45' title="bbox 129 4080 1196 4162; baseline -0.003 -32"><span class='ocrx_word' id='word_1_406' title='bbox 129 4083 230 4131; x_wconf 85' lang='lat' dir='ltr'><strong>Datem.</strong></span> <span class='ocrx_word' id='word_1_407' title='bbox 248 4084 274 4142; x_wconf 89' lang='lat' dir='ltr'><strong>I,</strong></span> <span class='ocrx_word' id='word_1_408' title='bbox 292 4081 318 4139; x_wconf 90' lang='grc'><strong>4.</strong></span> <span class='ocrx_word' id='word_1_409' title='bbox 336 4101 362 4159; x_wconf 90' lang='lat' dir='ltr'><strong>p.</strong></span> <span class='ocrx_word' id='word_1_410' title='bbox 381 4086 439 4140; x_wconf 78' lang='lat'><strong>189.</strong></span> <span class='ocrx_word' id='word_1_411' title='bbox 556 4150 562 4162; x_wconf 46' lang='lat'><strong>·</strong></span> <span class='ocrx_word' id='word_1_412' title='bbox 680 4080 755 4146; x_wconf 82' lang='lat' dir='ltr'><strong>rans)</strong></span> <span class='ocrx_word' id='word_1_413' title='bbox 781 4081 838 4130; x_wconf 88' lang='lat' dir='ltr'><strong>Huc</strong></span> <span class='ocrx_word' id='word_1_414' title='bbox 859 4080 990 4148; x_wconf 88' lang='lat' dir='ltr'><strong>pertinent</strong></span> <span class='ocrx_word' id='word_1_415' title='bbox 1011 4081 1103 4141; x_wconf 83' lang='lat' dir='ltr'><strong>verba,</strong></span> <span class='ocrx_word' id='word_1_416' title='bbox 1132 4097 1196 4146; x_wconf 84' lang='lat' dir='ltr'><strong>quae</strong></span> 
     </span>
     <span class='ocr_line' id='line_1_46' title="bbox 127 4147 1209 4283; baseline -0.005 -18"><span class='ocrx_word' id='word_1_417' title='bbox 127 4165 314 4277; x_wconf 61' lang='lat' dir='ltr'><strong>..irruit</strong></span> <span class='ocrx_word' id='word_1_418' title='bbox 333 4149 646 4283; x_wconf 56' lang='lat' dir='ltr'><strong>uft‘tttuttt</strong></span> <span class='ocrx_word' id='word_1_419' title='bbox 680 4149 761 4266; x_wconf 71' lang='lat' dir='ltr'><strong>tte·</strong></span> <span class='ocrx_word' id='word_1_420' title='bbox 774 4147 1209 4271; x_wconf 62' lang='lat' dir='ltr'><strong>:utereturne</strong></span> 
     </span>
    </p>
   </div>
   <div class='ocr_carea' id='block_1_5' title="bbox 0 0 1324 4626">
    <p class='ocr_par' dir='ltr' id='par_1_8' title="bbox 0 0 1324 4626">
     <span class='ocr_line' id='line_1_47' title="bbox 0 0 1324 4626; baseline 0 1"><span class='ocrx_word' id='word_1_421' title='bbox 0 0 1324 4626; x_wconf 95' lang='lat' dir='ltr'><strong> </strong></span> 
     </span>
    </p>
   </div>
  </div>
 </body>
</html>
