2640 4626
537 192 800 249 raonneouans.
1186 203 1210 272 ³

125 317 187 376 -bus
204 335 313 394 augere
332 325 362 375 et
377 336 556 395 promovere
573 317 745 378 studuerat:
774 318 834 395 ita,
863 320 897 380 in
912 322 1001 383 senili
1019 333 1114 387 astate
1132 348 1208 390 con·

123 419 267 492 stitutus,
289 439 391 496 quum,
414 439 538 478 romana
550 439 585 479 re
600 420 723 499 publica
741 441 853 498 eversa,
875 433 966 501 atque
981 424 1120 488 libertate
1131 431 1208 491 Cas-

128 521 204 581 saris
230 520 386 581 dominatu
411 540 570 599 oppressa,
600 521 846 583 administrandis
874 525 1004 587 civitatis
1030 529 1208 597 muneribus

128 623 250 683 civibus
273 622 336 682 suis
359 621 501 702 prodesse
523 643 587 682 non
610 634 729 703 posset,
760 646 800 684 ne
825 627 905 703 otio,
937 648 998 706 quo
1023 630 1208 713 abundabat,

127 725 301 803 langueret,
330 725 504 784 universam
525 723 750 806 philosophiam
768 748 785 787 e
802 728 929 788 Graecia
945 729 1115 794 traductam
1132 733 1206 795 lati-

127 847 238 886 narum
255 827 426 887 litterarum
443 827 513 886 luce
527 827 681 888 illustrare
696 829 754 890 sibi
774 830 951 909 proposuit,
980 834 1083 911 magni
1100 835 1206 897 existis·

126 948 213 988 mans
227 931 371 989 interesse
381 928 430 989 'ad
445 930 538 989 decus
557 939 587 990 et
604 931 643 990 ad
658 931 780 991 laudem
796 931 938 1009 civitatis,
959 953 1007 995 res
1023 943 1085 995 tam
1099 956 1206 1015 graves

125 1041 248 1109 tamque
264 1031 435 1110 praeclaras
449 1031 552 1092 latinis
571 1031 662 1091 etiam
675 1033 786 1094 litteris
802 1033 967 1111 contineri,
989 1046 1020 1095 et
1034 1035 1114 1099 hanc
1128 1039 1205 1099 reli·

126 1154 218 1211 quam
239 1133 366 1210 gloriam
387 1133 530 1192 Graeciae
551 1134 640 1212 eripi.
703 1165 706 1175 ·

210 1234 277 1294 Etsi
292 1235 412 1295 Tullius
427 1235 549 1294 nullum
563 1236 625 1295 fere
642 1234 853 1315 philosophiae
869 1237 987 1315 locum,
1010 1241 1064 1317 qui
1077 1261 1140 1302 non
1154 1242 1203 1303 lass
1226 1282 1229 1293 ›

124 1337 199 1396 tinis
218 1337 329 1396 litteris
346 1337 518 1401 illustratus
533 1346 659 1416 pateret,
680 1337 821 1416 reliquit,
842 1346 943 1399 tamen
960 1360 1023 1399 non
1040 1343 1203 1420 perfectam
1246 1366 1260 1391 ν

125 1439 200 1498 artis
217 1439 368 1517 quandam
387 1439 579 1518 disciplinam
595 1439 741 1499 condidit.
785 1440 889 1518 Neque
906 1440 940 1500 id
955 1441 989 1499 in
1005 1444 1202 1504 conscriben-

125 1540 174 1598 dis
191 1540 280 1599 libris
298 1541 360 1602 suis
377 1540 598 1621 philosophicis
613 1551 759 1620 sequutus
775 1554 819 1603 est
835 1542 1014 1618 consilium;
1043 1544 1096 1605 sed
1111 1565 1202 1624 prae-

124 1641 293 1701 clarissima
311 1664 445 1722 quaeque
462 1652 492 1703 et
506 1645 545 1703 ad
563 1664 661 1703 mores
678 1644 909 1705 conformandos
925 1645 1080 1724 vitamque
1095 1647 1203 1709 melius

122 1743 343 1804 instituendam
358 1745 554 1806 saluberrima
569 1744 734 1825 sapientiae
751 1755 928 1825 praecepta,
949 1749 1068 1809 romani
1085 1769 1201 1809 sermo-

123 1845 172 1904 nis
191 1847 352 1924 splendore
368 1848 545 1926 explanata,
561 1868 615 1908 ex
625 1848 737 1907 'umbra
754 1848 839 1926 quasi
859 1849 894 1909 in
910 1849 1004 1909 solem
1021 1860 1112 1928 atque
1127 1850 1201 1930 pnl-

122 1967 226 2006 verern
246 1948 442 2027 producenda
464 1949 594 2028 putavit.
907 1934 910 1941 ¹

211 2050 353 2108 Omnium
368 2049 622 2130 philosophorum
640 2050 816 2130 disciplinas
831 2061 1048 2131 perscrutatus,
1070 2073 1201 2112 surnmos

124 2151 269 2210 Graeciae
292 2151 490 2232 philosophos
519 2152 556 2211 de
581 2153 766 2229 gravissimis
792 2153 1018 2230 quaestionibus
1041 2153 1201 2215 dissentire
1243 2205 1247 2224 ,

119 2252 262 2329 interque
284 2274 315 2312 se
334 2253 478 2314 dissidere
497 2273 591 2331 quum
612 2254 826 2328 intellexisset,
855 2255 973 2332 sibique
995 2250 1200 2334 persuasisset,

120 2375 185 2412 non
210 2355 313 2430 aliter,
344 2355 404 2415 nisi
426 2355 463 2414 de
484 2355 622 2415 omnibus
641 2357 731 2414 rebus
750 2356 783 2414 in
801 2357 966 2416 contrarias
984 2368 1083 2435 partes
1103 2357 1200 2417 diese-

119 2455 235 2530 rendo,
269 2456 344 2535 quid
364 2456 398 2516 in
420 2477 539 2535 quaque
568 2479 602 2517 re
629 2457 792 2516 verisimile
822 2467 913 2533 esset,
941 2457 1074 2516 inveniri
1093 2478 1199 2536 posse:

119 2557 371 2618 Academicorum
391 2559 584 2638 disciplinae,
616 2579 705 2636 quam
722 2559 781 2617 iam
800 2550 974 2619 adolescens
991 2558 1047 2617 sub
1064 2557 1199 2619 Philonis

120 2658 265 2736 auspiciis
290 2668 320 2717 et
339 2659 503 2735 didicerat,
534 2670 563 2720 et
581 2671 724 2738 tanquam
743 2661 890 2740 optimum
904 2661 1140 2729 instrumentum
1160 2659 1200 2720 ad

121 2760 311 2836 eloquentiae
334 2761 455 2820 laudem
480 2763 712 2841 comparandam
737 2762 862 2822 mirifice
884 2762 1071 2842 amplexatus
1091 2744 1199 2837 fuerat,

119 2870 222 2921 totum
243 2882 274 2920 se
298 2862 478 2940 penitusque
499 2864 635 2925 tradidit.
679 2865 777 2922 Huius
798 2867 877 2922 enim
893 2862 1105 2943 philosophiae
1122 2883 1199 2942 pro-

118 2963 222 3042 prium
248 2973 309 3039 est,
338 2964 371 3023 in
395 2975 554 3043 utramque
572 2975 689 3044 partem
709 2967 772 3024 veri
791 2965 962 3044 reperiendi
982 2986 1086 3027 caussa
1102 2964 1198 3027 disse-

119 3065 216 3124 rendo
229 3072 350 3126 'errores
365 3068 581 3146 opinionesque
595 3087 658 3125 non
671 3068 764 3127 firmis
781 3076 1002 3146 superstructas
1017 3067 1198 3127 fundamen-

80 3182 84 3191 ’
119 3167 168 3225 tis⁴
182 3166 352 3244 destruere,
374 3169 522 3228 iudicium
540 3170 661 3229 nullum
680 3170 887 3248 interponere,
910 3190 944 3228 ea
960 3168 1100 3247 probare,
1122 3187 1198 3246 quae

121 3269 275 3329 simillima
293 3271 360 3330 veri
375 3271 552 3347 videantur,
575 3272 710 3332 conferre
726 3291 864 3347 caussas,
886 3279 931 3347 et,
954 3269 1028 3349 quid
1040 3270 1074 3328 in
1089 3290 1197 3346 quam-

120 3391 181 3448 que
200 3373 378 3431 sententiam
395 3371 456 3432 dici
470 3374 581 3453 possit,
604 3395 794 3454 expromere,
816 3373 903 3432 nulla
919 3371 1056 3430 adhibita
1071 3391 1125 3429 sue
1140 3389 1197 3428 au·

120 3473 279 3550 ctoritate,
310 3474 458 3535 iudicium
484 3475 672 3535 audientium
692 3476 865 3554 relinquere
888 3474 1041 3551 integrum
1061 3491 1095 3549 ae
1116 3470 1196 3530 libe-

118 3596 198 3634 rum.
241 3578 368 3655 Exque
392 3577 589 3655 intelligitur,
612 3578 806 3637 Academicos
824 3597 887 3635 non
905 3595 1022 3634 omnem
1041 3573 1197 3633 scientiam
1231 3612 1234 3619 -

119 3679 293 3755 sustulisse,
323 3679 377 3739 sed
403 3700 472 3739 cum
495 3681 613 3740 ratione
639 3680 853 3759 probabilitate
875 3696 946 3738 usos
971 3697 1042 3737 esse.
1092 3675 1196 3751 ltaque

121 3779 243 3856 Cicero,
276 3782 394 3840 nullius
409 3780 618 3862 philosophiae
634 3782 811 3861 disciplinae
830 3781 1008 3851 auctoritate
1024 3776 1196 3853 adstrictus,
1237 3830 1244 3838 .

121 3881 299 3961 principum
312 3882 565 3962 philosophorum
579 3884 741 3944 sententias
755 3884 938 3946 examinavit
950 3892 1040 3961 atque
1055 3878 1196 3954 excussit,

119 3983 205 4061 etin»
216 3993 375 4063 utramque
393 3995 510 4067 partem
531 3986 708 4066 ponderatis
726 3988 771 4048 rei
789 3986 946 4049 momentis
968 3983 1197 4060 rationibusque

119 4086 321 4164 comparatis,
342 4107 419 4166 quae
441 4087 480 4152 ad
495 4091 740 4168 probabilitatem
765 4098 853 4167 atque
874 4088 941 4149 veri
968 4085 1196 4150 similitudinem

118 4187 251 4248 maxime
272 4209 423 4269 propensa
444 4211 507 4252 esse
527 4192 720 4269 viderentur,
742 4201 887 4270 sequutus
908 4200 962 4250 est.

924 4289 982 4358 1*
