2640 4626
119 179 183 251 364
283 186 288 196 ’
367 193 649 244 nuscunsnanun
665 157 944 244 nrsrursrionuii

119 309 334 409 telligcndnm
354 326 403 383 est
423 310 533 409 igitur,
558 339 620 384 nec
637 310 775 408 gloriam
793 311 989 410 popularem
1004 308 1113 408 ipsam
1134 332 1196 405 per

120 442 193 488 sese
207 414 432 514 expetendam,
453 442 513 487 nec
529 413 768 512 ignobilitatem
785 411 1069 487 extimescendam.
1106 414 1146 482 V
1140 410 1201 480 eni

119 516 290 606 Athenas,
304 515 645 615 inquitDemocritns:
664 544 774 616 neque
794 545 849 588 me
866 519 1057 617 quc'sqnam
1069 511 1193 685 [iblqo

121 622 274 715 agnovit
331 619 542 692 Constantem
577 619 758 692 bominem·
781 634 812 691 et
841 619 993 718 gravem!
1033 615 1091 714 qui
1126 640 1197 710 go-

109 721 238 808 rietur,
265 749 284 793 a
302 720 407 818 gloria
425 748 460 794 se
478 721 599 795 afuisse
657 720 711 795 An
737 720 907 808 tibicines,
933 720 1022 819 iiqne
1044 715 1102 817 qui
1121 714 1196 787 lidi-

120 824 185 896 bus
201 840 347 911 ntnntnr,
372 851 443 910 sno,
459 852 528 896 non
544 823 765 896 multitudinis
784 823 932 910 arbitrie,
947 837 1063 896 cantus
1078 846 1196 897 nume-

120 954 241 1026 rosque
257 926 488 1000 moderantur:
515 927 565 998 vir
580 926 724 1026 sapiens,
750 926 853 998 multo
870 942 938 999 arte
952 923 1080 998 maiore
1099 949 1196 1020 prae-

122 1028 220 1114 ditus,
236 1056 316 1115 non,
334 1028 414 1127 qnid
431 1028 637 1101 verissimum
652 1029 704 1117 sit,
726 1029 878 1128 sedquid
895 1026 972 1102 velit
988 1024 1118 1122 volgus,
1142 1051 1195 1096 ex-

121 1131 252 1229 quiret?
279 1159 321 1202 an
336 1130 516 1229 quidquam
533 1131 674 1219 stultius,
701 1158 809 1229 quam
835 1159 920 1233 qnos
942 1125 1092 1227 singulos
1111 1125 1196 1198 sicut

122 1232 294 1330 operarios
308 1231 534 1330 barbarosque
557 1250 765 1321 contemnas,
791 1261 848 1306 eos
865 1262 936 1307 esse
954 1228 1083 1331 aliquid
1099 1243 1194 1328 puta-

120 1350 190 1407 tare
213 1335 443 1408 ⁹nnivers0s?
480 1333 537 1407 Ille
560 1364 637 1409 vero
664 1342 793 1408 nostras
816 1336 1014 1408 ambitiones
1032 1328 1194 1405 levitates-

122 1462 186 1535 que
205 1453 405 1524 contemnet,
431 1437 641 1537 bonoresque
666 1437 799 1538 populi,
825 1438 922 1512 etiam
944 1436 1032 1509 ultro
1056 1433 1193 1520 delatos,

121 1539 327 1638 repudiabit:
354 1567 415 1611 nos
434 1555 540 1612 autem
557 1569 614 1614 eos
629 1541 804 1628 nescimus,
830 1557 1004 1641 antequam
1021 1535 1192 1638 poenitere

122 1641 250 1741 coepit,
284 1658 499 1714 contemnere.

223 1750 304 1822 105.
354 1743 414 1815 Est
444 1743 533 1843 apud
549 1743 750 1818 Heraclitum
771 1742 950 1846 physicum
974 1741 1016 1815 de
1039 1739 1189 1841 principe

120 1842 342 1943 Ephesiorum
349 1845 575 1919 Hermodoro:
591 1847 762 1920 universos
772 1847 818 1918 ait
828 1846 989 1945 Ephesios
1006 1871 1080 1917 esse
1089 1858 1189 1914 morte

120 1944 320 2034 multandos,
345 1947 445 2046 quod,
463 1976 563 2047 quum
584 1949 712 2021 civitate
728 1947 923 2048 expellerent
936 1946 1189 2029 Hermodorum,

123 2048 279 2122 italocnti
303 2050 386 2123 sint:
429 2055 541 2125 Nemo
557 2050 600 2122 de
616 2053 717 2123 nobis
733 2079 825 2143 nnus
839 2049 1011 2122 excellat:
1036 2051 1096 2121 sin
1115 2049 1188 2148 quis

123 2154 315 2238 exstilerit,
342 2152 416 2223 aleb
436 2155 473 2224 in
496 2154 572 2225 loco
598 2168 631 2226 et
645 2153 748 2253 apud
763 2150 855 2225 alim
876 2156 931 2224 sit.
952 2195 1027 2235 .—„
1051 2151 1109 2223 An
1129 2150 1189 2221 boc

121 2282 191 2324 nun
208 2253 252 2324 ita
267 2253 304 2324 fit
321 2253 410 2325 omni
427 2255 462 2326 in
476 2254 625 2354 populo?
650 2285 760 2328 nonne
777 2282 906 2327 omnem
929 2253 1190 2352 exsuperantiam

123 2355 251 2427 virtutis
273 2355 438 2429 oderunt?
490 2357 609 2454 Quid?
658 2357 823 2431 Aristides
851 2355 952 2450 (malo
981 2355 1070 2428 enim
1092 2354 1191 2426 Grae-

132 2549 135 2554 '
188 2543 206 2598 8
222 2538 262 2592 itt
274 2540 346 2592 abest
362 2560 377 2591 a
393 2541 455 2593 Cod.
465 2540 582 2604 Victorii,
602 2541 749 2601 011.11.in
765 2541 891 2602 m.1584:
908 2484 967 2592 ὥτε
981 2541 1093 2592 delever.
1110 2539 1189 2591 Gebb.

122 2609 171 2659 Da.
185 2607 252 2658 Lall.
265 2607 322 2660 ech.
341 2638 371 2647 -
389 2611 431 2658 Or.
448 2618 470 2659 c.'
487 2611 537 2660 W:
550 2627 628 2661 uncos
643 2610 751 2662 addidit.
767 2639 800 2650 ·-
815 2612 874 2661 Em.
889 2627 911 2660 c.
935 2608 1025 2660 ceteris
1042 2608 1099 2658 sine
1123 2607 1190 2658 uncis

123 2675 199 2726 retin.
250 2675 325 2733 98ic
345 2676 388 2725 W.
414 2694 436 2726 c.
461 2679 529 2728 Ern.
546 2677 601 2728 sine
617 2679 779 2729 anctoritate.
795 2704 829 2717 -·
846 2681 887 2729 Or.
912 2675 992 2743 igitur
1016 2674 1086 2742 vulg.
1105 2675 1190 2725 redux.

122 2741 227 2812 aliquid
239 2755 337 2812 putare
357 2761 422 2814 csse.

174 2844 229 2902 104.
244 2845 313 2895 Veni
319 2843 452 2909 Athenas)
466 2843 541 2910 Diog.
552 2845 639 2897 Lacrt.
723 2846 775 2896 Ille
791 2844 863 2911 vero)
887 2844 1005 2913 Sapiens:
1031 2860 1081 2894 nos
1099 2856 1193 2905 wem,

122 2911 170 2977 ΙΧ,
186 2915 227 2969 36.
245 2905 336 2978 ἦλθον
351 2910 443 2976 γὰρ-
456 2912 495 2972 εἰς
510 2909 640 2979 Ἀθήνας,
674 2912 716 2981 qui
732 2932 784 2964 non
799 2913 924 2982 sapientes
941 2929 1033 2962 sumus.

123 2978 171 3031 ucri
187 2975 265 3038 odric
281 2996 314 3044 με
332 2976 454 3043 ἔγνωκεν.
682 3008 687 3019 ¹
725 2987 780 3040 105·
805 2981 876 3051 apud
895 2979 1085 3046 Heraclium)
1116 2979 1193 3045 Diog.

173 3047 216 3096 vir
234 3064 266 3096 sa
284 3048 351 3107 iens,
369 3047 449 3096 multo
466 3060 525 3097 arte
541 3049 641 3098 maiore
672 3049 758 3101 Laert.
774 3049 829 3109 tx,
846 3054 871 3105 2.

120 3064 283 3182 praedilecti
311 3114 471 3164 Observandn
494 3115 642 3181 exquisitior
724 3117 869 3171 Universos
885 3115 951 3180 ait)
972 3114 1082 3166 Tirones
1103 3114 1194 3165 obser-

123 3181 256 3230 verborum
270 3181 415 3240 collocatio,
433 3198 482 3247 qua
499 3184 641 3233 sententiae
673 3193 748 3244 vent,
772 3183 866 3235 latinos
883 3182 1019 3250 scriptores
1035 3183 1142 3233 verbnm
1156 3183 1195 3232 ait

11 3293 19 3307 ,
123 3246 161 3297 vis
177 3247 256 3312 magis
270 3247 416 3309 intenditur,
436 3266 511 3315 quam
526 3250 640 3320 vulgari:
675 3260 701 3301 et
723 3252 823 3330 impetit,
850 3266 955 3315 graecos
979 3249 1049 3329 φηρὶ
1067 3251 1099 3300 ab
1118 3249 1194 3300 initio

124 3315 204 3365 multo
227 3317 327 3372 iuniore
348 3327 415 3364 arte.
443 3315 474 3364 de
492 3317 524 3365 N.
549 3319 579 3367 D.
597 3319 640 3378 ΙΙΙ,
675 3317 796 3368 orationis
818 3316 945 3378 inserere,
970 3335 991 3366 s1
1017 3336 1068 3368 ram
1090 3318 1194 3367 verbum

123 3388 164 3440 27.
182 3399 229 3432 nec
242 3400 302 3445 vero
315 3399 390 3432 scena
406 3383 590 3434 solumrefcrta
603 3394 642 3434 cst
675 3385 826 3445 antecessit,
844 3384 914 3452 quod
931 3384 1073 3435 orationem
1093 3385 1194 3435 indica-

123 3449 317 3510 hissceleribus,
326 3449 517 3500 sedmultovitu
527 3469 642 3501 commu·
674 3453 720 3503 vit.
752 3452 852 3502 Comel.
874 3453 940 3518 Nep.
966 3452 1076 3502 Hannib.
1102 3454 1143 3514 H,
1169 3457 1193 3510 3.

24 3554 30 3566 .
124 3516 259 3596 nisnpaenc
274 3517 471 3569 maioribus-
505 3520 547 3569 Sic
564 3521 642 3570 etiam
674 3520 724 3570 hoc
740 3519 869 3569 adiunxit:
895 3520 986 3581 Pater,
1004 3520 1108 3587 inquit,
1126 3537 1195 3570 meus

124 3585 254 3635 subiicitur
277 3586 466 3652 comparativo,
487 3584 563 3654 idque
584 3605 651 3637 mam
674 3588 811 3638 Hamilcar.
834 3585 877 3642 ubi
893 3587 926 3636 cl.
945 3586 1027 3637 Brenti
1045 3606 1071 3654 p.
1087 3592 1148 3646 325.
1169 3595 1196 3637 et

124 3669 174 3718 gna
189 3669 246 3702 cum
261 3653 295 3713 vi,
313 3653 562 3716 utdeOrat.lI.t16,
583 3660 646 3712 192.
676 3655 795 3706 Ochsner.
826 3653 880 3703 Ecl.
905 3652 984 3703 Cicer.
1014 3673 1040 3722 p.
1062 3659 1121 3714 298.
1154 3654 1196 3722 qui

124 3719 170 3770 sed
193 3719 244 3769 alia
257 3730 316 3769 sunt
338 3723 440 3771 maiora
456 3722 543 3772 multo·
576 3723 640 3772 lbid.
693 3721 871 3787 raetcrmulta
887 3720 937 3771 alia
951 3721 1069 3788 exempla
1089 3721 1196 3772 adduxit

37 3780 45 3790 ’
123 3787 244 3847 42178.
274 3787 356 3855 plnres
379 3789 443 3838 enim
462 3788 643 3841 multohomi-
674 3741 1029 3857 ilenoph.Cyr.lll.1,14.
1052 3785 1196 3849 ddlunic

124 3871 170 3904 nes
183 3853 297 3904 iudicant
313 3854 373 3904 odio
390 3865 434 3905 aut
451 3874 550 3918 amore,
568 3875 643 3925 qnam
676 3857 765 3910 αὐτοῦ
782 3854 895 3919 ἐπήρετο
914 3853 965 3908 τὸν
983 3858 1096 3923 Κῦρον.
1125 3854 1196 3911 Εἰπέ

124 3920 240 3972 veritate.
275 3923 306 3971 V.
331 3925 455 3972 Gocrenz.
480 3925 511 3974 ad
527 3926 582 3975 tin.
599 3927 641 3976 111.
698 3943 733 3986 οι,
752 3919 775 3975 ol
794 3924 885 3987 Κῦρε,
904 3920 966 3990 ἔφη.
982 3951 1016 3963 -
1039 3925 1196 3976 Hocnutem

59 4032 62 4039 .
126 3990 168 4051 12,
185 3989 228 4046 41.
247 4006 272 4055 p.
290 3992 349 4047 366.
676 3943 735 4043 lbco
765 4008 816 4042 non
843 3992 930 4061 inquit
954 3991 999 4041 sed
1025 3993 1067 4042 ait
1088 3994 1196 4060 positum

176 4057 281 4124 aliquid
303 4070 400 4125 putare
417 4058 495 4122 erse)
528 4060 643 4110 Graece:
678 4070 733 4122 est,
751 4059 809 4126 quia
826 4057 950 4108 Heracliti
963 4059 1040 4109 verba
1056 4060 1196 4112 nondice-

126 4120 237 4177 ol‘tntloet
254 4121 282 4175 τὶ
295 4121 382 4176 elcut:
400 4123 496 4192 dequo
512 4128 644 4192 pronomi-
678 4138 727 4189 cte,
743 4126 788 4177 sed
803 4126 935 4187 indirecte,
949 4127 1067 4190 utniunt,
1084 4145 1196 4178 comme·

110 4187 166 4264 ¹nis
182 4190 289 4259 aliquid
305 4208 351 4242 usu
367 4209 444 4260 supra
458 4194 625 4261 exposuimus.
677 4196 815 4246 morantur.
835 4194 872 4244 Cf.
882 4193 1003 4245 Ochsner.
1021 4195 1039 4245 l.
1056 4194 1083 4246 d.
1100 4214 1126 4264 p.
1141 4200 1196 4254 116.
