2640 4626
137 216 203 290 ost
385 231 963 317 rusouniusnunnrseuramonuu

140 350 281 437 ctrinae,
307 349 408 423 multa
434 379 513 423 sane
538 367 733 437 occurrunt,
760 378 820 424 cur
840 378 877 424 ea
903 375 1035 449 quoque
1057 347 1212 421 arcessita

90 466 93 471 ’
140 453 291 538 aliunde,
315 480 423 551 neque
452 453 558 525 solum
583 454 742 553 expetita,
769 453 949 525 sedetiam
972 464 1214 525 conservataet

141 554 228 631 culta
247 554 428 627 videantur.
454 572 523 627 erat
540 556 626 628 enim
642 554 707 628 illis
723 582 829 655 paene
842 555 877 626 in
894 569 1093 655 conspectu,
1119 580 1214 671 prae-

141 657 239 731 stanti
267 657 431 757 sapientia
461 673 493 730 et
520 657 710 744 nobilitate,
742 657 970 761 Pythagoras,
995 655 1053 755 qui
1080 655 1147 728 fuit
1178 655 1214 726 iu

139 758 235 833 ltalia
259 760 466 862 temporibus
492 759 628 847 iisdem,
653 760 776 859 quihus
796 760 832 833 L.
857 761 982 831 Brutus
1008 757 1155 858 patriam
1176 755 1215 829 li-

140 861 284 949 beravit,
308 860 498 962 praeclams
526 879 643 935 auctor
668 860 853 935 nobilitatis
868 877 952 934 tuae.
1001 860 1214 964 Pythagorae

141 983 249 1039 autem
265 964 416 1038 doctrina
432 993 533 1063 quum
555 963 651 1064 longe
667 963 795 1064 lateque
809 962 941 1052 flueret,
966 961 1214 1064 permanavisse

140 1067 224 1140 mihi
249 1064 381 1140 videtur
402 1066 439 1139 in
465 1066 551 1140 hanc
579 1067 760 1141 civitatem:
786 1066 888 1166 idque
904 1071 1003 1138 tum²
1023 1065 1215 1138 coniectura

140 1168 316 1269 probabile
343 1185 409 1256 est,
434 1185 504 1241 tum
528 1169 729 1269 quibusdam
752 1169 849 1243 etiam
873 1167 1021 1267 vestigiis
1039 1167 1214 1241 indicatur.

140 1271 216 1373 quis
231 1271 319 1344 enim
335 1277 412 1344 est³
432 1272 490 1371 qui
503 1288 606 1372 putet,
620 1300 722 1371 quum
736 1269 868 1344 floreret
883 1271 919 1343 in
935 1268 1058 1343 Italia4
1072 1269 1214 1343 Graecia

139 1373 380 1474 potentissimis
403 1391 435 1446 et
463 1375 617 1448 maximis
639 1374 796 1463 urbibus,
823 1401 860 1446 ea
886 1401 971 1473 quae
986 1400 1107 1471 magna
1125 1370 1214 1444 dieta

140 1493 210 1562 est,
242 1476 278 1549 in
320 1477 456 1575 iisque⁵
502 1477 647 1575 primum
689 1476 795 1577 ipsius
831 1475 1058 1579 Pythagorae,
1092 1473 1215 1547 deinde

138 1595 256 1680 postea
286 1579 571 1682 Pythagoreorum
596 1595 723 1653 tantum
745 1605 869 1650 nomen
893 1593 998 1664 esset,
1022 1592 1216 1650 nostrorum

127 1680 313 1756 hominum
322 1680 365 1751 ad
375 1707 489 1752 eorum
498 1680 707 1755 doctissimas
721 1684 818 1753 voces
835 1679 923 1752 auris
944 1677 1073 1752 clausas
1086 1677 1225 1751 fuisse?

141 1795 173 1864 3.
210 1781 304 1877 Quin
330 1781 427 1855 etiam
455 1783 615 1869 arbitror,
641 1799 779 1884 propter
798 1782 1085 1885 Pythagoreorum
1110 1780 1217 1854 admi-

140 1883 321 1970 rationem,
341 1885 488 1962 Numam
514 1910 646 1984 quoque
670 1913 781 1983 regem
796 1885 1043 1988 Pythagoreum
1067 1899 1217 1983 aposte-

105 2002 107 2007 “
142 1987 289 2060 rioribus
309 1986 537 2060 existimatum.
557 2015 634 2060 nam
653 1987 983 2090 quumPyohagorae
1001 1984 1215 2086 disciplinam

141 2107 171 2162 et
206 2089 355 2163 instituta
383 2106 637 2183 cognoscerent,
675 2089 828 2189 regisque
858 2090 929 2162 eius
956 2088 1158 2188 aequitatem
1187 2102 1217 2161 et

142 2192 338 2291 sapientiam
367 2220 386 2263 a
409 2192 592 2265 maioribus
617 2193 687 2266 suis
717 2192 936 2292 accepissent,
963 2207 1084 2264 aetates
1106 2206 1217 2264 autem

141 2311 173 2368 et
196 2311 346 2393 tempora
365 2294 556 2391 ignorarent
571 2312 709 2395 propter
729 2311 940 2368 vetustatem:
967 2323 1067 2381 eum,
1085 2294 1148 2393 qui
1164 2320 1217 2366 sa-

140 2397 267 2498 pientia
304 2395 492 2484 excelleret,
527 2398 736 2501 Pythagorae
763 2397 947 2470 auditorem
976 2397 1080 2469 fuisse
1108 2396 1217 2470 credi-

140 2501 268 2574 derunt

243 2602 282 2672 ll.
320 2601 432 2699 Me
461 2574 651 2676 comoedica
685 2601 818 2701 quidem
846 2599 1014 2674 hactenus.
1065 2599 1217 2699 Vestigia

207 2769 283 2829 28ic
308 2770 387 2821 W.e
410 2769 477 2821 coni.
496 2788 543 2840 pro
568 2771 637 2838 vulg.
657 2751 750 2839 quum:
764 2770 833 2838 quod
859 2746 928 2821 recte
944 2769 1019 2820 retin.
1038 2771 1080 2819 Or.
1099 2770 1133 2820 V.
1151 2768 1217 2819 ndo.

143 2839 227 2918 imV.
251 2843 302 2896 25.
318 2841 361 2894 72·
412 2842 429 2895 3
455 2837 497 2889 sic
521 2840 551 2887 ll.
578 2838 659 2923 Gcbh.
687 2841 716 2888 Ι).
742 2840 804 2916 Ern.
819 2867 851 2876 —
869 2838 983 2917 Pleraecy.
1008 2836 1074 2914 lidd.
1093 2847 1159 2886 vett.
1179 2848 1219 2885 eet

140 2904 538 3025 ttttqtttftlf‘ttth
552 2907 669 3040 ..titt
683 2907 823 3043 W
846 2922 919 2956 ”⁰⁰¹⁸
945 2913 1035 2955 ⁰¹⁰⁰*
1052 2904 1167 2954 ,m
1202 2909 1219 2962 ⁵

193 3091 293 3153 auctor)
318 3093 414 3140 attavus
435 3091 534 3157 generis
549 3091 587 3140 tui
604 3090 662 3141 ola·
695 3093 820 3142 Goerenz.
847 3090 879 3140 ad
900 3089 932 3140 de
954 3091 1034 3156 Legg.
1061 3092 1083 3141 1.
1108 3093 1157 3151 16,
1176 3091 1221 3173 45

142 3157 242 3209 nissimi.
267 3157 363 3207 Neide.
483 3214 486 3219 ‚
694 3176 720 3225 p.
746 3166 789 3216 70.
834 3157 985 3208 Ramshorn.
1008 3160 1070 3209 Lae.
1095 3158 1216 3209 Gramm.

97 3264 104 3272 Ι
142 3225 660 3359 eameadrqcbiieduwaimhrdgbhadidiaHesi.
695 3229 716 3296 i
735 3229 910 3350 igalldinidtii
926 3292 1144 3362 Pythagoreum)
1171 3293 1218 3342 Li-

143 3361 176 3410 de
195 3361 276 3411 Divin.
294 3362 315 3410 Ι.
335 3365 381 3421 19,
399 3365 441 3418 36.
467 3361 661 3411 Contemnamus
694 3360 750 3410 vius
773 3363 792 3411 1.
817 3365 857 3418 18.
878 3359 959 3428 prino.
1001 3362 1143 3410 Auctorem
1167 3360 1218 3410 do·

143 3429 219 3479 etiam
234 3428 399 3495 Babylonios,
418 3446 475 3488 eos,
494 3430 539 3497 qui
553 3429 661 3477 numeris
695 3428 792 3478 ctrinae
806 3428 859 3477 eius
876 3427 1069 3494 (Pythagorae),
1089 3429 1217 3495 quianon

142 3497 272 3546 stellarum
297 3513 383 3546 cursus
410 3507 436 3547 et
462 3506 546 3546 motus
572 3512 662 3562 perse·
696 3505 779 3546 exstat
800 3494 880 3559 elius,
906 3495 971 3545 falso
989 3495 1100 3545 Samium
1168 3495 1217 3545 he-

143 3575 262 3632 quuntur.
288 3565 321 3613 N.
337 3565 369 3613 D.
383 3565 402 3614 l.
419 3570 458 3625 13,
475 3567 517 3621 35.
544 3564 599 3613 Nec
613 3581 661 3614 au·
694 3581 774 3629 goran
789 3563 882 3613 edunt:
906 3580 996 3630 quem,
1022 3563 1114 3613 Servio
1157 3563 1217 3615 ullio

143 3632 250 3682 diendus
265 3630 435 3698 Theophrasti
453 3631 569 3690 auditor,
587 3634 661 3681 Stra-
695 3640 817 3697 regnante
838 3633 951 3693 Romae,
980 3640 1084 3680 eentum
1111 3631 1217 3698 emplius

142 3709 181 3760 to,
199 3701 232 3760 is,
250 3702 296 3768 qui
307 3699 426 3766 physicus
440 3699 592 3766 appellatur.
617 3701 661 3748 ln·
694 3708 754 3767 post
777 3692 873 3760 annos,
901 3697 928 3747 in
952 3696 1041 3749 ultima
1056 3697 1149 3750 Iuliae
1165 3715 1216 3759 ora,

120 3769 124 3777 '
143 3768 183 3818 fra
198 3784 220 3816 c.
235 3771 265 3826 6,
284 3768 324 3824 14.
342 3766 414 3816 stulti
430 3777 515 3817 antem
527 3765 661 3832 aegritudo
695 3766 763 3815 circa
778 3767 955 3833 Metapontum
972 3765 1175 3835 Heracleamque
1190 3774 1214 3817 et

144 3842 191 3892 est,
207 3851 241 3883 ea
254 3851 305 3901 qua
318 3833 463 3883 afficiuntur
476 3835 502 3883 in
516 3834 587 3884 malis
602 3833 662 3901 opi·
696 3834 815 3893 Crotona,
833 3833 950 3882 iuvenum
964 3833 1150 3885 aemulantium
1160 3843 1214 3884 etu-

145 3899 220 3950 natis.
236 3900 298 3950 ibid.
315 3918 337 3949 c.
346 3904 371 3960 8,
388 3906 427 3958 18
445 3902 524 3967 princ.
534 3919 557 3951 e.
570 3906 609 3963 13,
618 3906 660 3959 31.
696 3900 738 3951 die
760 3911 847 3951 coetus
872 3900 997 3951 habuisse.
1022 3928 1056 3941 ··-
1101 3904 1212 3953 Ceterum

143 3968 225 4036 princ.
250 3968 382 4017 Interdum
397 3967 473 4018 etiam
486 3969 664 4019 verbnmdico
697 3985 772 4036 quam
794 3968 848 4018 lete
869 3986 957 4036 sparsa
978 3968 1055 4018 fuerit
1073 3968 1140 4021 haee
1155 3986 1212 4038 per-

144 4035 262 4095 additur,
279 4033 317 4085 uti
331 4051 407 4102 supra
423 4037 441 4085 l.
457 4040 507 4096 32,
524 4042 565 4093 78.
596 4037 664 4086 Num
696 4052 769 4086 verso
790 4052 805 4084 o
824 4035 877 4085 inio
895 4053 946 4087 non
964 4034 1047 4086 solum
1065 4037 1134 4088 inter
1151 4032 1211 4104 pdo-

145 4103 207 4170 quid
220 4103 299 4170 igitur
314 4113 353 4153 est
366 4118 476 4163 caussae,
493 4103 554 4170 quin
569 4104 663 4154 amicos
696 4113 749 4166 tae,
773 4053 912 4153 sedetiam
929 4113 1014 4171 patres
1031 4105 1209 4157 ecclesiastiae

143 4180 246 4221 nostros
280 4170 381 4223 Stoicos
414 4170 583 4221 dimittamus:
619 4189 664 4222 eoa
697 4180 772 4238 atque
794 4170 859 4221 adeo
878 4188 961 4222 rerum
979 4182 1115 4236 auctores,
1139 4172 1209 4223 docto

133 4239 212 4305 ob'co,
229 4243 282 4312 qui
295 4240 370 4296 aium
383 4239 483 4294 animos
498 4255 609 4294 manere.
630 4240 667 4294 V.
698 4237 880 4290 demonstravit
894 4238 1019 4291 Davisius.
