2640 4626
533 192 664 243 arnan
680 193 712 242 11.
732 194 771 249 17·
1128 182 1188 248 175

116 325 227 413 qarora
248 311 398 383 nondum
427 308 469 381 de
494 307 623 381 ratione
643 325 673 382 et
691 308 862 409 sapientia.
911 307 1071 382 Aniculae
1089 337 1188 411 saepe

115 413 265 489 inediam
281 412 421 485 biduum
438 428 492 483 aut
508 412 652 484 triduum
668 411 786 483 ferunt.
812 410 940 484 subduc
958 412 1069 485 eibum
1085 443 1188 489 uuum

116 518 209 593 diem
244 514 400 596 athletae:
426 515 537 587 Iovem
570 513 782 616 Olympium,
809 541 883 586 eum
917 514 1044 613 ipsum,
1071 516 1124 588 cui
1153 545 1187 589 se

116 618 303 708 exercebit,
326 616 538 717 implorabit:
563 615 649 688 ferre
680 644 748 688 non
786 643 885 714 posse
924 626 987 689 se1
1025 616 1187 692 clamabit.

115 719 380 796 Consuetudinis
412 747 532 816 magna
564 717 613 791 vis
647 734 703 791 est.
728 734 924 817 pernoctant
955 736 1127 793 venatores
1152 723 1187 794 in

114 825 213 900 nivea
239 822 275 911 in
289 821 460 896 montibus
475 819 527 893 uri
543 848 577 894 se
592 819 770 920 patiuntur.
797 821 873 894 inde
888 819 1027 920 pugiles,
1042 823 1188 896 cestibus

115 927 268 1014 contusi,
293 954 335 1000 ne
368 923 589 1022 ingemiscunt
622 923 764 1022 quidem.
814 928 872 1002 lll.
899 923 966 1021 Sed
999 924 1081 1023 quid
1116 926 1187 1014 hos,

166 1030 244 1102 ibus
262 1027 497 1131 Olympiorum
518 1025 657 1098 victoria
682 1023 870 1099 consulatus
893 1025 947 1099 ille
970 1027 1124 1126 antiquus
1141 1028 1189 1100 vi·

115 1058 240 1207 ditur?
272 1129 490 1228 gladiatores,
524 1144 579 1200 aut
604 1127 726 1227 perditi
760 1127 929 1216 homines,
955 1145 1011 1200 aut
1044 1130 1189 1218 barbari,

118 1262 204 1335 quas
230 1231 344 1333 plagas
368 1231 555 1331 perferunt!
582 1259 647 1330 quo
667 1230 768 1303 modo
784 1228 849 1319 illi,
875 1231 932 1330 qui
948 1230 1032 1304 bene
1048 1232 1188 1305 instituti

119 1352 217 1423 sunt,
236 1336 392 1434 accipere
432 1332 564 1434 plagam
598 1332 741 1419 malunt,
767 1361 866 1431 quam
899 1335 1040 1433 turpiter
1071 1336 1190 1409 vitare!

118 1466 222 1540 mum
246 1465 344 1537 saepe
367 1452 503 1536 apparet
532 1435 615 1507 nihil
642 1462 698 1508 eos
724 1435 838 1521 malle,
865 1464 966 1535 quana
983 1436 1034 1508 vel
1052 1438 1188 1515 domino

119 1539 328 1627 satisfacere,
354 1538 405 1612 vel
434 1537 578 1638 populo!
605 1537 738 1617 mittunt
769 1536 864 1619 etiam
894 1536 1084 1612 volneribus
1112 1568 1191 1612 con-

117 1642 199 1719 fecti
224 1643 269 1715 ad
290 1641 463 1727 dominos,
490 1640 547 1740 qui
569 1657 728 1739 quaerant
750 1640 832 1738 quid
848 1639 966 1715 velint:
993 1640 1023 1713 si
1036 1642 1116 1715 satis
1137 1643 1190 1716 his

117 1746 246 1829 factum
271 1749 366 1817 uon2
398 1743 459 1830 sit,
484 1771 519 1816 se
544 1742 624 1815 velle
649 1742 854 1815 decumbere.
905 1742 993 1839 Quis
1011 1745 1190 1819 mediocris

118 1847 286 1948 gladiator
305 1846 486 1947 ingemuit?
513 1845 587 1944 quis
609 1844 732 1917 voltum
757 1845 892 1917 nrutavit
909 1850 1090 1945 umquam?
1116 1850 1191 1949 quis

118 1980 194 2027 non
216 1949 318 2025 modo
344 1949 448 2034 stetit,
472 1976 585 2020 verum
609 1942 709 2020 etiam
737 1947 893 2020 decubuit
917 1948 1080 2047 turpiter?
1106 1953 1192 2052 quis,

120 2080 229 2153 quum
251 2050 481 2138 decubuisset,
506 2051 630 2123 serrum
653 2047 800 2149 recipere
824 2050 950 2136 iussus,
977 2051 1096 2124 collum
1114 2083 1193 2126 con-

191 2223 207 2278 1
224 2218 266 2270 Sic
280 2218 326 2272 W.
344 2237 368 2270 e.
379 2220 453 2271 Leid.
467 2249 501 2260 -
518 2223 560 2270 Or.
577 2237 599 2270 c.
616 2221 674 2270 Em.
690 2229 716 2268 et
730 2219 796 2286 vulg.
816 2218 887 2270 omis.
900 2190 940 2270 ¹se.
966 2222 1114 2290 Perperene,
1134 2223 1193 2291 opi·

118 2306 178 2342 nor.
214 2294 232 2346 2
247 2288 290 2339 Sic
305 2288 351 2339 W.
369 2305 383 2338 e
397 2288 508 2339 Turnebi
526 2287 597 2341 Cod.¹
608 2288 635 2337 e't
649 2287 712 2338 Pall.
730 2303 779 2337 sec.
797 2297 823 2337 et
837 2297 912 2351 tem,
929 2290 1002 2356 prob.
1018 2290 1128 2352 Orelli0‚
1145 2292 1194 2343 uiri

119 2357 194 2429 quod
210 2357 247 2407 iis
263 2373 310 2424 pro
327 2356 372 2405 tis
391 2357 498 2425 scripsit.
515 2356 604 2406 Recte.
621 2357 661 2421 Ὺ.
675 2355 740 2405 Adn.

118 2467 240 2509 tractans
257 2455 328 2507 novis
337 2455 459 2524 exemplis
466 2455 570 2505 ulterius
584 2473 648 2523 per-
732 2455 803 2521 inde)
822 2454 881 2505 Scit.
897 2473 928 2505 ex
947 2455 1196 2512 hacconsuetudine

120 2524 240 2592 sequitur
248 2533 275 2574 et
290 2523 411 2572 illustret.
420 2523 511 2589 (usque
520 2523 552 2572 ad
561 2525 584 2591 §.
591 2523 648 2588 42.)
681 2521 878 2575 exercitationis.

119 2596 218 2659 Itaque
245 2589 342 2649 verbis:
378 2590 432 2639 Sed
454 2591 487 2639 de
509 2603 648 2640 coirsuetu-
730 2593 774 2648 41.
805 2590 957 2641 consulatus
986 2593 1034 2642 itte
1060 2595 1193 2664 antiquus)

120 2660 192 2711 dine
205 2687 236 2697 -
253 2659 403 2735 sapientia,
429 2657 492 2707 nihil
514 2657 583 2707 aliud
606 2657 647 2707 vi-
681 2656 825 2707 Sententia:
852 2658 940 2724 quibus
961 2658 1068 2711 victoria
1089 2662 1116 2712 in
1129 2662 1195 2713 ludia

120 2728 204 2778 detur
225 2726 350 2785 voluisse,
377 2724 425 2774 nisi
448 2735 491 2784 nt,
515 2742 589 2791 quam
605 2724 647 2774 la·
681 2723 813 2792 olympicis
825 2736 956 2792 reportata
967 2725 1050 2776 honor
1062 2729 1196 2782 videbatur

120 2802 264 2862 tepateret
278 2792 434 2849 consuetudo
451 2790 646 2853 exercitationis,
681 2809 735 2842 esse
751 2801 853 2854 tantus,
889 2803 979 2843 uantus
996 2812 1011 2843 a
1030 2796 1064 2845 ud
1088 2799 1195 2849 maiorer

123 2868 298 2930 quantamque
315 2859 367 2908 vim
386 2858 431 2907 illa
446 2859 551 2908 haberet
570 2869 646 2927 atque
681 2869 782 2909 nostros
804 2875 865 2907 cons
895 2870 959 2910 atus.
1006 2813 1105 2913 dornel.
1129 2867 1195 2933 Nep.

124 2926 308 2979 efficacitatem
328 2925 362 2976 ad
383 2925 486 2975 dolores
508 2935 533 2974 et
545 2925 646 2976 labores
680 2926 762 2976 Praef.
777 2928 798 2994 ᾗ.
812 2931 836 2982 5.
851 2926 949 2991 magnis
965 2927 992 2977 in
1013 2927 1195 2983 laudibuatota

124 2993 306 3065 perferendos,
316 2992 511 3043 demonstraret.
586 3036 591 3042 .
680 2993 730 3072 fuit
748 2992 874 3071 praecia,
914 2993 1038 3045 victorem
1065 2996 1196 3067 Olympiae

179 3092 510 3160 matemautensem,
526 3093 646 3144 attrecta
682 3070 835 3177 mam„

289 3161 317 3173 ..
488 3161 504 3210 d
557 3161 589 3211 Ἥ.
631 3191 647 3200 .
835 3128 1196 3200 )Dominue(h2e.posses-

124 3172 218 3215 ΝΟΜ
231 3164 356 3223 Davum&
373 3178 426 3210 ”⁰¹²
444 3179 486 3212 ¹¹¹⁰
506 3178 521 3211 ⁰
541 3180 564 3214 ⁶¹
581 3179 630 3228 ¹3⁰
679 3194 731 3262 ror)
749 3194 919 3261 gladiatorum
927 3197 1019 3247 dicitur
1027 3199 1137 3263 lanista,
1155 3201 1197 3268 qui

128 3249 177 3281 ¹¹⁰⁸
195 3239 273 3297 atque
289 3228 377 3295 ⁰⁰Pi³¹
402 3245 487 3283 lerum
504 3229 580 3279 ‘llam
595 3229 647 3279 ¹¹⁰*
681 3279 725 3312 eos
748 3272 828 3312 artem
853 3280 979 3314 armorum
1011 3265 1130 3316 docebat.
1165 3269 1195 3317 V.

127 3315 188 3358 Μ’
207 3296 296 3374 qlllbm
310 3295 405 3346 victum
421 3306 557 3374 mmerlmt’
574 3306 647 3374 llam
680 3328 789 3379 Schuetz
807 3329 885 3380 ludio.
902 3332 988 3381 Latin.
1005 3350 1025 3387 a.
1041 3351 1066 3382 v.
1082 3333 1197 3402 gladia-

128 3373 304 3483 praescrrpta:
334 3363 402 3413 unde
426 3380 530 3430 propere
555 3363 647 3443 dicetur
680 3409 730 3447 m·
764 3397 852 3447 Funke

147 3430 280 3510 eathletis
297 3428 501 3498 oc’votynotpotyr'o.
538 3433 646 3480 Ommno
731 3465 757 3513 si
780 3464 849 3514 wis
875 3464 919 3514 his
956 3465 1043 3532 (immo
1063 3467 1109 3533 iis)
1141 3463 1197 3536 fa·

128 3516 224 3575 passm
239 3499 308 3566 aPUd
320 3509 420 3565 viteres
433 3497 647 3549 athletarum&
682 3543 751 3583 ctum
764 3532 870 3597 nonsit)
888 3534 920 3582 tt.
940 3549 962 3582 e.
978 3533 1018 3594 „si
1038 3533 1099 3583 satis
1116 3534 1197 3583 fortes

127 3575 224 3618 mmm
240 3576 353 3616 matur·
388 3652 393 3661 ,
471 3649 477 3661 ‚
544 3649 550 3660 ,
682 3608 710 3649 et
724 3598 877 3676 epercitatos
891 3615 946 3678 sese
962 3616 1014 3678 non
1026 3601 1197 3678 praebuerint,

180 3651 270 3700 Iovem
286 3650 443 3729 olympam»)
468 3666 495 3699 ¹¹¹
511 3667 581 3699 ⁰¹¹¹¹¹³
597 3647 650 3726 ἦθ’,
683 3666 843 3716 dommorum
868 3684 882 3715 e
915 3666 1014 3718 rudrcto'
1038 3668 1148 3718 libenter
1170 3687 1197 3719 se

128 3734 220 3797 ¹3⁰er
240 3716 295 3766 ludl
317 3717 360 3784 ‘1¹¹i
382 3717 501 3768 d¹⁰u¹¹²¹¹f
518 3718 649 3787 Olymlml
683 3733 848 3784 morituros.“
881 3733 918 3783 uti
945 3733 1056 3802 explicat
1082 3736 1197 3787 Orellius.

131 3785 338 3835 ¹¹¹⁸t¹t¹¹flb³¹¹l¹¹r·
683 3803 742 3852 Ern.
761 3818 782 3850 c.
799 3801 868 3867 vulg.
885 3819 937 3851 non
954 3802 1052 3866 omisit,
1086 3814 1114 3854 ut
1136 3823 1198 3855 sen-

181 3869 235 3934 urz)
248 3867 353 3918 Neidius
359 3869 478 3937 supplet:
497 3869 563 3920 solis
577 3869 651 3918 colo·
684 3867 764 3918 tentia
779 3867 812 3916 sit
825 3867 904 3917 haec:
919 3869 1074 3933 „dummodo
1089 3873 1198 3923 dominis

131 3954 177 3986 re:
205 3952 270 4004 quae
291 3936 469 4004 interpretatio
491 3937 613 3987 abhorret
635 3954 650 3986 a
684 3934 836 3985 fortitudine
850 3953 894 3986 sua
915 3937 1084 3990 satisfecerint
1092 3946 1118 4000 ,“
1135 3951 1197 3991 cett.

130 4002 237 4069 linguae
252 4003 348 4053 latinae
373 4002 485 4070 ingenio.
520 4007 586 4053 Nam
606 4005 651 4053 uri
726 4001 973 4074 ferrumreeipere)
989 4007 1198 4058 Formulainhac

130 4071 259 4132 dicuntur,
278 4070 321 4138 qui
336 4069 429 4135 frigore
444 4082 575 4122 vexantur.
608 4072 650 4121 Sic
683 4088 711 4120 re
728 4070 842 4150 propria.
877 4073 989 4153 Populus
1009 4075 1076 4124 enirn
1096 4074 1198 4140 glodia-

130 4138 221 4189 luatin.
244 4141 276 4189 11.
296 4144 329 4200 2,
345 4141 371 4194 9·
407 4141 563 4205 Quamquam
585 4156 650 4190 oon·
683 4149 743 4202 ton,
760 4138 804 4207 qui
820 4139 992 4203 deeubmaset,
1010 4159 1086 4208 quum
1100 4139 1198 4190 veniam

130 4205 211 4258 tinuis
224 4205 361 4273 frigoribus
376 4215 488 4256 ematur.
520 4215 527 4233 ³
683 4205 745 4258 dare
753 4206 844 4281 nollet,
862 4208 1009 4259 exclamans
1017 4207 1211 4277 reciperetuin,

866 3398 1120 3449 Realeclmllexileon
1134 3419 1154 3450 s.
1171 3418 1195 3449 r.
1289 3424 1292 3431 ¹
