2640 4626
539 246 726 301 uranum.
743 251 787 307 rs
1131 240 1196 306 219

120 364 245 439 malum
267 364 350 438 illud
374 364 545 465 opinionis
570 392 659 452 esse,
683 392 753 437 non
778 383 924 440 naturae.
974 377 1032 445 32.
1057 366 1193 442 sienim

119 468 158 541 in
179 495 219 542 re
242 475 378 556 esset&
404 495 464 541 cur
487 466 604 541 herent
629 467 762 568 provisa
786 466 931 541 leviora?
956 467 1025 542 Sed
1043 485 1109 557 cst,
1133 469 1193 543 iis-

121 571 200 644 dem
216 569 258 645 de
275 570 375 644 rebus
390 569 483 669 quod
498 569 566 643 dici
580 571 690 669 possit
702 570 875 659 subtilius,
901 571 929 643 si
948 571 1042 671 prius
1056 572 1192 671 Epicuri

120 672 318 746 sententiam
348 671 551 747 viderimus:
577 672 636 771 qni
675 688 805 760 censet,
830 700 964 746 necesse
989 701 1061 747 esse
1083 675 1192 748 omnis

118 775 158 848 iu
175 774 381 874 aegritudine
397 801 479 861 esse,
498 773 556 873 qui
575 801 610 847 se
627 774 662 846 in
679 774 776 847 malis
793 803 864 849 esse
881 776 1099 863 arbitrentnr;
1124 777 1193 852 sive

119 876 179 951 illa
203 892 278 951 ante
308 876 442 977 provisa
469 893 501 951 et
523 893 709 976 exspectata
732 877 817 964 sint,
843 878 910 951 sive
934 877 1193 953 inveteraverint.

119 1007 201 1053 nam
223 1007 331 1078 neque
355 994 513 1053 vetustate
530 979 636 1051 minui
655 978 760 1067 mala,
784 1008 846 1052 nec
865 979 937 1053 fieri
956 982 1194 1080 praemeditata

119 1081 263 1170 leviora3
289 1079 491 1182 stultamque
509 1082 608 1156 etiam
631 1109 703 1154 esse
720 1083 969 1155 meditationem
986 1083 1089 1155 futuri
1104 1083 1193 1171 mali,

120 1201 178 1259 aut
202 1185 342 1258 fortasse
357 1212 399 1258 ne
419 1184 523 1257 futuri
539 1183 689 1284 quidem:
715 1183 796 1256 satis
812 1212 883 1257 esse
898 1184 1051 1258 odiosum
1070 1184 1193 1259 malum

122 1315 240 1376 omne,
265 1315 368 1387 quum
399 1287 557 1360 venisset:
584 1286 641 1385 qui
675 1302 783 1359 autem
818 1315 949 1386 semper
974 1288 1193 1385 cogitavisset,

121 1388 275 1464 accidere
294 1416 394 1489 posse
411 1389 537 1488 aliquid
554 1388 699 1476 adversi,
725 1389 755 1461 ei
770 1386 841 1461 fieri
859 1388 940 1461 illud
955 1391 1192 1489 sempiternum

120 1492 262 1567 malum:
289 1492 318 1565 si
337 1516 421 1565 vero'
443 1519 486 1564 ne
513 1490 659 1564 futurum
683 1490 818 1589 quidem
833 1491 896 1578 sit,
921 1491 1041 1564 fnrstra
1064 1493 1191 1592 suscipi

119 1594 288 1669 miseriam
309 1593 544 1666 voluntariam:
569 1593 616 1666 ita
638 1620 770 1693 semper
792 1594 886 1693 angi,
911 1610 967 1666 aut
995 1594 1191 1694 accipiendo
1238 1639 1241 1645 ,

121 1714 180 1770 aut
198 1696 376 1795 cogitando
395 1695 491 1768 malo.

223 1809 281 1879 33.
306 1798 525 1871 Levationem
535 1814 645 1889 autem
661 1796 878 1895 aegritudinis
894 1797 930 1870 in
946 1796 1077 1872 duabus
1091 1798 1191 1873 rebus

119 1901 235 2002 ponit,
260 1901 451 1974 avocatione
484 1929 503 1972 a
532 1899 706 1999 cogitanda
731 1900 956 1988 molestia‚‘et
983 1901 1193 1976 revocatione

121 2005 165 2078 ad
176 2002 448 2103 contemplandas
458 2001 649 2102 voluptates.
675 2030 792 2102 parere
812 2003 899 2075 eninr
917 2019 1027 2076 censet
1044 2003 1191 2076 animum

118 2106 243 2181 rationi
268 2133 386 2206 posse,
413 2121 465 2191 ct,
491 2133 557 2204 quo
579 2103 635 2177 illa
650 2103 765 2203 ducat,
792 2105 893 2203 sequi.
918 2121 1004 2178 vetat
1024 2105 1125 2202 igitur
1138 2134 1192 2178 ra-

119 2210 199 2285 tio⁸
229 2208 348 2283 intueri
375 2206 559 2294 molestias;
586 2207 746 2278 abstrahit
772 2207 813 2278 ab
833 2208 961 2280 acerbis
984 2207 1192 2307 cogitationi-

119 2311 205 2402 bus3
230 2310 364 2386 hebetat
382 2310 486 2384 aciem
505 2320 520 2359 1
542 2309 584 2399 ad
602 2308 752 2412 miserias
770 2309 1055 2411 contemplandas:
1082 2341 1100 2384 a
1118 2312 1190 2411 qui-

189 2489 339 2575 anan.
373 2478 523 2573 svau
559 2514 626 2570 1v.
642 2513 707 2564 au.

172 2637 216 2691 32.
240 2632 267 2682 si
289 2631 359 2682 enim
382 2630 412 2681 in
433 2647 465 2681 rs
488 2630 570 2697 esset)
598 2628 641 2681 Sic
673 2631 743 2692 bito,
768 2644 797 2681 tu
817 2633 879 2700 quid
893 2650 933 2684 res
952 2650 1057 2685 onsurus
1073 2632 1115 2685 sis.
1150 2634 1190 2686 Gt.

121 2705 326 2817 Oreumflpaene
346 2716 448 2760 omnes,
473 2699 547 2748 Beru.
564 2698 637 2748 Leid.
672 2698 709 2749 ibi
723 2699 788 2749 Adn.
812 2652 1191 2753 numismatorum

121 2767 230 2820 Oliv.L
256 2766 274 2816 l.
314 2766 404 2818 Lectio
425 2764 541 2831 vulgata,
565 2783 641 2834 qnam
673 2769 696 2837 §
708 2770 764 2825 197·
781 2784 806 2833 p·
816 2771 874 2826 630.
883 2786 922 2836 sq.
936 2779 1015 2820 etnos
1029 2769 1062 2820 ad
1076 2770 1140 2831 tta,
1149 2774 1190 2829 12.

120 2833 287 2887 etErnestius
297 2833 410 2897 retinuit,
428 2833 661 2889 exhiberemus,
723 2852 831 2885 necesse
854 2854 912 2886 esse
931 2862 964 2876 —
987 2855 1046 2887 esse
1066 2865 1099 2876 -
1122 2837 1190 2904 esse)

120 2903 186 2954 eod.
200 2902 293 2953 Elisus.
315 2904 346 2953 11.
372 2901 497 2970 praefert:
522 2902 548 2951 si
570 2900 642 2953 erum
673 2906 741 2953 Esse
757 2913 797 2954 ter
807 2904 942 2970 repetitum
958 2905 1048 2971 exiguo
1064 2904 1196 2963 interval-,-

119 2970 148 3022 in
173 2988 202 3021 re
231 2969 299 3020 mala
330 2982 433 3021 essent:
468 2986 531 3036 quae
560 2968 639 3021 lectio
673 2970 709 3021 lo.
745 2971 783 3018 Cf.
799 2971 929 3023 Adnotatu
944 2973 971 3023 in
989 2991 1011 3022 c.
1027 2976 1074 3033 13,
1090 2976 1132 3031 28.

120 3049 211 3107 aperte
226 3037 416 3116 interpolatoris
433 3054 534 3087 manum
549 3037 640 3103 arguit.
723 3039 782 3087 sive
805 3068 839 3077 —
864 3041 936 3108 sive)
962 3042 993 3092 V.
1011 3040 1141 3092 Adnotatu
1164 3039 1191 3090 in

120 3104 251 3158 Bentleius
279 3104 329 3155 arbi
357 3104 482 3172 persuasit
505 3104 640 3169 legendum
675 3123 688 3155 c
714 3109 746 3165 6,
765 3109 805 3162 12.
1212 3110 1216 3118 '

120 3191 177 3225 esse
191 3173 243 3223 sic:
267 3173 396 3241 simulque
412 3172 501 3222 iudico
515 3171 582 3221 mala
596 3171 641 3221 illa
724 3177 766 3230 33.
791 3187 864 3224 vetat
884 3177 971 3244 igitur
990 3177 1074 3242 rusie)
1102 3175 1191 3236 Mirer,

120 3241 257 3311 opinionis
277 3258 351 3301 esse,
385 3257 438 3290 non
461 3252 588 3296 nutura&
616 3239 641 3289 si
671 3240 824 3306 interpretes
845 3241 954 3293 haesisse
976 3243 1004 3294 in
1026 3261 1089 3294 voce
1112 3244 1191 3293 ratio.

120 3309 243 3360 enimin
265 3327 296 3358 re
317 3321 406 3359 essent
422 3317 484 3358 cett.
518 3309 553 3357 At
568 3306 641 3356 unice
673 3310 820 3359 Sermonem
843 3310 908 3359 euim
925 3321 1017 3376 putant
1034 3311 1066 3360 de
1082 3310 1191 3377 Epicuro

120 3394 181 3428 vera
196 3375 384 3441 iudicandaast
400 3375 477 3425 lectio
493 3386 577 3437 esset,
594 3391 642 3424 nec
675 3393 743 3436 esse,
761 3393 813 3425 non
828 3377 860 3425 de
874 3376 982 3427 ratione.
1013 3380 1096 3438 Quare
1111 3374 1192 3426 Davi-

119 3443 298 3495 haesitandum
309 3444 337 3494 iu
349 3442 470 3510 singulari
484 3455 562 3502 esset,
579 3441 642 3491 suh·
674 3443 725 3492 sius
748 3461 803 3492 earn
820 3444 894 3510 plane
914 3444 999 3494 delere
1016 3444 1084 3494 vult:
1111 3445 1191 3492 Bent-

119 3521 244 3580 sequeote
263 3511 355 3580 plurali
371 3511 483 3576 fierent.
517 3509 641 3559 Nimirum
673 3510 738 3559 leius
753 3510 779 3558 in
797 3511 850 3560 eius
864 3511 951 3562 locum
972 3511 1072 3561 suffecit
1091 3527 1191 3577 prono-

120 3598 171 3632 vox
183 3579 297 3650 provisa
310 3577 459 3628 substantivi
473 3577 541 3626 vices
562 3575 641 3626 susti·
674 3594 732 3626 meu
750 3594 813 3639 nos,
840 3587 870 3628 ut
889 3579 922 3628 sit
942 3591 1016 3629 vetat
1037 3579 1122 3648 igitur
1144 3595 1192 3627 nes

118 3657 181 3708 net,
199 3656 229 3697 ut
240 3647 274 3696 sit
287 3664 320 3696 ea
334 3663 401 3714 quae
411 3646 524 3714 provisa
538 3655 642 3699 essenus
673 3645 789 3697 inmari:
807 3646 935 3696 Ernestius
952 3664 1006 3697 eam
1022 3645 1120 3696 uncinis
1134 3644 1192 3696 ein-

119 3715 199 3766 {aeile
232 3721 315 3763 autem
343 3712 500 3779 cogitatione
529 3709 642 3778 suppleri
674 3712 720 3762 sit.
755 3714 791 3763 At
806 3713 933 3780 insignem
956 3726 1067 3765 errorem
1089 3730 1184 3763 errave·

118 3791 208 3850 potest
231 3781 317 3838 malm
345 3780 414 3847 quod
438 3797 530 3830 nomen
553 3777 594 3828 vel
614 3777 642 3827 iu
674 3790 734 3830 runt
757 3778 805 3830 viri
824 3776 904 3833 docti.
924 3776 1064 3834 'Nimirum
1087 3797 1140 3830 noa
1160 3780 1192 3830 de

118 3850 252 3901 abeuacto
269 3848 368 3898 mulum
383 3847 452 3898 illud
469 3847 540 3897 lutet.
674 3847 790 3898 universa
812 3850 910 3901 ratione
933 3850 984 3901 hoe
1008 3850 1067 3900 loeo
1092 3847 1192 3908 dicitur,
1271 3873 1273 3878 ·

171 3916 269 3967 iisdem
293 3916 327 3966 de
350 3914 427 3966 rebus
451 3915 533 3986 qaod)
560 3917 642 3981 Saepe
676 3914 720 3966 sed
736 3916 768 3967 de
783 3918 883 3985 Epicuri
896 3919 1005 3979 ratione,
1021 3917 1047 3968 h.
1062 3935 1084 3966 e.
1101 3915 1134 3966 de
1148 3934 1193 3965 ra-

119 4001 263 4054 ·pronomen
278 3983 426 4045 relativum,
451 3984 521 4050 quod
537 3982 642 4050 primam
675 3983 761 4043 tione,
779 3985 860 4049 qualis
874 3997 913 4036 ast
927 4004 958 4037 ex
973 3984 1076 4055 Epicutu'
1087 3993 1193 4034 senteu-

119 4052 250 4103 enuuciati
271 4052 356 4101 sedem
381 4061 468 4102 tenera
493 4051 574 4112 solet,
599 4049 643 4100 uui
675 4050 720 4100 tia.
745 4051 867 4119 Epicurus
882 4054 948 4105 euim
965 4054 1090 4114 docebat,
1107 4049 1193 4099 homi-

120 4119 163 4169 vel
178 4119 291 4187 pluribus
308 4118 421 4180 vocibus,
438 4137 503 4188 quae
519 4136 575 4169 oum
586 4135 643 4169 mu-
676 4135 729 4181 nes,
748 4119 813 4170 duee
828 4131 916 4173 natura
930 4139 949 4172 s.
964 4123 1079 4180 ratione,
1097 4117 1194 4167 abhor-

121 4187 172 4238 iori
205 4188 230 4238 vi
255 4186 340 4238 efferri
364 4186 474 4250 debent,
506 4185 644 4255 postponi·
676 4203 734 4237 rere
757 4204 773 4238 a
797 4188 872 4239 rebus
899 4189 1012 4240 molestis
1038 4183 1193 4252 acerbaque,

122 4265 174 4307 tur.
208 4254 445 4317 StcinsraV.19‚
462 4255 503 4315 54.
527 4271 580 4309 non
594 4253 644 4304 du-
678 4255 770 4305 sectari
784 4265 811 4306 et
826 4256 1111 4323 expetarevoluptatea·
