2640 4626
641 788 684 837 IN

291 940 308 965 .
360 902 437 987 n
467 904 635 966 roten
666 908 933 973 c1csnonrs

149 1076 153 1081 ·
192 1006 645 1142 rosemansnnn
674 1058 1135 1155 nlsrorsnonun
1163 992 1179 1054 ⁵

444 1213 448 1229 ’
516 1254 806 1322 nmmommm

382 1388 407 1411 ’“
447 1388 873 1487 PROLEGOMENA.
938 1503 941 1510 .

242 1629 266 1687 I.
310 1631 359 1686 De
381 1633 524 1688 ranive'rsa
540 1631 742 1712 philosophia
763 1637 850 1715 apud
871 1639 1027 1700 Romanoa
1041 1639 1079 1721 ¹).

209 1762 420 1843 Philosophiae
435 1764 570 1824 studium
585 1768 666 1851 apud
677 1770 827 1844 Romanos
843 1762 896 1832 diu
912 1776 1080 1854 neglectum
1092 1775 1194 1835 iacuit.

122 1865 243 1927 Etenim
261 1886 332 1944 gens
351 1886 491 1943 romana,
521 1870 667 1948 oprimis
678 1872 809 1933 civitatis
828 1875 923 1935 initiis
940 1876 1091 1936 continuis
1107 1877 1196 1937 bellis

98 1971 102 1979 ⁴
124 1979 288 2048 occupata,
317 1968 360 2032 ita
379 1968 521 2056 instituta
538 1981 597 2048 est,
627 1983 663 2032 ut
684 1996 801 2034 omnem
821 1976 942 2036 laudem
960 1978 1145 2056 gloriamque
1161 1978 1196 2036 in
1212 1979 1218 1991 '

121 2094 155 2131 re
175 2071 300 2130 militari
319 2070 508 2148 civitatisque
528 2072 785 2140 administratione
804 2079 975 2139 collocaret.
1020 2078 1104 2152 Quae
1125 2079 1195 2157 qus·-

122 2175 192 2234 dem
214 2177 264 2233 via
277 2173 406 2253 posteris
421 2192 541 2250 quoque
554 2172 740 2256 temporibus
759 2179 798 2238 ad
812 2200 958 2241 summam
973 2180 1007 2239 in
1023 2200 1056 2238 re
1071 2180 1196 2259 publica

122 2275 334 2335 auctoritatem
362 2272 585 2353 adipiscendam
613 2279 704 2338 unica
732 2291 796 2340 erat
825 2292 914 2361 atque
943 2281 1109 2342 certissima
1134 2281 1194 2340 via.

121 2379 242 2438 Primus
265 2395 440 2454 graecarum
460 2376 667 2439 doctrinarum
689 2382 910 2460 sapientiaeque
932 2402 1015 2441 amor
1032 2383 1067 2440 in
1082 2383 1195 2441 Roma-

121 2500 234 2540 norum
249 2460 520 2567 animis-'effloruit,
536 2498 629 2572 quum
641 2481 833 2575 ..eebe
850 2484 899 2542 illi
913 2483 1039 2558 Graeci,
1062 2483 1194 2541 Carnea-

123 2582 175 2642 des
183 2627 191 2657 ,
215 2580 365 2641 Critolaus
383 2589 415 2642 ct
427 2574 588 2657 Diogenes,
600 2572 702 2661 'primi
716 2572 769 2661 qui
778 2572 895 2647 ¹Romae
907 2585 1108 2644 innotuerunt
1121 2569 1195 2662 plli-

121 2682 260 2763 losophi,
291 2683 328 2741 ab
348 2679 581 2741 Atheniensibus
597 2684 722 2743 Romam
742 2687 929 2745 missisunt·
977 2687 1019 2745 At
1041 2685 1195 2744 enimvero

122 2788 164 2845 M.
181 2787 213 2846 P.
230 2786 321 2860 Cato,
343 2803 465 2843 severus
479 2783 533 2842 ille
548 2804 654 2861 senex,
676 2787 821 2865 pristinae
835 2789 1039 2847 Romanorum
1055 2785 1195 2865 discipli-

120 2909 179 2948 nae
196 2886 381 2961 innutritus,
402 2893 555 2961 metuens,
577 2887 776 2948 ne-iuventus
795 2889 936 2966 flagranti
953 2889 1008 2948 illo
1025 2886 1195 2947 litterarum
1290 2923 1293 2928 -

122 2989 266 3050 ardores
286 2988 394 3048 veteris
414 2987 594 3065 disciplinae
612 2990 786 3066 severitate,
810 3010 900 3068 quam
918 2989 1058 3049 militaris
1072 2989 1116 3048 rei
1132 3009 1193 3068 pu·
1257 3051 1261 3057 ,

120 3092 219 3152 blicae
241 3089 375 3151 conditio
391 3089 563 3183 pecessasio
581 3090 765 3167 requireret,
788 3091 1017 3168 degenerarent,
1039 3099 1084 3165 et,
1105 3108 1194 3166 grae-

122 3194 227 3253 canica
240 3191 345 3251 infecti
360 3190 513 3266 doctrina,
536 3190 650 3268 ingenii
662 3180 755 3269 magis
771 3192 883 3268 cultui,
908 3206 998 3277 quam
1010 3190 1101 3250 rebus
1114 3200 1194 3250 stre·
1281 3238 1285 3243 .

96 3296 192 3355 -nuis
214 3314 336 3374 operam
359 3291 481 3367 darent,
504 3291 618 3368 effecit,
646 3304 683 3352 ut
703 3294 793 3371 legati
818 3314 890 3351 mox
913 3292 1036 3351 domum
1057 3291 1194 3352 remitte-

119 3407 236 3459 rentur.
341 3418 344 3422 ’

204 3498 311 3557 Postea
328 3514 421 3568 sero,
442 3513 568 3554 romano
588 3494 716 3573 imperio
735 3494 825 3572 longe
843 3494 963 3572 lateque
980 3501 1145 3573 propagato
1164 3502 1195 3553 et

120 3597 272 3674 stabilito,
300 3598 448 3692 ingentes·
461 3614 531 3675 opes
554 3605 585 3655 et
609 3616 678 3655 cum
698 3597 736 3655 iis
758 3597 882 3655 luxuria
905 3617 940 3655 ac
963 3591 1205 3673 magnificentia,

190 3767 214 3834 1)
240 3766 311 3828 Quae
324 3763 353 3815 in
368 3761 408 3813 his
422 3761 611 3830 prolegomenis
624 3760 652 3813 in
668 3760 796 3813 studiosae
812 3760 949 3812 iuventutis
967 3762 1074 3828 gratiam
1091 3779 1106 3811 a
1120 3760 1195 3811 nobis

137 3833 223 3885 rolata
244 3842 317 3897 sunt,
344 3847 441 3883 summa
460 3829 583 3897 quaedam
605 3828 677 3897 quasi
698 3829 784 3898 capita
805 3847 892 3880 eorum
912 3831 1059 3894 continent,
1085 3828 1196 3898 quaein

118 3853 186 3953 iano
201 3916 256 3952 rem
271 3899 372 3951 uberius
385 3897 569 3965 disputavimus
584 3896 612 3947 in
625 3896 707 3961 libro,
725 3897 769 3964 qui
782 3896 938 3948 inscribitur:
963 3899 1003 3947 M.
1020 3898 1103 3948 Tullii
1117 3897 1194 3947 Cice-

118 3971 196 4022 ronis
210 3970 242 4020 in
253 3966 572 4038 philosophiomeiusque
604 4029 606 4032 y
621 3977 676 4015 raes
689 3967 793 4016 merito.
825 3966 1013 4015 commentatio
1025 3985 1056 4015 re
1076 3967 1102 4015 io
1110 3981 1196 4035 praef

119 4040 173 4088 nsio
187 4047 294 4088 ornata.
327 4033 480 4105 Homburgi
494 4034 573 4084 serrati
632 4033 901 4084 FriderieiPertlses.
916 4033 1058 4083 MDGGCX
1087 4035 1128 4094 V„
1145 4031 1195 4081 ad-

118 4105 181 4156 ditis
202 4102 346 4169 nonnullis,
388 4120 436 4154 uae
453 4101 486 4152 ad
503 4102 649 4154 interiorem
663 4101 862 4154 Tusculanarum
875 4101 1079 4170 Disputationum
1095 4098 1194 4150 intelli·
1297 4096 1300 4106 '

118 4172 233 4240 gentiam
249 4171 334 4223 facem
349 4120 503 4224 riderentur.
646 4170 655 4180 ''
960 4242 979 4304 1
