2640 4626
535 212 797 267 rsomconrm.
1075 173 1078 177 ⁴
1180 207 1201 273 5
1288 195 1311 242 -'

127 333 301 393 Stoicorum
319 333 452 411 vestigiis
473 334 632 410 institisss3
666 336 751 394 nulla
769 336 849 396 enim
870 337 1007 409 firmaiu
1025 347 1109 411 eaet
1126 357 1214 407 con·,

124 436 231 494 iuncta
253 445 377 495 namrae
399 446 561 516 praecepta
582 437 664 499 tradi
686 458 774 516 posse
796 440 916 514 statuit,
944 439 1008 500 nisi
1024 448 1078 498 aut
1096 439 1133 496 ab
1154 419 1211 517 iis„

125 538 180 615 qui
194 537 305 614 solam,
328 547 382 596 aut
396 538 433 596 ab
448 537 501 614 iis,
512 539 577 616 .qui
589 539 718 600 maxime
732 538 919 602 honestatem
931 550 1060 621 propte-r.
1071 541 1201 603 sedice-

124 649 194 698 rent
211 639 425 719 expetendam,
447 639 469 698 i.
487 661 511 699 e.
530 650 589 700 aut.
599 662 618 698 a
631 641 756 717 Stoicis,
779 652 834 701 aut
845 644 884 702 ab
897 642 1084 704 Academicis
1100 653 1129 702 et
1143 642 1212 723 Peg

124 741 309 820 ripatetieis:
341 761 415 819 quas
434 750 496 800 tres
518 741 692 821 disciplinas
711 743 745 802 in
764 742 824 803 hoc
843 743 1054 825 philosophiae
1077 744 1146 820 loco
1168 760 1208 825 re¹

123 842 311 919 consentire,
332 843 507 902 nominibus
529 834 700 924 discrepare
721 845 848 906 dicebat.

209 945 306 1004 Stoici
325 943 558 1024 philosophiam
575 947 720 1008 moralem
739 947 962 1010 distribuerunt
977 948 1010 1006 in
1031 936 1212 1021 doctrinam,

124 1046 162 1106 de
186 1048 277 1107 rebus
300 1046 406 1122 bonis,
438 1047 525 1106 malis
548 1049 858 1125 etiudifferentibus,
891 1050 928 1109 de
948 1049 1131 1123 virtutibus,
1162 1045 1210 1117 da,

71 1174 73 1181 ’
123 1148 218 1207 animi
232 1148 522 1227 perturbationibus,
546 1158 575 1207 et
591 1149 627 1208 de
642 1151 758 1209 officiis.
798 1151 917 1229 Duplex
932 1160 1032 1211 autem
1048 1161 1112 1210 erat
1125 1147 1199 1228 phi-

122 1249 300 1328 losophiam
320 1249 464 1309 moralem
474 1251 642 1311 ‘tractandi
667 1252 763 1326 ratio;
796 1261 925 1330 utraque
949 1262 1052 1314 tamen
1075 1250 1208 1331 eandem,

123 1350 183 1410 sibi
199 1352 365 1411 subiectam
381 1350 513 1411 habebat
528 1353 691 1412 materiam.
735 1352 839 1412 Altera
857 1354 936 1413 ratio
959 1364 1034 1414 erat.
1044 1349 1198 1427 δογματικὴ

123 1472 178 1511 seu
198 1457 376 1530 θεωρητικὴ,
392 1453 622 1514 fundamentum
634 1455 728 1516 totius
742 1454 952 1534 philosophiae
966 1456 1100 1540 moralis,
1122 1471 1200 1531 quae

121 1554 156 1612 in
180 1552 348 1614 scrutanda
364 1563 474 1615 natura
495 1565 615 1617 morum
637 1566 672 1616 et⁴
691 1554 823 1635 origine,
862 1557 1090 1636 aperiendisque
1113 1552 1198 1628 iusti,

121 1656 213 1730 boni,
243 1655 332 1732 aequi
352 1656 487 1718 fontibus
505 1667 653 1717 uersatur.
696 1658 773 1721 Huc.
785 1658 1107 1739 pertinent-‚Ciceronis
1123 1652 1198 1723 libri

122 1757 159 1816 de
170 1757 297 1815 Finibus
308 1757 465 1817 Bonorum
478 1768 508 1817 et
519 1759 679 1822 Malorum.
716 1761 821 1823 Altera
831 1761 919 1836 aratio,
927 1770 991 1821 erat
1005 1757 1197 1832 παραινετικὴ,

121 1879 217 1936 eaque
230 1857 389 1937 popularis
411 1869 441 1919 et
458 1861 497 1920 ad
513 1881 702 1923 communem
716 1862 950 1939 intelligentiam
963 1855 1196 1930 accommodasss

121 1981 213 2039 quam
230 1959 335 2019 Cicero
355 1961 388 2020 in
407 1960 494 2020 libris
513 1961 550 2022 de
568 1963 700 2040 officiis,
727 1965 762 2022 in
778 1964 958 2023 Tusculanis
974 1955 1195 2040 Disputationi·

120 2064 178 2121 bus
201 2061 328 2139 aliisque
352 2062 439 2121 libris
464 2074 608 2141 sequutus
634 2074 687 2124 est.
740 2067 789 2125 Ea
806 2075 968 2145 praecepta
989 2064 1057 2137 dat,
1085 2059 1195 2138 quibus

119 2185 220 2224 mores
241 2163 433 2244 corrigantur
459 2172 490 2223 et
518 2165 714 2242 ordinentur,
746 2176 776 2226 et
802 2167 836 2230 'm
863 2188 965 2230 omnes
993 2173 1094 2246 partes
1121 2177 1195 2219 usus

117 2266 202 2326 sitae
224 2265 406 2327 conformari
424 2265 530 2344 possit.

323 2503 381 2564 W.
425 2507 475 2562 De
503 2505 686 2564 heculans's
707 2504 990 2584 Disputationibus.

206 2635 318 2717 Scripti
341 2646 413 2697 sunt
437 2639 570 2716 quinque
593 2639 667 2699 libri
688 2639 929 2701 Tusculanarum
948 2616 1193 2717 Disputationum

119 2739 302 2814 turbulento*
315 2739 369 2798 illo
388 2749 540 2818 tempore,
570 2760 663 2819 quum
679 2762 726 2801 res
742 2742 867 2823 publica
886 2740 967 2801 ballo
987 2736 1071 2798 civili
1085 2733 1194 2825 misere

120 2842 304 2918 vexabatur,
334 2850 366 2901 et
387 2841 508 2918 Cicero,
538 2844 714 2903 muneribus
736 2845 874 2918 orbatus,
902 2853 932 2902 et
955 2840 1013 2900 sibi
1035 2848 1065 2898 et
1083 2833 1193 2896 litteris

118 2936 253 3005 vivebat.
295 2944 320 3003 Ε
337 2943 481 3022 temporis
500 2944 597 3020 notis,
620 2965 695 3023 quae
714 2966 784 3004 sane
799 2945 912 3005 multae
926 2943 960 3002 in
975 2941 1024 3000 h‘is
1040 2939 1113 3020 ipsis
1127 2938 1193 2997 Tu-

120 3045 252 3106 sculanis
265 3037 413 3125 entant,
442 3045 680 3105 luculentissime
703 3056 842 3126 apparet,
871 3066 919 3105 eas
938 3065 1016 3103 anno
1033 3036 1192 3102 DCCVIII.

119 3150 158 3208 U.
171 3169 196 3206 c.
211 3145 378 3223 inchoatas,
401 3133 577 3226 easdemque
589 3147 661 3207 anni
670 3147 799 3208 DCClX.
813 3147 900 3206 initio
914 3145 1067 3205 absolutas
1080 3160 1142 3201 esse
1153 3135 1191 3218 ¹).

205 3248 355 3328 Aperiunt
377 3257 475 3308 autem
495 3248 530 3307 hi
552 3249 625 3311 libri
644 3270 693 3309 res
716 3249 755 3308 ad
776 3250 863 3308 beate
879 3247 1049 3309 vivendum
1063 3242 1193 3302 maxime

112 3349 328 3424 necessarias,¹¹
347 3349 463 3430 primus
485 3350 565 3410 enim
589 3361 634 3412 est
651 3353 688 3412 de
704 3349 925 3430 contemnenda
941 3356 1052 3407 morte:
1081 3361 1192 3403 secun-

120 3452 180 3511 dus
212 3453 249 3511 de
277 3451 436 3511 tolerando
468 3451 589 3512 dolore:
622 3454 659 3512 de
688 3451 875 3530 aegritudine
903 3439 1043 3508 lenienda
1067 3444 1191 3504 tertius:

120 3564 250 3633 quartus
270 3552 307 3612 de
323 3553 448 3633 reliquis
473 3554 564 3613 animi
584 3553 879 3634 perturbationibus:
907 3550 1031 3628 quintus
1053 3567 1122 3607 eum
1141 3544 1193 3604 lo·

120 3677 192 3716 cum
209 3655 385 3734 complexus
402 3665 465 3731 est,
484 3637 646 3734 qui'totam
660 3653 886 3734 philosophiam
898 3651 1028 3732 maxime
1042 3638 1192 3723 illustrat,

198 3822 223 3888 ll
240 3822 273 3874 V.
283 3820 387 3872 Scbiitz.
397 3822 498 3887 Proleg.
514 3819 550 3870 in·
565 3821 668 3872 Tuscul.
679 3822 792 3889 Dispntt.
808 3840 837 3889 pe
853 3826 878 3879 3.
896 3837 934 3900 sq.
951 3849 985 3860 -
1018 3820 1058 3868 Dc
1071 3815 1193 3867 librorum
1236 3830 1239 3835 ’

119 3889 198 3940 titulo
213 3889 358 3957 discrepant
375 3888 454 3939 Codd.
467 3891 538 3938 MSS.
572 3889 637 3953 atii,
654 3899 683 3940 nt
694 3891 773 3957 neg„
789 3889 1017 3968 praestantissimus
1033 3885 1127 3956 codex,
1146 3898 1193 3945 sr-

74 3965 77 3969 ’
118 3957 224 4008 hibent:
252 3957 311 4007 libri
332 3956 442 4024 quinque
462 3955 663 4007 Tusculanarum
684 3961 883 4021 Quaestionum,
909 3955 964 4005 alii:
990 3952 1049 4004 libri
1063 3969 1088 4020 q.
1115 3951 1192 4000 Tusc.

120 4026 175 4077 Dis
210 4025 354 4075 sationum:
431 4022 542 4076 alsatio
562 4025 672 4091 genuina
693 4025 819 4081 censenda
841 4024 954 4085 nidmur,
980 4019 1057 4101 quum
1071 4021 1121 4071 hoc
1137 4017 1193 4084 ipso

119 4092 154 4143 tit
183 4110 199 4143 ο
212 4091 312 4143 bilibri
326 4103 353 4142 et
368 4041 469 4160 abnipso
480 4092 602 4144 Cicerone
617 4093 764 4161 (utTuscul.
776 4092 808 4145 V.
824 4111 847 4143 c.
856 4096 882 4150 2.
898 4092 929 4141 de
937 4090 1021 4140 Divm.
1033 4091 1065 4138 II.
1080 4100 1193 4156 prooem.

120 4161 156 4211 de
172 4161 239 4210 Fato
259 4177 282 4209 c.
295 4165 320 4216 2.
339 4160 371 4209 ad
385 4160 463 4210 Attis.
476 4161 535 4213 XV.
550 4167 575 4220 2.
586 4161 622 4229 4.)
639 4161 743 4228 aliisque
760 4159 923 4228 scriptoribus
936 4157 1079 4209 laudentur.
1095 4155 1126 4206 V.
1139 4154 1195 4202 Da-

121 4227 200 4278 visius
216 4227 250 4278 ad
270 4227 372 4279 Tuscul.
389 4227 498 4296 princip.
