2640 4626
406 1091 504 1151 v1a0
527 1092 779 1166 cnamssnw,

229 1243 649 1351 LUDOLPHO
686 1239 965 1351 DISSEN

536 1448 561 1494 S.
580 1445 608 1495 P.
629 1447 660 1494 D.
852 1468 865 1495 ο

380 1565 591 1653 saeuam
616 1565 811 1653 sunum.

158 1833 361 1906 Recordanti
384 1833 467 1906 mihi
482 1834 759 1909 iucundissimum
775 1835 858 1908 illud
872 1852 1013 1936 tempus,
1040 1838 1132 1938 quod

57 1998 120 2068 ego
137 1987 211 2042 ante
226 1997 352 2069 paucos
369 1998 475 2042 annos
486 1971 675 2069 Gottingae,
693 1972 858 2045 bonarum
874 1975 993 2045 artium
1008 1973 1133 2047 doetri-

56 2133 240 2205 uarumque
255 2106 401 2193 nutrice,
428 2106 636 2205 antiquarum
650 2106 832 2181 litterarum
851 2108 971 2180 studiis
990 2108 1132 2196 deditus,

56 2242 222 2339 transegi,
248 2270 349 2341 quum
367 2242 431 2314 alia
445 2241 548 2314 multa
562 2261 756 2331 occurrunt,
783 2272 866 2343 quae
890 2244 1035 2316 animum
1057 2272 1132 2317 sua-

56 2377 192 2450 vissime
213 2376 369 2467 afficiant,
393 2395 463 2450 tum
479 2377 656 2471 singularis
674 2394 740 2466 tua,
766 2379 1047 2478 praestantissime
1073 2380 1133 2467 vir,

58 2512 290 2586 benevolentia
319 2541 394 2611 erga
416 2541 469 2586 me
494 2529 591 2613 atque
615 2514 818 2588 humanitas:
853 2542 992 2613 quarum
1029 2543 1069 2587 ex
1093 2542 1132 2586 eo

56 2666 227 2749 tempore,
252 2678 319 2748 quo
347 2649 543 2722 curriculum
568 2650 792 2724 academicum
811 2649 980 2748 ingressus
995 2649 1133 2737 sueram,

55 2801 107 2857 tot
130 2801 197 2858 tam
222 2785 387 2859 luculenta
409 2786 602 2858 exstiterunt
628 2787 842 2874 documenta,
868 2804 904 2857 ut
927 2784 1131 2858 incredibilis

10 2982 21 3009 ¹..
56 2898 195 3020 quiilam
211 2938 243 2994 et
258 2921 306 2993 tui
324 2949 435 3008 amor,
462 2938 493 2994 et
509 2938 640 2994 tuarum
664 2922 821 2994 virtutum
837 2921 1012 2995 admiratio
1031 2922 1065 2993 in
1080 2949 1132 2994 me

10 3042 18 3059 ’
58 3056 262 3131 excitaretur.
312 3056 443 3129 Etenim
468 3074 502 3128 tu
525 3058 554 3129 is
576 3057 689 3144 fuisti,
715 3057 772 3157 qui
798 3085 866 3129 uon
891 3057 998 3129 solum
1017 3085 1133 3129 eorum

58 3194 245 3307 studiorum
271 3221 356 3292 quae
377 3193 549 3292 praeclaro
576 3193 789 3265 humanitatis
813 3193 949 3265 nomine
973 3208 1132 3264 ornantur

27 3324 32 3337 ⁸
59 3329 328 3404 ardentissimum
354 3328 438 3400 mihi
477 3357 623 3402 amorem
651 3328 873 3429 inspiravisti,
899 3328 941 3400 ad
974 3355 1076 3426 eaque
1101 3341 1133 3398 et

57 3482 146 3540 recte
170 3464 387 3563 ingredienda
415 3479 447 3535 et
471 3465 614 3561 graviter
635 3464 863 3564 persequenda
881 3462 986 3536 sacam
1001 3478 1133 3562 praetu-

20 3694 24 3703 .
57 3601 143 3691 listi,
165 3602 226 3676 sed
244 3574 341 3674 etiam
359 3600 395 3672 in
411 3615 479 3672 tota
496 3600 682 3673 studiorum
696 3600 824 3672 ratione
839 3599 933 3671 rudis
953 3615 984 3672 et
1006 3597 1132 3671 indocti

35 3778 38 3785 ,
58 3737 187 3812 iuvenis
200 3765 352 3836 gressum
369 3735 492 3808 rexisti.
533 3738 629 3824 Nam,
650 3753 686 3806 ut
705 3736 851 3807 omittam
868 3735 1019 3835 publicas
1035 3734 1133 3807 seho-

57 3877 126 3962 las,
153 3873 277 3973 quibus
302 3871 518 3945 humanitatis
539 3871 750 3972 disciplinam
767 3872 944 3960 iuventuti,
968 3872 1134 3944 bonarum

56 4009 242 4084 litterarum
266 4007 453 4097 studiosae,
478 4008 602 4098 tradis,
627 4036 711 4107 quae
740 4024 864 4080 norunt
893 4035 1008 4082 omnes
1035 4032 1133 4106 quam

902 4148 918 4186 ss
